<?xml version="1.0" encoding="UTF-8"?>
<!DOCTYPE html PUBLIC "-//W3C//DTD XHTML 1.0 Transitional//EN"
    "http://www.w3.org/TR/xhtml1/DTD/xhtml1-transitional.dtd">
<html xmlns="http://www.w3.org/1999/xhtml" xml:lang="en" lang="en">
 <head>
  <title>
</title>
<meta http-equiv="Content-Type" content="text/html;charset=utf-8" />
  <meta name='ocr-system' content='tesseract 3.04.00' />
  <meta name='ocr-capabilities' content='ocr_page ocr_carea ocr_par ocr_line ocrx_word'/>
</head>
<body>
  <div class='ocr_page' id='page_1' title='image "./emendationesliv01madvgoog_0309.png"; bbox 0 0 3060 5272; ppageno 0'>
   <div class='ocr_carea' id='block_1_1' title="bbox 235 273 849 347">
    <p class='ocr_par' dir='ltr' id='par_1_1' title="bbox 235 273 849 347">
     <span class='ocr_line' id='line_1_1' title="bbox 235 273 849 347; baseline -0.007 0"><span class='ocrx_word' id='word_1_1' title='bbox 235 289 403 347; x_wconf 56' lang='lat' dir='ltr'>meum</span> <span class='ocrx_word' id='word_1_2' title='bbox 786 273 849 335; x_wconf 84' lang='lat'>300</span> 
     </span>
    </p>
   </div>
   <div class='ocr_carea' id='block_1_2' title="bbox 235 431 1498 1625">
    <p class='ocr_par' dir='ltr' id='par_1_2' title="bbox 235 431 1498 1625">
     <span class='ocr_line' id='line_1_2' title="bbox 236 431 1498 541; baseline -0.004 -12"><span class='ocrx_word' id='word_1_3' title='bbox 236 471 306 529; x_wconf 89' lang='lat' dir='ltr'>tum</span> <span class='ocrx_word' id='word_1_4' title='bbox 329 460 512 540; x_wconf 88' lang='lat' dir='ltr'>estindc‚</span> <span class='ocrx_word' id='word_1_5' title='bbox 546 466 617 524; x_wconf 94' lang='lat' dir='ltr'>tum</span> <span class='ocrx_word' id='word_1_6' title='bbox 646 457 795 523; x_wconf 89' lang='lat' dir='ltr'>additum</span> <span class='ocrx_word' id='word_1_7' title='bbox 816 459 926 541; x_wconf 90' lang='lat' dir='ltr'>ipsum</span> <span class='ocrx_word' id='word_1_8' title='bbox 948 456 1079 537; x_wconf 89' lang='lat' dir='ltr'>uidet;</span> <span class='ocrx_word' id='word_1_9' title='bbox 1122 455 1249 537; x_wconf 82' lang='lat' dir='ltr'>XXIII,</span> <span class='ocrx_word' id='word_1_10' title='bbox 1283 461 1320 538; x_wconf 86' lang='grc'>9,</span> <span class='ocrx_word' id='word_1_11' title='bbox 1355 462 1395 524; x_wconf 93' lang='grc'>11</span> <span class='ocrx_word' id='word_1_12' title='bbox 1490 431 1498 445; x_wconf 46' lang='grc'><strong>’</strong></span> 
     </span>
     <span class='ocr_line' id='line_1_3' title="bbox 237 563 1397 657; baseline -0.004 -20"><span class='ocrx_word' id='word_1_13' title='bbox 237 593 337 657; x_wconf 92' lang='lat' dir='ltr'>quum</span> <span class='ocrx_word' id='word_1_14' title='bbox 366 567 576 636; x_wconf 89' lang='lat' dir='ltr'>scribendum</span> <span class='ocrx_word' id='word_1_15' title='bbox 611 573 698 632; x_wconf 89' lang='lat' dir='ltr'>esset</span> <span class='ocrx_word' id='word_1_16' title='bbox 726 565 979 631; x_wconf 85' lang='lat' dir='ltr'>delectionis</span> <span class='ocrx_word' id='word_1_17' title='bbox 1008 563 1057 629; x_wconf 89' lang='lat' dir='ltr'>ab</span> <span class='ocrx_word' id='word_1_18' title='bbox 1085 565 1294 646; x_wconf 87' lang='lat' dir='ltr'>Romanis,</span> <span class='ocrx_word' id='word_1_19' title='bbox 1326 566 1397 650; x_wconf 86' lang='lat' dir='ltr'>pri·</span> 
     </span>
     <span class='ocr_line' id='line_1_4' title="bbox 235 671 1396 763; baseline -0.005 -18"><span class='ocrx_word' id='word_1_20' title='bbox 235 699 325 745; x_wconf 90' lang='lat' dir='ltr'>mum</span> <span class='ocrx_word' id='word_1_21' title='bbox 353 679 497 763; x_wconf 89' lang='lat' dir='ltr'>positum</span> <span class='ocrx_word' id='word_1_22' title='bbox 524 683 576 741; x_wconf 91' lang='lat' dir='ltr'>est</span> <span class='ocrx_word' id='word_1_23' title='bbox 605 674 838 740; x_wconf 86' lang='lat' dir='ltr'>delectione</span> <span class='ocrx_word' id='word_1_24' title='bbox 868 672 926 753; x_wconf 83' lang='lat' dir='ltr'>(ob</span> <span class='ocrx_word' id='word_1_25' title='bbox 950 693 1034 738; x_wconf 91' lang='lat' dir='ltr'>cum</span> <span class='ocrx_word' id='word_1_26' title='bbox 1056 673 1141 738; x_wconf 90' lang='lat' dir='ltr'>male</span> <span class='ocrx_word' id='word_1_27' title='bbox 1163 671 1396 758; x_wconf 82' lang='lat' dir='ltr'>intellectum),</span> 
     </span>
     <span class='ocr_line' id='line_1_5' title="bbox 237 781 1396 859; baseline -0.003 -7"><span class='ocrx_word' id='word_1_28' title='bbox 237 786 355 853; x_wconf 93' lang='lat' dir='ltr'>deinde</span> <span class='ocrx_word' id='word_1_29' title='bbox 388 787 423 850; x_wconf 92' lang='lat' dir='ltr'>in</span> <span class='ocrx_word' id='word_1_30' title='bbox 455 783 608 850; x_wconf 82' lang='lat' dir='ltr'>addendo</span> <span class='ocrx_word' id='word_1_31' title='bbox 641 783 705 848; x_wconf 86' lang='lat' dir='ltr'>nis</span> <span class='ocrx_word' id='word_1_32' title='bbox 734 783 782 847; x_wconf 88' lang='lat' dir='ltr'>sie</span> <span class='ocrx_word' id='word_1_33' title='bbox 810 781 1016 859; x_wconf 86' lang='lat' dir='ltr'>aberratum,</span> <span class='ocrx_word' id='word_1_34' title='bbox 1049 787 1088 846; x_wconf 92' lang='lat' dir='ltr'>ut</span> <span class='ocrx_word' id='word_1_35' title='bbox 1109 787 1303 847; x_wconf 81' lang='lat' dir='ltr'>nasceretur</span> <span class='ocrx_word' id='word_1_36' title='bbox 1324 782 1396 848; x_wconf 87' lang='lat' dir='ltr'>de·</span> 
     </span>
     <span class='ocr_line' id='line_1_6' title="bbox 236 888 1397 973; baseline -0.003 -14"><span class='ocrx_word' id='word_1_37' title='bbox 236 892 615 961; x_wconf 86' lang='lat' dir='ltr'>lectioneiniseaab</span> <span class='ocrx_word' id='word_1_38' title='bbox 638 892 677 957; x_wconf 87' lang='lat' dir='ltr'>R.</span> <span class='ocrx_word' id='word_1_39' title='bbox 733 891 840 973; x_wconf 81' lang='lat' dir='ltr'>Atque</span> <span class='ocrx_word' id='word_1_40' title='bbox 869 889 939 954; x_wconf 84' lang='lat' dir='ltr'>haee</span> <span class='ocrx_word' id='word_1_41' title='bbox 968 910 1033 954; x_wconf 92' lang='lat' dir='ltr'>non</span> <span class='ocrx_word' id='word_1_42' title='bbox 1056 890 1092 954; x_wconf 89' lang='lat' dir='ltr'>in</span> <span class='ocrx_word' id='word_1_43' title='bbox 1113 888 1139 954; x_wconf 94' lang='lat' dir='ltr'><strong>P</strong></span> <span class='ocrx_word' id='word_1_44' title='bbox 1162 895 1239 956; x_wconf 87' lang='lat' dir='ltr'>orta</span> <span class='ocrx_word' id='word_1_45' title='bbox 1259 888 1397 972; x_wconf 79' lang='lat' dir='ltr'>(saltem</span> 
     </span>
     <span class='ocr_line' id='line_1_7' title="bbox 235 996 1396 1082; baseline -0.004 -13"><span class='ocrx_word' id='word_1_46' title='bbox 235 1024 302 1071; x_wconf 96' lang='lat' dir='ltr'>non</span> <span class='ocrx_word' id='word_1_47' title='bbox 331 999 470 1082; x_wconf 86' lang='lat' dir='ltr'>omnia),</span> <span class='ocrx_word' id='word_1_48' title='bbox 505 999 564 1066; x_wconf 89' lang='lat' dir='ltr'>sed</span> <span class='ocrx_word' id='word_1_49' title='bbox 592 1001 626 1065; x_wconf 95' lang='lat' dir='ltr'>in</span> <span class='ocrx_word' id='word_1_50' title='bbox 656 999 843 1081; x_wconf 81' lang='lat' dir='ltr'>antiquiore</span> <span class='ocrx_word' id='word_1_51' title='bbox 867 997 997 1078; x_wconf 89' lang='lat' dir='ltr'>codiee,</span> <span class='ocrx_word' id='word_1_52' title='bbox 1032 997 1276 1081; x_wconf 89' lang='lat' dir='ltr'>apertissimum</span> <span class='ocrx_word' id='word_1_53' title='bbox 1296 996 1338 1064; x_wconf 86' lang='lat' dir='ltr'>tit</span> <span class='ocrx_word' id='word_1_54' title='bbox 1358 1000 1396 1064; x_wconf 91' lang='lat' dir='ltr'>in</span> 
     </span>
     <span class='ocr_line' id='line_1_8' title="bbox 235 1103 1396 1188; baseline -0.003 -12"><span class='ocrx_word' id='word_1_55' title='bbox 235 1112 334 1176; x_wconf 89' lang='lat' dir='ltr'>huius</span> <span class='ocrx_word' id='word_1_56' title='bbox 362 1110 440 1175; x_wconf 89' lang='lat' dir='ltr'>libri</span> <span class='ocrx_word' id='word_1_57' title='bbox 468 1129 495 1174; x_wconf 89' lang='lat' dir='ltr'>c.</span> <span class='ocrx_word' id='word_1_58' title='bbox 519 1114 576 1188; x_wconf 81' lang='lat'>41,</span> <span class='ocrx_word' id='word_1_59' title='bbox 605 1114 643 1188; x_wconf 77' lang='lat'>73</span> <span class='ocrx_word' id='word_1_60' title='bbox 676 1107 723 1172; x_wconf 92' lang='lat' dir='ltr'>ibi</span> <span class='ocrx_word' id='word_1_61' title='bbox 760 1108 847 1172; x_wconf 91' lang='lat' dir='ltr'>enim</span> <span class='ocrx_word' id='word_1_62' title='bbox 875 1127 916 1171; x_wconf 89' lang='lat' dir='ltr'>ex</span> <span class='ocrx_word' id='word_1_63' title='bbox 944 1104 1117 1170; x_wconf 90' lang='lat' dir='ltr'>mediam</span> <span class='ocrx_word' id='word_1_64' title='bbox 1144 1103 1269 1171; x_wconf 83' lang='lat' dir='ltr'>factum</span> <span class='ocrx_word' id='word_1_65' title='bbox 1297 1105 1396 1172; x_wconf 87' lang='lat' dir='ltr'>aber·</span> 
     </span>
     <span class='ocr_line' id='line_1_9' title="bbox 237 1213 1395 1300; baseline -0.003 -16"><span class='ocrx_word' id='word_1_66' title='bbox 237 1218 341 1286; x_wconf 85' lang='lat' dir='ltr'>rando</span> <span class='ocrx_word' id='word_1_67' title='bbox 376 1225 410 1283; x_wconf 89' lang='lat' dir='ltr'>et</span> <span class='ocrx_word' id='word_1_68' title='bbox 443 1217 640 1300; x_wconf 80' lang='lat' dir='ltr'>corrigendo</span> <span class='ocrx_word' id='word_1_69' title='bbox 678 1215 935 1294; x_wconf 89' lang='lat' dir='ltr'>mediumam;</span> <span class='ocrx_word' id='word_1_70' title='bbox 977 1213 1095 1279; x_wconf 87' lang='lat' dir='ltr'>deinde</span> <span class='ocrx_word' id='word_1_71' title='bbox 1136 1234 1240 1280; x_wconf 82' lang='lat' dir='ltr'>novus</span> <span class='ocrx_word' id='word_1_72' title='bbox 1272 1214 1395 1295; x_wconf 79' lang='lat' dir='ltr'>scriba,</span> 
     </span>
     <span class='ocr_line' id='line_1_10' title="bbox 237 1320 1398 1410; baseline -0.003 -17"><span class='ocrx_word' id='word_1_73' title='bbox 237 1348 337 1410; x_wconf 92' lang='lat' dir='ltr'>quum</span> <span class='ocrx_word' id='word_1_74' title='bbox 359 1348 425 1391; x_wconf 94' lang='lat' dir='ltr'>non</span> <span class='ocrx_word' id='word_1_75' title='bbox 447 1325 596 1404; x_wconf 88' lang='lat' dir='ltr'>haberet,</span> <span class='ocrx_word' id='word_1_76' title='bbox 618 1324 697 1406; x_wconf 92' lang='lat' dir='ltr'>quid</span> <span class='ocrx_word' id='word_1_77' title='bbox 720 1322 847 1407; x_wconf 82' lang='lat' dir='ltr'>syllaba</span> <span class='ocrx_word' id='word_1_78' title='bbox 870 1342 929 1386; x_wconf 93' lang='lat' dir='ltr'>am</span> <span class='ocrx_word' id='word_1_79' title='bbox 951 1322 1086 1401; x_wconf 85' lang='lat' dir='ltr'>faceret,</span> <span class='ocrx_word' id='word_1_80' title='bbox 1110 1320 1228 1402; x_wconf 86' lang='lat' dir='ltr'>effecit,</span> <span class='ocrx_word' id='word_1_81' title='bbox 1250 1323 1340 1404; x_wconf 88' lang='lat' dir='ltr'>quod</span> <span class='ocrx_word' id='word_1_82' title='bbox 1360 1324 1398 1390; x_wconf 90' lang='lat' dir='ltr'>in</span> 
     </span>
     <span class='ocr_line' id='line_1_11' title="bbox 237 1429 1396 1515; baseline -0.003 -14"><span class='ocrx_word' id='word_1_83' title='bbox 237 1436 262 1500; x_wconf 96' lang='lat' dir='ltr'>P</span> <span class='ocrx_word' id='word_1_84' title='bbox 287 1442 353 1514; x_wconf 88' lang='lat' dir='ltr'>est,</span> <span class='ocrx_word' id='word_1_85' title='bbox 381 1433 552 1499; x_wconf 92' lang='lat' dir='ltr'>medium</span> <span class='ocrx_word' id='word_1_86' title='bbox 580 1452 748 1511; x_wconf 86' lang='lat' dir='ltr'>amnem,</span> <span class='ocrx_word' id='word_1_87' title='bbox 778 1453 817 1495; x_wconf 84' lang='lat' dir='ltr'>ex</span> <span class='ocrx_word' id='word_1_88' title='bbox 840 1452 905 1515; x_wconf 92' lang='lat' dir='ltr'>quo</span> <span class='ocrx_word' id='word_1_89' title='bbox 927 1432 962 1494; x_wconf 92' lang='lat' dir='ltr'>in</span> <span class='ocrx_word' id='word_1_90' title='bbox 986 1429 1010 1494; x_wconf 84' lang='lat' dir='ltr'>C</span> <span class='ocrx_word' id='word_1_91' title='bbox 1033 1451 1055 1495; x_wconf 91' lang='lat' dir='ltr'>a</span> <span class='ocrx_word' id='word_1_92' title='bbox 1076 1450 1177 1495; x_wconf 89' lang='lat' dir='ltr'>manu</span> <span class='ocrx_word' id='word_1_93' title='bbox 1198 1450 1279 1510; x_wconf 83' lang='lat' dir='ltr'>sce,</span> <span class='ocrx_word' id='word_1_94' title='bbox 1301 1431 1338 1497; x_wconf 91' lang='lat' dir='ltr'>in</span> <span class='ocrx_word' id='word_1_95' title='bbox 1358 1430 1396 1496; x_wconf 80' lang='lat' dir='ltr'>M</span> 
     </span>
     <span class='ocr_line' id='line_1_12' title="bbox 237 1537 1398 1625; baseline -0.003 -17"><span class='ocrx_word' id='word_1_96' title='bbox 237 1544 376 1625; x_wconf 90' lang='lat' dir='ltr'>aliisque</span> <span class='ocrx_word' id='word_1_97' title='bbox 409 1542 535 1607; x_wconf 86' lang='lat' dir='ltr'>laetum</span> <span class='ocrx_word' id='word_1_98' title='bbox 567 1539 739 1604; x_wconf 88' lang='lat' dir='ltr'>medium</span> <span class='ocrx_word' id='word_1_99' title='bbox 768 1559 919 1620; x_wconf 84' lang='lat' dir='ltr'><strong>agmen.</strong></span> <span class='ocrx_word' id='word_1_100' title='bbox 975 1537 1062 1602; x_wconf 93' lang='lat' dir='ltr'>Illud</span> <span class='ocrx_word' id='word_1_101' title='bbox 1097 1539 1231 1617; x_wconf 77' lang='lat' dir='ltr'>mIrum,</span> <span class='ocrx_word' id='word_1_102' title='bbox 1266 1560 1333 1605; x_wconf 94' lang='lat' dir='ltr'>uno</span> <span class='ocrx_word' id='word_1_103' title='bbox 1361 1545 1398 1605; x_wconf 87' lang='lat' dir='ltr'>et</span> 
     </span>
    </p>
   </div>
   <div class='ocr_carea' id='block_1_3' title="bbox 237 1634 1482 2274">
    <p class='ocr_par' dir='ltr' id='par_1_3' title="bbox 237 1634 1482 2274">
     <span class='ocr_line' id='line_1_13' title="bbox 238 1634 1482 1730; baseline -0.002 -16"><span class='ocrx_word' id='word_1_104' title='bbox 238 1650 343 1714; x_wconf 88' lang='lat' dir='ltr'>altero</span> <span class='ocrx_word' id='word_1_105' title='bbox 377 1648 450 1713; x_wconf 90' lang='lat' dir='ltr'>loco</span> <span class='ocrx_word' id='word_1_106' title='bbox 479 1654 579 1712; x_wconf 86' lang='lat' dir='ltr'>rectae</span> <span class='ocrx_word' id='word_1_107' title='bbox 608 1646 743 1730; x_wconf 82' lang='lat' dir='ltr'>syllabae</span> <span class='ocrx_word' id='word_1_108' title='bbox 771 1647 993 1730; x_wconf 73' lang='lat' dir='ltr'>postpositam</span> <span class='ocrx_word' id='word_1_109' title='bbox 1021 1667 1170 1728; x_wconf 87' lang='lat' dir='ltr'>pravam,</span> <span class='ocrx_word' id='word_1_110' title='bbox 1203 1653 1242 1712; x_wconf 90' lang='lat' dir='ltr'>ut</span> <span class='ocrx_word' id='word_1_111' title='bbox 1270 1648 1305 1712; x_wconf 91' lang='lat' dir='ltr'>in</span> <span class='ocrx_word' id='word_1_112' title='bbox 1332 1646 1396 1714; x_wconf 91' lang='lat' dir='ltr'>hoc</span> <span class='ocrx_word' id='word_1_113' title='bbox 1479 1634 1482 1639; x_wconf 41' lang='lat'>¹</span> 
     </span>
     <span class='ocr_line' id='line_1_14' title="bbox 237 1752 1395 1838; baseline -0.001 -16"><span class='ocrx_word' id='word_1_114' title='bbox 237 1757 322 1823; x_wconf 91' lang='lat' dir='ltr'>libro</span> <span class='ocrx_word' id='word_1_115' title='bbox 347 1777 374 1821; x_wconf 90' lang='lat' dir='ltr'>e.</span> <span class='ocrx_word' id='word_1_116' title='bbox 399 1760 456 1834; x_wconf 82' lang='lat'>35,</span> <span class='ocrx_word' id='word_1_117' title='bbox 485 1761 507 1825; x_wconf 72' lang='lat' dir='ltr'>l</span> <span class='ocrx_word' id='word_1_118' title='bbox 528 1756 630 1820; x_wconf 91' lang='lat' dir='ltr'>isius</span> <span class='ocrx_word' id='word_1_119' title='bbox 653 1777 713 1838; x_wconf 89' lang='lat' dir='ltr'>pro</span> <span class='ocrx_word' id='word_1_120' title='bbox 736 1755 771 1819; x_wconf 90' lang='lat' dir='ltr'>is</span> <span class='ocrx_word' id='word_1_121' title='bbox 796 1762 828 1819; x_wconf 89' lang='lat' dir='ltr'>et</span> <span class='ocrx_word' id='word_1_122' title='bbox 850 1754 966 1833; x_wconf 84' lang='lat' dir='ltr'>XXIV,</span> <span class='ocrx_word' id='word_1_123' title='bbox 998 1758 1046 1831; x_wconf 83' lang='lat'>16,</span> <span class='ocrx_word' id='word_1_124' title='bbox 1077 1757 1095 1817; x_wconf 91' lang='lat'>3</span> <span class='ocrx_word' id='word_1_125' title='bbox 1119 1752 1257 1838; x_wconf 81' lang='lat' dir='ltr'>(pugna)</span> <span class='ocrx_word' id='word_1_126' title='bbox 1280 1756 1395 1821; x_wconf 88' lang='lat' dir='ltr'>inex·</span> 
     </span>
     <span class='ocr_line' id='line_1_15' title="bbox 238 1861 1395 1950; baseline -0.001 -19"><span class='ocrx_word' id='word_1_127' title='bbox 238 1865 422 1950; x_wconf 89' lang='lat' dir='ltr'>peditior</span> <span class='ocrx_word' id='word_1_128' title='bbox 443 1886 504 1948; x_wconf 91' lang='lat' dir='ltr'>pro</span> <span class='ocrx_word' id='word_1_129' title='bbox 528 1864 777 1946; x_wconf 84' lang='lat' dir='ltr'>impeditior,</span> <span class='ocrx_word' id='word_1_130' title='bbox 800 1862 890 1946; x_wconf 91' lang='lat' dir='ltr'>quod</span> <span class='ocrx_word' id='word_1_131' title='bbox 910 1861 1062 1927; x_wconf 82' lang='lat' dir='ltr'>vocabuli</span> <span class='ocrx_word' id='word_1_132' title='bbox 1084 1869 1267 1928; x_wconf 90' lang='lat' dir='ltr'>monstrum</span> <span class='ocrx_word' id='word_1_133' title='bbox 1289 1863 1395 1930; x_wconf 87' lang='lat' dir='ltr'>Weis-</span> 
     </span>
     <span class='ocr_line' id='line_1_16' title="bbox 239 1969 1394 2055; baseline -0.004 -14"><span class='ocrx_word' id='word_1_134' title='bbox 239 1974 434 2041; x_wconf 89' lang='lat' dir='ltr'>senbornius</span> <span class='ocrx_word' id='word_1_135' title='bbox 463 1972 600 2037; x_wconf 89' lang='lat' dir='ltr'>retinuit</span> <span class='ocrx_word' id='word_1_136' title='bbox 623 1973 892 2055; x_wconf 87' lang='lat' dir='ltr'>comparavitque</span> <span class='ocrx_word' id='word_1_137' title='bbox 916 1991 990 2034; x_wconf 92' lang='lat' dir='ltr'>cum</span> <span class='ocrx_word' id='word_1_138' title='bbox 1013 1991 1067 2049; x_wconf 87' lang='lat' dir='ltr'>eo,</span> <span class='ocrx_word' id='word_1_139' title='bbox 1096 1969 1185 2054; x_wconf 94' lang='lat' dir='ltr'>quod</span> <span class='ocrx_word' id='word_1_140' title='bbox 1207 1980 1258 2036; x_wconf 91' lang='lat' dir='ltr'>est</span> <span class='ocrx_word' id='word_1_141' title='bbox 1279 1973 1394 2038; x_wconf 83' lang='lat' dir='ltr'>inex·</span> 
     </span>
     <span class='ocr_line' id='line_1_17' title="bbox 238 2077 1393 2167; baseline -0.003 -18"><span class='ocrx_word' id='word_1_142' title='bbox 238 2081 500 2167; x_wconf 86' lang='lat' dir='ltr'>superabilis.</span> <span class='ocrx_word' id='word_1_143' title='bbox 546 2079 901 2164; x_wconf 84' lang='lat' dir='ltr'>(lnexsuperabile</span> <span class='ocrx_word' id='word_1_144' title='bbox 924 2077 1062 2158; x_wconf 88' lang='lat' dir='ltr'>dieitur,</span> <span class='ocrx_word' id='word_1_145' title='bbox 1086 2078 1186 2162; x_wconf 87' lang='lat' dir='ltr'>quod,</span> <span class='ocrx_word' id='word_1_146' title='bbox 1216 2100 1393 2164; x_wconf 84' lang='lat' dir='ltr'>exsupe-</span> 
     </span>
     <span class='ocr_line' id='line_1_18' title="bbox 239 2187 1394 2274; baseline -0.004 -17"><span class='ocrx_word' id='word_1_147' title='bbox 239 2192 323 2257; x_wconf 89' lang='lat' dir='ltr'>rari</span> <span class='ocrx_word' id='word_1_148' title='bbox 356 2191 480 2274; x_wconf 86' lang='lat' dir='ltr'>nequit,</span> <span class='ocrx_word' id='word_1_149' title='bbox 509 2210 530 2253; x_wconf 92' lang='lat' dir='ltr'>a</span> <span class='ocrx_word' id='word_1_150' title='bbox 551 2188 652 2253; x_wconf 84' lang='lat' dir='ltr'>verbo</span> <span class='ocrx_word' id='word_1_151' title='bbox 683 2188 879 2270; x_wconf 89' lang='lat' dir='ltr'>composito,</span> <span class='ocrx_word' id='word_1_152' title='bbox 914 2206 1023 2268; x_wconf 86' lang='lat' dir='ltr'>pugna</span> <span class='ocrx_word' id='word_1_153' title='bbox 1051 2187 1246 2269; x_wconf 88' lang='lat' dir='ltr'>expedita</span> <span class='ocrx_word' id='word_1_154' title='bbox 1274 2193 1308 2253; x_wconf 92' lang='lat' dir='ltr'>et</span> <span class='ocrx_word' id='word_1_155' title='bbox 1328 2189 1394 2252; x_wconf 94' lang='lat' dir='ltr'>im·</span> 
     </span>
    </p>
   </div>
   <div class='ocr_carea' id='block_1_4' title="bbox 154 2316 1397 4097">
    <p class='ocr_par' dir='ltr' id='par_1_4' title="bbox 154 2316 1397 4097">
     <span class='ocr_line' id='line_1_19' title="bbox 240 2316 1397 2469; baseline -0.003 -50"><span class='ocrx_word' id='word_1_156' title='bbox 240 2355 379 2438; x_wconf 85' lang='lat' dir='ltr'>pedite</span> <span class='ocrx_word' id='word_1_157' title='bbox 401 2361 459 2433; x_wconf 86' lang='lat' dir='ltr'>est,</span> <span class='ocrx_word' id='word_1_158' title='bbox 482 2375 547 2418; x_wconf 94' lang='lat' dir='ltr'>non</span> <span class='ocrx_word' id='word_1_159' title='bbox 571 2349 811 2435; x_wconf 84' lang='lat' dir='ltr'>expeditur.)</span> <span class='ocrx_word' id='word_1_160' title='bbox 848 2351 966 2416; x_wconf 87' lang='lat' dir='ltr'>Fuitne</span> <span class='ocrx_word' id='word_1_161' title='bbox 986 2351 1019 2415; x_wconf 91' lang='lat' dir='ltr'>in</span> <span class='ocrx_word' id='word_1_162' title='bbox 1038 2350 1217 2435; x_wconf 84' lang='lat' dir='ltr'>archetypo</span> <span class='ocrx_word' id='word_1_163' title='bbox 1242 2316 1306 2469; x_wconf 48' lang='lat' dir='ltr'>ig</span> <span class='ocrx_word' id='word_1_164' title='bbox 1329 2317 1397 2469; x_wconf 46' lang='lat'>23?</span> 
     </span>
     <span class='ocr_line' id='line_1_20' title="bbox 154 2511 1397 2596; baseline -0.002 -16"><span class='ocrx_word' id='word_1_165' title='bbox 154 2511 262 2594; x_wconf 76' lang='lat'>(246)§</span> <span class='ocrx_word' id='word_1_166' title='bbox 289 2518 326 2576; x_wconf 76' lang='lat'>12</span> <span class='ocrx_word' id='word_1_167' title='bbox 349 2534 484 2595; x_wconf 90' lang='lat' dir='ltr'>prorsus</span> <span class='ocrx_word' id='word_1_168' title='bbox 511 2512 668 2576; x_wconf 86' lang='lat' dir='ltr'>inusitate</span> <span class='ocrx_word' id='word_1_169' title='bbox 698 2518 732 2574; x_wconf 90' lang='lat' dir='ltr'>et</span> <span class='ocrx_word' id='word_1_170' title='bbox 760 2511 875 2574; x_wconf 86' lang='lat' dir='ltr'>vitiose</span> <span class='ocrx_word' id='word_1_171' title='bbox 898 2511 1033 2575; x_wconf 89' lang='lat' dir='ltr'>dieitur:</span> <span class='ocrx_word' id='word_1_172' title='bbox 1069 2519 1397 2596; x_wconf 74' lang='lat' dir='ltr'>praeoccupatum</span> 
     </span>
     <span class='ocr_line' id='line_1_21' title="bbox 240 2617 1395 2703; baseline 0.001 -20"><span class='ocrx_word' id='word_1_173' title='bbox 240 2618 442 2684; x_wconf 87' lang='lat' dir='ltr'>inferiore</span> <span class='ocrx_word' id='word_1_174' title='bbox 469 2619 559 2684; x_wconf 90' lang='lat' dir='ltr'>loco</span> <span class='ocrx_word' id='word_1_175' title='bbox 582 2617 808 2683; x_wconf 89' lang='lat' dir='ltr'>succedens</span> <span class='ocrx_word' id='word_1_176' title='bbox 831 2618 1026 2683; x_wconf 92' lang='lat' dir='ltr'>tumulum</span> <span class='ocrx_word' id='word_1_177' title='bbox 1049 2640 1109 2703; x_wconf 91' lang='lat' dir='ltr'>pro</span> <span class='ocrx_word' id='word_1_178' title='bbox 1134 2640 1188 2698; x_wconf 90' lang='lat' dir='ltr'>eo,</span> <span class='ocrx_word' id='word_1_179' title='bbox 1219 2620 1309 2702; x_wconf 91' lang='lat' dir='ltr'>quod</span> <span class='ocrx_word' id='word_1_180' title='bbox 1331 2628 1395 2686; x_wconf 85' lang='lat' dir='ltr'>eet:</span> 
     </span>
     <span class='ocr_line' id='line_1_22' title="bbox 240 2725 1396 2809; baseline 0.004 -20"><span class='ocrx_word' id='word_1_181' title='bbox 240 2745 280 2789; x_wconf 81' lang='lat' dir='ltr'>er</span> <span class='ocrx_word' id='word_1_182' title='bbox 314 2726 512 2791; x_wconf 87' lang='lat' dir='ltr'>inferiore</span> <span class='ocrx_word' id='word_1_183' title='bbox 546 2725 653 2805; x_wconf 89' lang='lat' dir='ltr'>loeo;</span> <span class='ocrx_word' id='word_1_184' title='bbox 700 2747 776 2790; x_wconf 85' lang='lat' dir='ltr'>nam</span> <span class='ocrx_word' id='word_1_185' title='bbox 815 2747 921 2809; x_wconf 89' lang='lat' dir='ltr'>neque</span> <span class='ocrx_word' id='word_1_186' title='bbox 955 2727 1100 2792; x_wconf 89' lang='lat' dir='ltr'>tumulus</span> <span class='ocrx_word' id='word_1_187' title='bbox 1133 2725 1289 2792; x_wconf 81' lang='lat' dir='ltr'>inferiore</span> <span class='ocrx_word' id='word_1_188' title='bbox 1322 2728 1396 2794; x_wconf 88' lang='lat' dir='ltr'>loco</span> 
     </span>
     <span class='ocr_line' id='line_1_23' title="bbox 240 2831 1395 2919; baseline 0.003 -21"><span class='ocrx_word' id='word_1_189' title='bbox 240 2842 492 2919; x_wconf 89' lang='lat' dir='ltr'>praeoccupatur</span> <span class='ocrx_word' id='word_1_190' title='bbox 530 2854 635 2915; x_wconf 89' lang='lat' dir='ltr'>neque</span> <span class='ocrx_word' id='word_1_191' title='bbox 674 2831 831 2899; x_wconf 80' lang='lat' dir='ltr'>inferiore</span> <span class='ocrx_word' id='word_1_192' title='bbox 870 2834 942 2901; x_wconf 91' lang='lat' dir='ltr'>looo</span> <span class='ocrx_word' id='word_1_193' title='bbox 984 2834 1190 2900; x_wconf 85' lang='lat' dir='ltr'>succedimus</span> <span class='ocrx_word' id='word_1_194' title='bbox 1222 2835 1395 2902; x_wconf 87' lang='lat' dir='ltr'>tumulum</span> 
     </span>
     <span class='ocr_line' id='line_1_24' title="bbox 241 2940 1397 3021; baseline 0.003 -15"><span class='ocrx_word' id='word_1_195' title='bbox 241 2940 395 3007; x_wconf 86' lang='lat' dir='ltr'>Ceterum</span> <span class='ocrx_word' id='word_1_196' title='bbox 416 2943 532 3021; x_wconf 89' lang='lat' dir='ltr'>miror,</span> <span class='ocrx_word' id='word_1_197' title='bbox 562 2961 621 3006; x_wconf 90' lang='lat' dir='ltr'>cur</span> <span class='ocrx_word' id='word_1_198' title='bbox 644 2941 754 3007; x_wconf 81' lang='lat' dir='ltr'>Livius</span> <span class='ocrx_word' id='word_1_199' title='bbox 778 2943 826 3006; x_wconf 90' lang='lat' dir='ltr'>sic</span> <span class='ocrx_word' id='word_1_200' title='bbox 849 2942 994 3007; x_wconf 87' lang='lat' dir='ltr'>scribere</span> <span class='ocrx_word' id='word_1_201' title='bbox 1016 2942 1174 3008; x_wconf 83' lang='lat' dir='ltr'>voluerit:</span> <span class='ocrx_word' id='word_1_202' title='bbox 1208 2941 1310 3009; x_wconf 83' lang='lat' dir='ltr'>levis</span> <span class='ocrx_word' id='word_1_203' title='bbox 1332 2964 1397 3009; x_wconf 88' lang='lat' dir='ltr'>ar·</span> 
     </span>
     <span class='ocr_line' id='line_1_25' title="bbox 239 3049 1396 3136; baseline 0.002 -21"><span class='ocrx_word' id='word_1_204' title='bbox 239 3057 398 3116; x_wconf 86' lang='lat' dir='ltr'>matura</span> <span class='ocrx_word' id='word_1_205' title='bbox 423 3086 467 3096; x_wconf 89' lang='lat'>—-</span> <span class='ocrx_word' id='word_1_206' title='bbox 497 3049 721 3116; x_wconf 88' lang='lat' dir='ltr'>succedens</span> <span class='ocrx_word' id='word_1_207' title='bbox 750 3050 961 3126; x_wconf 86' lang='lat' dir='ltr'>tumulum,</span> <span class='ocrx_word' id='word_1_208' title='bbox 995 3050 1115 3133; x_wconf 89' lang='lat' dir='ltr'>pulsa</span> <span class='ocrx_word' id='word_1_209' title='bbox 1142 3049 1396 3136; x_wconf 88' lang='lat' dir='ltr'>detrusaque</span> 
     </span>
     <span class='ocr_line' id='line_1_26' title="bbox 240 3158 1397 3242; baseline 0 -19"><span class='ocrx_word' id='word_1_210' title='bbox 240 3161 510 3224; x_wconf 85' lang='lat' dir='ltr'>terrorem&#39;in</span> <span class='ocrx_word' id='word_1_211' title='bbox 533 3158 818 3223; x_wconf 82' lang='lat' dir='ltr'>succedentem</span> <span class='ocrx_word' id='word_1_212' title='bbox 840 3158 986 3223; x_wconf 89' lang='lat' dir='ltr'>intulit</span> <span class='ocrx_word' id='word_1_213' title='bbox 1009 3158 1203 3240; x_wconf 90' lang='lat' dir='ltr'>equitem,</span> <span class='ocrx_word' id='word_1_214' title='bbox 1234 3179 1336 3242; x_wconf 91' lang='lat' dir='ltr'>quum</span> <span class='ocrx_word' id='word_1_215' title='bbox 1358 3159 1397 3223; x_wconf 93' lang='lat' dir='ltr'>li·</span> 
     </span>
     <span class='ocr_line' id='line_1_27' title="bbox 240 3265 1397 3350; baseline 0 -18"><span class='ocrx_word' id='word_1_216' title='bbox 240 3274 344 3347; x_wconf 90' lang='lat' dir='ltr'>ceret,</span> <span class='ocrx_word' id='word_1_217' title='bbox 377 3268 482 3332; x_wconf 85' lang='lat' dir='ltr'>vitata</span> <span class='ocrx_word' id='word_1_218' title='bbox 516 3268 730 3350; x_wconf 88' lang='lat' dir='ltr'>repetitione,</span> <span class='ocrx_word' id='word_1_219' title='bbox 771 3265 1088 3348; x_wconf 89' lang='lat' dir='ltr'>subsequentem</span> <span class='ocrx_word' id='word_1_220' title='bbox 1116 3266 1273 3347; x_wconf 87' lang='lat' dir='ltr'>scribere,</span> <span class='ocrx_word' id='word_1_221' title='bbox 1308 3266 1397 3349; x_wconf 92' lang='lat' dir='ltr'>quod</span> 
     </span>
     <span class='ocr_line' id='line_1_28' title="bbox 240 3372 1395 3458; baseline 0 -20"><span class='ocrx_word' id='word_1_222' title='bbox 240 3374 347 3458; x_wconf 92' lang='lat' dir='ltr'>ipsum</span> <span class='ocrx_word' id='word_1_223' title='bbox 377 3375 418 3440; x_wconf 89' lang='lat' dir='ltr'>de</span> <span class='ocrx_word' id='word_1_224' title='bbox 445 3375 560 3440; x_wconf 90' lang='lat' dir='ltr'>ordine</span> <span class='ocrx_word' id='word_1_225' title='bbox 589 3374 729 3456; x_wconf 83' lang='lat' dir='ltr'>agminis</span> <span class='ocrx_word' id='word_1_226' title='bbox 760 3380 795 3439; x_wconf 92' lang='lat' dir='ltr'>et</span> <span class='ocrx_word' id='word_1_227' title='bbox 822 3375 949 3439; x_wconf 87' lang='lat' dir='ltr'>itineris</span> <span class='ocrx_word' id='word_1_228' title='bbox 978 3372 1048 3455; x_wconf 84' lang='lat' dir='ltr'>(qui</span> <span class='ocrx_word' id='word_1_229' title='bbox 1070 3396 1156 3440; x_wconf 92' lang='lat' dir='ltr'>unns</span> <span class='ocrx_word' id='word_1_230' title='bbox 1179 3372 1395 3457; x_wconf 79' lang='lat' dir='ltr'>significatur,</span> 
     </span>
     <span class='ocr_line' id='line_1_29' title="bbox 239 3479 1396 3566; baseline 0.001 -21"><span class='ocrx_word' id='word_1_231' title='bbox 239 3502 304 3546; x_wconf 91' lang='lat' dir='ltr'>non</span> <span class='ocrx_word' id='word_1_232' title='bbox 334 3483 478 3564; x_wconf 89' lang='lat' dir='ltr'>equitem</span> <span class='ocrx_word' id='word_1_233' title='bbox 504 3481 586 3547; x_wconf 86' lang='lat' dir='ltr'>levis</span> <span class='ocrx_word' id='word_1_234' title='bbox 614 3488 791 3546; x_wconf 75' lang='lat' dir='ltr'>armaturae</span> <span class='ocrx_word' id='word_1_235' title='bbox 819 3481 893 3546; x_wconf 91' lang='lat' dir='ltr'>loeo</span> <span class='ocrx_word' id='word_1_236' title='bbox 922 3502 1067 3566; x_wconf 81' lang='lat' dir='ltr'>pugnam</span> <span class='ocrx_word' id='word_1_237' title='bbox 1095 3479 1277 3565; x_wconf 80' lang='lat' dir='ltr'>excepisse)</span> <span class='ocrx_word' id='word_1_238' title='bbox 1299 3481 1396 3565; x_wconf 84' lang='lat' dir='ltr'>longe</span> 
     </span>
     <span class='ocr_line' id='line_1_30' title="bbox 240 3587 1397 3674; baseline 0 -20"><span class='ocrx_word' id='word_1_239' title='bbox 240 3594 291 3654; x_wconf 90' lang='lat' dir='ltr'>est</span> <span class='ocrx_word' id='word_1_240' title='bbox 318 3589 483 3653; x_wconf 87' lang='lat' dir='ltr'>usitatius.</span> <span class='ocrx_word' id='word_1_241' title='bbox 539 3587 632 3673; x_wconf 87' lang='lat' dir='ltr'>(Cap.</span> <span class='ocrx_word' id='word_1_242' title='bbox 656 3593 713 3670; x_wconf 81' lang='lat'>29,</span> <span class='ocrx_word' id='word_1_243' title='bbox 750 3593 785 3653; x_wconf 95' lang='lat' dir='ltr'>ll</span> <span class='ocrx_word' id='word_1_244' title='bbox 819 3589 976 3673; x_wconf 92' lang='lat' dir='ltr'>quoniam</span> <span class='ocrx_word' id='word_1_245' title='bbox 1000 3589 1183 3674; x_wconf 86' lang='lat' dir='ltr'>asyndeton</span> <span class='ocrx_word' id='word_1_246' title='bbox 1206 3609 1397 3673; x_wconf 89' lang='lat' dir='ltr'>perversum</span> 
     </span>
     <span class='ocr_line' id='line_1_31' title="bbox 240 3696 1368 3779; baseline 0.002 -19"><span class='ocrx_word' id='word_1_247' title='bbox 240 3701 299 3776; x_wconf 89' lang='lat' dir='ltr'>est,</span> <span class='ocrx_word' id='word_1_248' title='bbox 322 3696 534 3761; x_wconf 88' lang='lat' dir='ltr'>scribendum</span> <span class='ocrx_word' id='word_1_249' title='bbox 556 3718 668 3762; x_wconf 90' lang='lat' dir='ltr'>arma</span> <span class='ocrx_word' id='word_1_250' title='bbox 689 3716 731 3760; x_wconf 74' lang='lat' dir='ltr'>ee</span> <span class='ocrx_word' id='word_1_251' title='bbox 753 3697 931 3762; x_wconf 74' lang='lat' dir='ltr'>dextera</span> <span class='ocrx_word' id='word_1_252' title='bbox 952 3704 1153 3763; x_wconf 88' lang='lat' dir='ltr'>texerunt.</span> <span class='ocrx_word' id='word_1_253' title='bbox 1202 3696 1309 3779; x_wconf 80' lang='lat'><strong>1862.)</strong></span> <span class='ocrx_word' id='word_1_254' title='bbox 1361 3740 1368 3750; x_wconf 86' lang='lat'><strong>·</strong></span> 
     </span>
     <span class='ocr_line' id='line_1_32' title="bbox 326 3801 1396 3887; baseline 0 -19"><span class='ocrx_word' id='word_1_255' title='bbox 326 3801 423 3887; x_wconf 81' lang='lat' dir='ltr'>*Cap</span> <span class='ocrx_word' id='word_1_256' title='bbox 448 3807 503 3884; x_wconf 86' lang='lat'>30,</span> <span class='ocrx_word' id='word_1_257' title='bbox 534 3809 563 3884; x_wconf 89' lang='grc'>9,</span> <span class='ocrx_word' id='word_1_258' title='bbox 593 3805 650 3870; x_wconf 91' lang='lat' dir='ltr'>ubi</span> <span class='ocrx_word' id='word_1_259' title='bbox 673 3805 797 3870; x_wconf 90' lang='lat' dir='ltr'>editur:</span> <span class='ocrx_word' id='word_1_260' title='bbox 832 3805 948 3870; x_wconf 89' lang='lat' dir='ltr'>cuius</span> <span class='ocrx_word' id='word_1_261' title='bbox 970 3805 1205 3870; x_wconf 87' lang='lat' dir='ltr'>terribilem</span> <span class='ocrx_word' id='word_1_262' title='bbox 1228 3826 1315 3871; x_wconf 90' lang='lat' dir='ltr'>eam</span> <span class='ocrx_word' id='word_1_263' title='bbox 1337 3804 1396 3869; x_wconf 85' lang='lat' dir='ltr'>fa·</span> 
     </span>
     <span class='ocr_line' id='line_1_33' title="bbox 240 3911 1397 3996; baseline 0 -19"><span class='ocrx_word' id='word_1_264' title='bbox 240 3932 337 3977; x_wconf 90' lang='lat' dir='ltr'>mam</span> <span class='ocrx_word' id='word_1_265' title='bbox 360 3931 380 3975; x_wconf 92' lang='lat' dir='ltr'>a</span> <span class='ocrx_word' id='word_1_266' title='bbox 402 3911 592 3996; x_wconf 90' lang='lat' dir='ltr'>patribus</span> <span class='ocrx_word' id='word_1_267' title='bbox 616 3913 894 3995; x_wconf 81' lang='lat' dir='ltr'>accepissent,</span> <span class='ocrx_word' id='word_1_268' title='bbox 924 3913 1134 3979; x_wconf 88' lang='lat' dir='ltr'>scribendum</span> <span class='ocrx_word' id='word_1_269' title='bbox 1156 3921 1208 3979; x_wconf 89' lang='lat' dir='ltr'>est</span> <span class='ocrx_word' id='word_1_270' title='bbox 1229 3913 1397 3979; x_wconf 90' lang='lat' dir='ltr'>terribi-</span> 
     </span>
     <span class='ocr_line' id='line_1_34' title="bbox 239 4017 1397 4097; baseline 0.003 -15"><span class='ocrx_word' id='word_1_271' title='bbox 239 4017 316 4083; x_wconf 91' lang='lat' dir='ltr'>lem</span> <span class='ocrx_word' id='word_1_272' title='bbox 344 4018 499 4085; x_wconf 90' lang='lat' dir='ltr'>famam.</span> <span class='ocrx_word' id='word_1_273' title='bbox 555 4020 657 4086; x_wconf 87' lang='lat' dir='ltr'>Recte</span> <span class='ocrx_word' id='word_1_274' title='bbox 691 4020 774 4086; x_wconf 90' lang='lat' dir='ltr'>enim</span> <span class='ocrx_word' id='word_1_275' title='bbox 812 4020 979 4088; x_wconf 88' lang='lat' dir='ltr'>diceretur</span> <span class='ocrx_word' id='word_1_276' title='bbox 1013 4022 1047 4087; x_wconf 94' lang='lat' dir='ltr'>in</span> <span class='ocrx_word' id='word_1_277' title='bbox 1076 4021 1332 4097; x_wconf 84' lang='lat' dir='ltr'>demonstranda</span> <span class='ocrx_word' id='word_1_278' title='bbox 1360 4042 1397 4086; x_wconf 88' lang='lat' dir='ltr'>ro</span> 
     </span>
    </p>
   </div>
   <div class='ocr_carea' id='block_1_5' title="bbox 241 4125 1398 4213">
    <p class='ocr_par' dir='ltr' id='par_1_5' title="bbox 241 4125 1398 4213">
     <span class='ocr_line' id='line_1_35' title="bbox 241 4125 1398 4213; baseline 0.003 -24"><span class='ocrx_word' id='word_1_279' title='bbox 241 4125 332 4190; x_wconf 88' lang='lat' dir='ltr'>clara</span> <span class='ocrx_word' id='word_1_280' title='bbox 364 4126 598 4193; x_wconf 89' lang='lat' dir='ltr'>terribilem</span> <span class='ocrx_word' id='word_1_281' title='bbox 630 4127 745 4193; x_wconf 88' lang='lat' dir='ltr'>illam</span> <span class='ocrx_word' id='word_1_282' title='bbox 777 4129 936 4209; x_wconf 81' lang='lat' dir='ltr'>famam3</span> <span class='ocrx_word' id='word_1_283' title='bbox 969 4130 1003 4195; x_wconf 90' lang='lat' dir='ltr'>is</span> <span class='ocrx_word' id='word_1_284' title='bbox 1031 4150 1213 4213; x_wconf 91' lang='lat' dir='ltr'>pronomen</span> <span class='ocrx_word' id='word_1_285' title='bbox 1242 4130 1322 4213; x_wconf 89' lang='lat' dir='ltr'>poni</span> <span class='ocrx_word' id='word_1_286' title='bbox 1350 4131 1398 4194; x_wconf 85' lang='lat' dir='ltr'>ita</span> 
     </span>
    </p>
   </div>
   <div class='ocr_carea' id='block_1_6' title="bbox 0 0 1537 5272">
    <p class='ocr_par' dir='ltr' id='par_1_6' title="bbox 0 0 1537 5272">
     <span class='ocr_line' id='line_1_36' title="bbox 0 0 1537 5272; baseline 0 0"><span class='ocrx_word' id='word_1_287' title='bbox 0 0 1537 5272; x_wconf 95' lang='lat' dir='ltr'> </span> 
     </span>
    </p>
   </div>
  </div>
 </body>
</html>
