3060 5272
236 392 299 448 Lib.
318 390 418 445 XXIX.
785 380 847 439 422

237 565 324 630 inter
351 584 380 625 ι
409 565 510 628 etin
540 564 788 646 praepositione,
823 585 863 628 ex
896 565 1079 647 ingentia
1115 571 1225 629 ortum
1253 571 1304 629 est
1332 563 1394 629 in·

239 673 350 756 genti
374 669 470 750 sd.¹)

325 778 404 863 Cap.
429 783 485 858 27,
517 783 572 842 12:
607 778 684 844 Ubi
714 779 871 858 illuxit,
906 787 1051 845 ventus
1078 780 1181 845 idem
1211 785 1394 859 coortus,

237 886 386 952 nebula
409 887 603 963 disiecta,
631 889 798 971 aperuit
826 889 957 952 omnia
980 887 1125 952 Africae
1147 889 1287 954 litora.
1337 886 1394 952 Vi-

238 995 392 1070 dendum,
416 1015 457 1058 ne
475 994 586 1060 Livius
610 996 780 1079 scripserit
799 996 992 1061 omnibus.
1039 995 1124 1061 Nam
1153 997 1288 1061 omnia
1312 994 1395 1060 nihil

237 1103 280 1167 ad
302 1124 371 1167 rem
395 1104 539 1185 pertinet
561 1110 594 1167 et
616 1111 755 1186 pravum
778 1111 843 1184 est,
871 1104 1027 1187 quoniam
1051 1105 1184 1169 omnia
1206 1103 1306 1169 litora
1327 1124 1395 1169 non

201 1223 203 1228 '
238 1211 373 1291 longum
395 1210 493 1274 unius
516 1210 624 1277 litoris
648 1213 805 1296 spatium,
839 1212 898 1277 sed
926 1233 991 1276 orae
1015 1212 1152 1277 divorsae
1175 1218 1209 1276 et
1231 1212 1305 1277 aliae
1328 1210 1394 1276 alio

238 1324 426 1403 spectantes
449 1317 692 1399 intelleguntur.
739 1320 897 1402 (1863.)⁹)

154 1431 224 1498 (³44)
329 1424 407 1509 Cap.
433 1429 482 1504 36,
507 1431 525 1489 7
549 1425 603 1507 (de
627 1429 752 1511 proelio
775 1427 971 1492 Hannibalis
994 1435 1027 1493 et
1050 1427 1084 1492 P.
1110 1426 1293 1512 Sempronii
1316 1447 1395 1492 con-

240 1534 322 1600 sulis
350 1534 385 1597 P.
416 1534 597 1616 Liciniique
632 1536 870 1619 proconsulis):
911 1535 991 1599 Nec
1029 1556 1138 1599 mora
1172 1534 1394 1600 dimicandi

239 1641 365 1717 factu,
396 1662 513 1721 quum
542 1643 700 1706 consuli
724 1651 763 1708 et
787 1644 1004 1726 duplicatae
1026 1644 1147 1723 vires,
1176 1643 1308 1708 Poeno
1331 1664 1394 1708 re·

240 1770 334 1813 cens
357 1748 537 1811 victorio
560 1751 690 1815 animo
715 1758 832 1816 esset.
883 1752 1025 1816 Animo
1049 1773 1136 1816 esse
1160 1751 1285 1814 alicui
1308 1749 1352 1830 id,
1375 1772 1394 1815 e

240 1878 304 1941 quo
328 1855 481 1919 fiduciam
504 1859 553 1921 sui
577 1864 610 1922 et
633 1861 759 1923 animos
782 1866 928 1942 caperet,
958 1880 1053 1923 nemo
1083 1859 1181 1939 ‹lixit3
1216 1866 1332 1924 contra
1361 1864 1395 1923 et

239 1964 295 2029 alii
320 1970 353 2028 et
375 1964 484 2028 Livius
507 1966 577 2049 ipse
602 1968 782 2051 saepissime
806 1966 883 2048 (vid.
903 1966 944 2031 ad
966 1966 1084 2045 XXXI,
1111 1971 1159 2046 18,
1182 1965 1216 2048 4)
1240 1967 1393 2031 animos

239 2072 386 2138 faeere.
444 2071 657 2138 Scribeudum
691 2077 803 2158 itaque
838 2076 995 2139 animos
1023 2074 1199 2140 fecisset
1229 2075 1322 2157 (non,
1356 2080 1395 2139 ut

268 2293 291 2359 ¹)
311 2291 326 2361 §
351 2292 541 2361 tisuperiores
564 2293 663 2346 melius
687 2293 886 2363 suppleverunt
911 2295 1136 2363 scripseruntque
1164 2293 1209 2361 (se
1237 2293 1393 2347 transire

308 2376 526 2446 vulgaverat)
552 2394 635 2444 quum
653 2378 696 2430 W.
740 2377 768 2446 [ἕ
786 2382 802 2433 8
820 2380 850 2433 in
871 2380 893 2433 P
913 2385 969 2433 est:
996 2397 1058 2433 nec
1081 2379 1211 2433 classis
1233 2377 1331 2431 modo
1349 2406 1393 2444 -,

308 2463 368 2517 ssd
390 2468 509 2516 temen
532 2468 630 2515 terra
654 2465 760 2516 etiam
784 2465 899 2518 omnis
917 2465 1075 2531 circa-‚
1099 2469 1200 2519 notato
1224 2469 1341 2517 tumen
1363 2467 1397 2518 ut

309 2547 438 2601 delendo.
480 2546 613 2600 Fortasse
630 2546 727 2600 Livius
747 2549 872 2616 scripsit:
891 2550 1002 2602 —sed
1021 2567 1082 2604 ora
1100 2552 1204 2604 etium
1222 2577 1271 2601 —.
1309 2546 1396 2617 1863.)

309 2632 374 2701 Cup.
390 2634 431 2698 27,
451 2632 629 2685 samnium
649 2633 756 2685 mentio
772 2635 924 2687 coniuncta
943 2652 1005 2687 cum
1025 2640 1109 2689 terroe
1125 2636 1264 2703 marisque
1282 2634 1396 2687 nominc

308 2719 338 2770 in
366 2717 508 2785 precibus,
533 2716 634 2783 quibus
658 2717 703 2770 dei
727 2719 835 2771 maria
858 2726 1039 2787 terrasque
1063 2720 1220 2774 colentes
1245 2717 1272 2788 (ἓ
1296 2717 1321 2786 l)
1344 2734 1396 2787 pro

309 2801 435 2870 pedestri
454 2801 600 2869 navalique
619 2802 745 2855 exercitu
763 2804 937 2870 invocantur,
955 2805 1060 2858 nullum
1079 2805 1288 2859 excusationem
1302 2804 1396 2857 hebet

308 2886 424 2952 Utrum,
457 2903 541 2954 quam
572 2887 760 2956 suspicionem
793 2889 1038 2944 Weissenbornius
1073 2894 1104 2943 ut
1139 2890 1223 2944 nimis
1260 2888 1397 2943 audacem

309 2973 425 3042 sprevit,
450 2972 674 3041 amnibusque
693 2990 727 3027 ex
746 2976 977 3043 omnibusque
997 2982 1089 3028 ortum
1108 2976 1146 3028 sit
1163 2976 1193 3028 in
1210 2974 1285 3028 hunc
1303 2973 1396 3027 locum

309 3058 380 3110 orale
407 3074 441 3109 cx
468 3059 611 3127 superiore
639 3059 749 3125 delato,
778 3078 863 3128 quum
892 3061 932 3114 sie
958 3060 1057 3113 Livius
1085 3060 1257 3128 scripsisset:
1286 3058 1396 3112 sociis

308 3144 516 3211 nominique
542 3144 673 3198 Latino
701 3146 949 3213 omnibusque,
983 3146 1042 3213 qui
1070 3145 1193 3214 populi
1220 3145 1252 3198 R.
1271 3172 1307 3182 —
1333 3142 1394 3196 im·

308 3231 439 3298 perium
465 3229 729 3298 auspiciumque
752 3236 849 3283 terra
870 3231 955 3283 meri
975 3235 1176 3299 sequuntur,
1204 3246 1240 3283 an
1259 3246 1293 3281 ex
1311 3227 1395 3296 paulo

308 3314 438 3369 inferiore
462 3314 526 3367 loco
550 3316 708 3368 omnibus
726 3315 781 3369 huc
800 3315 968 3369 translatum
987 3316 1061 3369 etin
1080 3316 1239 3369 amnibus
1256 3317 1396 3367 mutatum

309 3402 345 3453 sit
362 3402 470 3465 (terra
484 3401 642 3469 marique
658 3406 862 3468 sequuntur,
879 3401 1035 3454 omnibus
1050 3401 1140 3455 bene
1154 3396 1396 3463 verruncent),

308 3488 337 3540 iu
361 3488 470 3540 incerto
493 3485 709 3553 relinquendum
732 3489 782 3539 cst.
826 3484 898 3554 [lum
921 3485 1036 3540 Heldius
1062 3485 1291 3552 amnibusque
1315 3481 1395 3536 dam·

309 3569 446 3638 neverat]

268 3657 295 3719 ²)
315 3655 380 3724 Cap.
399 3657 441 3720 28,
465 3657 495 3708 8:
524 3671 599 3707 eum
615 3683 651 3692 —
668 3654 779 3709 lusum
798 3654 1001 3724 pulsumque
1018 3682 1055 3694 —
1071 3656 1310 3719 meminerunt,
1334 3668 1396 3706 nco

307 3742 420 3810 magis
453 3739 577 3793 ducem
610 3756 726 3808 parem
759 3757 857 3808 quam
890 3740 1167 3793 tumultuarium
1201 3738 1397 3793 exercitum

309 3844 406 3880 suum
424 3825 580 3879 Romano
604 3826 783 3879 exercitui
806 3842 887 3878 esse.
933 3825 980 3880 Sic
997 3826 1032 3891 P;
1061 3825 1175 3890 excidit,
1197 3823 1306 3892 opinor,
1331 3826 1398 3890 post

310 3911 432 3965 ducem
456 3927 513 3963 non
536 3909 632 3973 duci,
656 3909 707 3962 sed
730 3909 811 3963 duci
837 3909 1037 3964 credebant.
1073 3909 1173 3976 (1863.)
1218 3907 1286 3978 Gap.
1304 3908 1347 3975 35,
1365 3908 1396 3959 7:

309 3994 415 4049 Simul
444 3999 478 4047 et
502 4011 518 4047 u
540 3994 657 4049 clusse
679 3994 825 4049 navales
850 3995 939 4049 socii
962 4023 997 4033 -
1020 3994 1123 4049 simul
1146 4000 1181 4048 et
1204 3991 1396 4048 terrestris

309 4081 489 4136 exercitus
513 4108 549 4118 -
571 4086 625 4132 est
648 4078 817 4147 admotus.
858 4080 917 4134 Aut
940 4080 1059 4135 alterum
1084 4079 1189 4134 simul
1215 4085 1265 4133 cut
1286 4083 1395 4131 utrum·

309 4183 364 4233 quc
387 4170 420 4219 et
442 4165 517 4219 Livii
542 4182 607 4219 usus
630 4164 770 4230 excludit3
798 4163 846 4219 cir.
869 4164 955 4219 Dralc
980 4166 1016 4219 ad
1040 4164 1163 4231 XXXII,
1189 4168 1233 4231 18,
1258 4166 1282 4217 3.
1326 4162 1395 4216 Pro·

309 4251 430 4305 habilius
449 4255 500 4317 est,
518 4249 630 4303 Livium
649 4249 750 4303 simul
769 4257 855 4303 et-
872 4254 907 4303 st
925 4250 1083 4319 scripsisse.
1120 4249 1220 4316 (1863.)
