3060 5272
249 363 312 420 Lib.
333 363 380 420 1v.
799 351 860 413 126

240 608 241 611 Ἴ
337 535 414 620 Cap.
439 540 490 616 51,
513 539 547 600 3:
581 535 610 599 A
632 534 753 619 plebe
775 556 978 601 consensu
1001 534 1143 620 populi
1166 533 1409 601 consulibus

249 646 457 729 negotium
491 643 717 709 mandatur.
770 641 850 721 Quae
876 642 1078 710 Niebuhrius
1106 642 1148 709 de
1176 642 1320 732 populi
1348 664 1408 708 no-

248 753 336 819 mine
371 752 455 818 dixit
488 773 509 818 a
540 751 633 816 Livio
666 751 833 817 interdum
866 752 907 817 de
940 751 1090 836 patriciis
1122 752 1173 816 ita
1205 752 1332 836 posito,
1370 761 1409 817 ut

250 861 343 945 plebs
377 859 419 926 ab
454 860 494 925 iis
524 860 673 925 seiuncta
701 861 919 944 cogitaretur,
953 881 1055 946 nunc,
1089 861 1222 944 opinor,
1257 861 1408 926 omittere

251 970 321 1035 sine
354 967 553 1034 refutatione
586 968 681 1049 licet3
714 988 852 1052 prorsus
886 968 973 1033 enim
1007 968 1077 1034 sine
1110 967 1178 1035 ullo
1212 975 1408 1053 argumento

248 1076 426 1162 finguntur.
488 1077 569 1142 Eius
607 1082 719 1142 autem
752 1075 881 1160 populi,
921 1077 979 1159 qui
1012 1097 1030 1140 e
1062 1077 1211 1160 patriciis
1244 1082 1279 1142 et
1310 1075 1408 1160 plebe

248 1191 386 1266 constat,
409 1205 572 1250 consensu
593 1183 804 1250 nullomodo
827 1183 923 1268 plebs
946 1183 1011 1249 dici
1034 1189 1147 1268 potest
1168 1184 1351 1270 quidquam
1373 1185 1408 1249 in

248 1296 316 1361 suis
339 1296 413 1379 ipsa
435 1293 576 1359 comitiis
598 1292 716 1373 facere,
740 1291 933 1376 frustraque
944 1292 1231 1358 Weissenbornius
1249 1292 1342 1360 locos
1362 1292 1406 1357 ad

247 1403 334 1469 hanc
355 1424 425 1469 rem
446 1401 529 1467 nihil
552 1402 683 1468 omnino
705 1401 909 1485 pertinentes
932 1399 1080 1482 collegit,
1108 1400 1288 1487 inquibus
1311 1421 1406 1466 con-

162 1525 233 1594 (106)
251 1533 395 1577 sensus
423 1510 566 1596 populi
594 1515 654 1575 aut
676 1508 867 1574 civitatis
889 1509 1079 1573 nominatur
1100 1514 1160 1574 aut
1181 1507 1311 1593 plebem
1333 1529 1409 1593 par-

246 1626 314 1684 tem
347 1640 419 1684 esse
452 1616 567 1702 populi
601 1617 808 1700 significatur
840 1614 893 1698 (ut
920 1637 1021 1699 quum
1044 1637 1071 1681 c.
1096 1621 1150 1697 56,
1185 1620 1204 1682 3
1232 1616 1346 1702 populi
1373 1617 1408 1681 in

247 1726 389 1792 comitiis
430 1726 531 1790 animi
565 1745 586 1790 a
617 1725 757 1808 plebeiis
797 1723 985 1790 candidatis
1024 1724 1068 1790 ad
1105 1725 1265 1809 patricios
1298 1726 1405 1790 aversi

248 1832 426 1914 dicuntur).
471 1832 542 1898 Hoc
566 1832 698 1917 quidem
719 1832 792 1898 loco
816 1853 855 1898 eo
878 1832 986 1897 minus
1009 1853 1188 1899 consensus
1210 1833 1407 1917 cuiusquam

109 1928 116 1945 ’
247 1948 343 2006 extra
363 1940 495 2024 plebem
518 1941 765 2006 commemorari
787 1945 909 2024 potest,
938 1961 1005 2024 quo
1028 1942 1176 2024 apertius
1200 1940 1313 2006 Livius
1336 1940 1407 2024 ipse

247 2048 348 2133 paulo
372 2054 449 2113 ante
470 2053 577 2113 totam
599 2070 669 2114 rem
692 2071 712 2114 a
734 2048 888 2133 patribus
911 2047 955 2114 ad
976 2047 1130 2114 tribunos
1154 2053 1188 2115 et
1210 2047 1253 2115 sd
1275 2047 1407 2132 plebem

245 2158 404 2222 reiectam
427 2177 499 2221 esse
521 2157 677 2223 narravit.
733 2154 834 2237 Quid,
862 2156 950 2241 quod
977 2176 1020 2221 ne
1044 2156 1162 2221 Latine
1185 2156 1319 2242 quidem
1340 2155 1406 2221 dici

246 2270 345 2350 puto:
379 2263 516 2330 lacere
556 2264 718 2349 aliquid
752 2284 954 2330 consensu
987 2262 1187 2347 (assensu)
1221 2264 1405 2329 alicuius

246 2396 307 2460 pro
330 2395 384 2453 eo,
418 2371 508 2457 quod
530 2378 597 2437 est:
621 2372 903 2438 consentiente
932 2370 1218 2454 (assentiente)
1249 2370 1405 2455 aliquo,

245 2488 284 2548 ut
308 2481 431 2546 dicitur
452 2481 668 2564 permissu,
689 2481 806 2545 iussu
828 2486 889 2545 cet.
913 2478 1091 2546 alicuius
1113 2478 1274 2545 facere?
1296 2478 1408 2544 Livius

246 2589 380 2674 quidem
418 2594 477 2653 aut
515 2588 760 2653 multitudinem
806 2587 951 2672 aliquam
998 2608 1200 2653 consensu
1245 2586 1408 2669 aliquid
1512 2583 1513 2588 ’

245 2697 383 2762 facere
424 2694 505 2761 dicit
538 2695 615 2777 (hoc
649 2703 716 2776 est,
756 2696 918 2761 communi
952 2716 1129 2776 consensu,
1173 2701 1211 2761 ut
1245 2693 1314 2775 III,
1357 2698 1407 2774 35,

247 2810 282 2884 7,
324 2803 380 2885 al.)
421 2809 480 2869 aut
520 2802 647 2887 aliquid
685 2802 783 2868 fieri
825 2822 1029 2868 consensu
1065 2804 1310 2888 aliquorum,
1350 2802 1408 2886 qui

245 2914 310 2997 ipsi
337 2910 471 2977 faciant.
519 2909 636 2989 ‚Quum
669 2911 732 2976 hoc
764 2910 862 2976 modo
896 2910 950 2976 hio
979 2931 1110 2995 quoque
1140 2910 1343 2995 scripsisset:
1377 2909 1406 2973 A

246 3020 366 3104 plebe
407 3040 608 3084 consensu
647 3019 890 3084 consulibus
928 3019 1141 3102 negotium
1174 3017 1407 3096 mandatur,

245 3149 312 3194 non
350 3126 520 3193 intellecto
560 3126 696 3192 ablativi
735 3125 825 3192 illius
864 3147 925 3211 pro
958 3127 1114 3192 adverbio
1148 3147 1210 3191 usu
1240 3125 1407 3209 genetivus

247 3236 380 3302 additus
403 3242 468 3315 est,
496 3239 556 3300 aut
578 3233 721 3299 fortasse
743 3233 808 3299 hoc
830 3234 949 3318 ipsum,
979 3235 1036 3318 qui
1058 3235 1245 3318 genetivum
1268 3231 1407 3312 addidit,

247 3344 416 3409 declarare
438 3343 556 3423 voluit,
584 3363 605 3407 a
633 3341 753 3425 plebe
776 3361 978 3408 consensu
1001 3363 1073 3408 esse
1096 3362 1304 3408 consensu
1325 3340 1407 3424 ple·

246 3451 319 3532 bis,
346 3451 558 3535 neglegenter
579 3449 723 3534 populi
746 3471 807 3533 pro
830 3449 968 3534 plebis
991 3451 1110 3534 posito.
1169 3447 1307 3532 [Eadem
1329 3445 1408 3512 Gre-

246 3559 327 3624 verii
350 3559 515 3624 sententia
536 3555 623 3640 fuit]
673 3557 776 3623 Paulo
805 3565 882 3642 post
904 3555 935 3641 (ᾗ
960 3556 992 3638 5)
1016 3556 1104 3639 quod
1128 3556 1301 3622 scribitur:
1334 3556 1407 3640 Ap-

245 3667 451 3732 tissimum
483 3673 642 3750 tempus
670 3664 823 3745 fuerat,
855 3664 1082 3730 vindicatis
1111 3663 1408 3744 seditionibus,

247 3774 568 3840 delenimentum
624 3774 773 3839 animis
823 3771 971 3838 Bolani
1022 3773 1110 3856 agri
1161 3772 1407 3838 divisionem

248 3881 392 3962 obiici,
426 3881 541 3946 dubito
563 3881 728 3961 nonnihil,
761 3887 894 3946 rectene
918 3880 1062 3961 dicatur,
1096 3879 1211 3946 addito
1234 3880 1407 3959 adiectivo,

248 3996 385 4075 aptum
408 3995 472 4056 est
492 3995 656 4074 tempus
678 3989 753 4054 hoc
774 3985 872 4053 lieri
894 4009 954 4072 pro
977 4008 1026 4069 eo,
1050 3989 1138 4072 quod
1161 3995 1225 4055 est:
1248 3993 1408 4072 tempus

247 4104 313 4164 est
339 4097 370 4162 h.
400 4097 438 4180 f.‚
472 4118 579 4183 neque
608 4097 712 4162 ullum
742 4097 813 4163 eius
842 4118 923 4162 usus
952 4097 1137 4182 exemplum
1165 4097 1255 4181 apud
1282 4096 1408 4162 bonum

248 4206 443 4290 scriptorem
476 4208 616 4291 reperiri
648 4213 747 4289 put0;
780 4205 839 4271 sed
872 4211 910 4271 ut
943 4203 1088 4287 dicatur,
1119 4226 1187 4272 non
1218 4203 1289 4271 brec
1323 4203 1408 4268 Livii
