3060 5272
721 261 810 404 ξι..

211 449 360 530 alterum,
382 448 518 514 tertium
540 432 741 549 adnotatpm
742 446 920 526 haberem,
943 468 1008 530 quo
1031 448 1136 512 oratio
1153 447 1358 513 emendatior

158 565 196 630 (a)
214 557 286 625 fieri
319 564 444 641 posset,
476 575 588 620 secum
621 537 911 637 communicarem,
946 577 1048 639 quum
1081 557 1152 620 eius
1180 576 1281 620 causa
1308 577 1360 636 ea,

211 687 283 750 quae
305 685 327 730 a
348 686 400 730 mo
427 666 500 748 ipso
529 656 624 756 olim
629 664 796 746 reperta
787 684 820 727 ιι
843 662 1032 727 adversaria
1053 663 1271 742 contuleram,
1299 664 1356 729 de·

209 774 385 840 scriberem
412 780 447 838 et
473 748 635 863 ιιιιιιιι
644 771 856 854 explicarem,
890 771 1024 850 sensim,
1058 772 1178 854 partim
1205 770 1357 837 trahente

210 864 471 987 opportunitate
478 849 670 964 renotanda
692 879 801 944 animo
822 900 932 943 rerum
954 879 1205 944 Romanarum
1196 880 1356 962 magmis,

210 990 331 1075 partim
353 996 512 1072 novorum
525 993 566 1052 et
587 987 822 1071 praestantium,
846 1008 919 1071 quae
941 988 1068 1052 interea
1089 986 1131 1052 ad
1150 987 1232 1051 Livii
1255 986 1357 1054 libros

211 1073 431 1176 emendandos
458 1102 575 1181 parata
602 1099 751 1160 erantet
773 1101 844 1159 tum
867 1096 1006 1160 maxime
1029 1094 1249 1181 parabantur,
1280 1095 1357 1160 sub·

210 1205 397 1299 sidiorarp
401 1226 462 1269 usu
495 1202 699 1282 blandiente,
740 1223 841 1285 quum
879 1204 1061 1286 praesertim
1099 1204 1172 1287 ipse
1211 1205 1356 1286 quinque

210 1307 450 1402 postremorum
471 1310 630 1375 librorum
654 1309 792 1388 codicis,
821 1311 877 1394 qui
901 1333 984 1375 unus
1008 1318 1167 1394 superest,
1190 1310 1358 1377 Vindobo-

210 1410 319 1488 nausii
354 1420 538 1503 scripturas
565 1416 661 1502 plene
688 1423 819 1482 notatas
848 1417 1066 1501 accepissem,
1095 1424 1202 1484 totum
1228 1418 1358 1484 Livium

155 1493 392 1624 .5s‘retraotare
421 1526 514 1610 coepi
543 1532 577 1590 et
604 1525 646 1590 ab
669 1525 800 1590 illorum
823 1527 967 1608 quinque
989 1525 1147 1591 librorum
1168 1529 1357 1592 recensione

129 1616 220 1723 ‘·-'·.·
211 1642 244 1702 et
278 1634 505 1701 emendatione
539 1654 633 1699 orsus
667 1654 768 1717 prope
802 1632 940 1698 eandem
972 1654 1102 1718 operam
1137 1634 1180 1699 ad
1212 1635 1356 1719 reliquos

210 1744 313 1809 libros
346 1740 539 1820 transferre,
579 1761 716 1824 eamque
755 1762 822 1805 rem
860 1740 949 1806 horis
988 1741 1166 1807 subsecivis
1200 1749 1355 1825 quattuor

211 1852 305 1918 annis
322 1850 456 1930 absolvi,
479 1870 574 1932 sepe,
592 1870 694 1933 quum
712 1849 778 1913 alia
793 1848 1012 1932 praevertenda
1032 1855 1144 1915 essent
1160 1857 1194 1915 et
1211 1851 1356 1916 animum

210 1965 370 2038 tenerent,
392 1959 613 2023 intermissam
636 1963 767 2041 etpost
789 1978 852 2021 non
874 1977 1053 2040 paucorum
1074 1959 1234 2024 mensium
1255 1959 1357 2023 iuter·

211 2068 330 2134 vallum
363 2070 574 2149 resumptam.
629 2064 735 2130 Huius
766 2086 872 2148 operae
900 2064 1027 2130 fructus
1057 2086 1156 2148 quum
1186 2065 1265 2129 mihi
1292 2067 1356 2150 ipsi

211 2197 276 2242 non
307 2174 494 2259 displiceret
521 2173 752 2256 videreturque
780 2173 933 2238 utilitatis
962 2173 1087 2255 aliquid
1114 2173 1235 2239 habere
1257 2195 1358 2259 posse

210 2284 254 2349 ad
277 2283 416 2350 aliorum
440 2281 549 2348 studia
570 2280 760 2361 adiuvanda,
784 2281 825 2346 ab
847 2281 961 2346 amicis
984 2288 1092 2346 autem
1112 2280 1356 2365 discipulisque,

211 2391 405 2476 quibuscum
434 2412 500 2456 non
529 2410 633 2473 pauca
660 2410 719 2473 per
748 2410 914 2455 sermones
942 2396 976 2454 et
1004 2388 1152 2455 docendo
1176 2389 1357 2455 communi·

212 2518 372 2578 caveram,
399 2503 490 2564 totus
512 2495 724 2580 flagitaretur,
752 2498 891 2577 decrevi,
921 2498 1077 2582 quicquid
1100 2518 1121 2562 a
1142 2518 1193 2562 me
1215 2498 1291 2562 novi
1313 2496 1355 2561 ad

211 2606 294 2672 Livii
315 2606 419 2671 libros
442 2606 568 2671 mendis
591 2605 778 2671 liberandos
801 2605 942 2671 conferri
964 2612 1086 2689 posset,
1107 2605 1251 2670 breviter
1268 2625 1356 2668 oom-

210 2713 426 2800 prebendere,
459 2713 612 2778 indicatis
645 2714 679 2777 in
713 2719 919 2792 transcursu,
952 2733 1024 2796 quae
1057 2714 1122 2778 iam
1150 2718 1249 2777 antea
1275 2711 1355 2776 alibi

211 2823 413 2906 sparsissem.
464 2821 547 2887 Nam
578 2821 666 2903 quod
694 2822 791 2887 amici
820 2821 1036 2904 discipulique
1059 2819 1222 2885 interdum
1243 2819 1355 2884 horta-

209 2930 331 2996 bantur
352 2929 594 3013 rogabantque,
627 2934 680 3008 ut,
715 2929 868 3013 quoniam
890 2934 1011 3012 praeter
1033 2949 1086 3008 ea,
1120 2948 1191 3010 quae
1213 2928 1284 3011 ipse
1305 2928 1355 2992 in·

209 3039 379 3119 venissem,
401 3060 468 3104 non
490 3058 595 3122 pauca
616 3037 657 3103 ab
680 3036 755 3100 aliis
777 3041 866 3100 recte
888 3040 922 3100 et
943 3057 1018 3100 vere
1041 3035 1226 3119 excogitata
1246 3035 1353 3099 iacere

209 3146 359 3230 neglecta
385 3152 534 3230 putarem
563 3151 621 3210 aut
650 3145 765 3222 etiam,
800 3164 900 3227 quum
929 3150 1039 3208 essent
1066 3165 1087 3208 a
1107 3143 1296 3227 Kreyssigio
1319 3149 1354 3206 et

208 3253 373 3333 Bellero,
402 3251 551 3337 quaedam
572 3254 637 3318 iam
659 3273 679 3316 a
700 3249 979 3330 Drakenborchio,
1007 3252 1125 3317 merito
1148 3251 1182 3315 in
1204 3250 1352 3315 ordinem

208 3367 350 3447 recepta,
372 3383 392 3429 a
412 3362 646 3428 recentissimis
668 3359 851 3427 editoribus
873 3359 987 3424 iudicii
1009 3380 1120 3425 errore
1141 3360 1265 3423 reiecta
1281 3378 1354 3422 esse

209 3475 427 3555 susceptaque
462 3474 578 3534 contra
610 3490 627 3533 e
665 3467 832 3532 codicibus
865 3467 1047 3552 complura,
1086 3487 1159 3551 quae
1193 3465 1353 3548 praeteriri

210 3578 414 3655 debuissent,
453 3574 534 3640 Livii
567 3574 670 3638 libros
703 3575 774 3657 ipse
808 3574 851 3637 ad
884 3575 1012 3640 codices
1046 3579 1179 3639 exactos
1212 3572 1352 3654 ederem,

210 3684 383 3750 revocabat
404 3703 456 3748 me
479 3688 512 3746 et
533 3680 656 3746 laboris
680 3680 832 3745 molestia
853 3682 955 3748 oculis
979 3685 1077 3748 etiam
1099 3680 1220 3746 infesta
1239 3680 1354 3746 futura

211 3794 245 3856 et
260 3792 397 3857 aliorum
415 3788 596 3855 studiorum
613 3788 773 3852 maiorum
790 3790 1038 3873 graviorumque
1052 3788 1352 3873 persequendorum

210 3898 359 3965 voluntas
387 3916 542 3982 spesque,
569 3917 691 3979 neque,
719 3917 819 3978 quum
846 3897 898 3963 his
920 3897 1094 3982 postremis
1116 3897 1209 3962 annis
1231 3903 1352 3980 practer

211 4025 292 4086 eam,
321 4026 417 4090 quam
439 4003 661 4071 Alschefskius
683 4003 870 4071 inchoasset
892 4008 993 4070 totius
1017 4005 1100 4070 Livii
1122 4005 1308 4083 editionem,
1331 4025 1353 4069 a

209 4112 476 4181 Weissenbornio
499 4136 597 4179 unam
618 4111 761 4178 viderem
784 4113 982 4194 absolutam,
1011 4114 1158 4193 alteram,
1187 4133 1351 4179 commen·
