3060 5272
239 398 301 453 Lib.
319 396 406 451 XLII.
784 386 847 447 644

240 572 329 635 niam
351 578 385 636 et
408 571 558 636 civitates
581 571 780 636 coniunctim
808 570 970 637 collatam.
1016 568 1308 654 [Wesenbergiusr
1334 567 1395 634 di·

240 685 379 744 cerent
402 677 450 744 ab
474 677 543 762 eo]

326 784 404 870 Cap.
428 791 480 866 40,
505 790 523 848 7
547 786 595 867 (11
619 783 656 863 Q.
680 786 796 852 Marcii
818 786 861 851 ad
883 786 1071 872 Philippum
1094 785 1274 867 oratione):
1297 785 1395 851 The·

239 895 369 961 banos
391 895 569 978 legatos,
593 894 785 960 Euersam
809 894 851 977 (?)
875 903 914 961 et
938 895 1209 971 Callicritum,
1232 894 1395 959 venien·

239 1009 302 1069 tes
326 1025 347 1068 a
368 1003 503 1082 nobis,
528 1023 708 1085 quaerere
731 1003 843 1081 maio,
868 1005 956 1088 quis
979 1001 1253 1081 interfecerit,
1278 1022 1395 1087 quam

239 1131 421 1192 arguere.
469 1109 547 1176 Cod.
578 1131 707 1190 anos;
742 1111 840 1176 scrib.
863 1112 914 1177 ad
942 1132 1027 1189 nos,
1052 1110 1184 1176 sublato
1213 1131 1338 1191 errore,
1359 1111 1395 1175 111

154 1232 227 1304 (aaa)
246 1240 343 1303 quem
365 1240 510 1303 persaepe
532 1219 586 1283 hic
608 1219 763 1285 librarius
791 1220 909 1285 incidit
943 1219 974 1300 (a
996 1240 1055 1303 pro
1085 1217 1154 1300 ad).
1200 1217 1395 1285 Interfector

239 1327 299 1392 hos
321 1327 470 1393 homines
493 1348 574 1407 esse,
598 1350 699 1410 quum
722 1329 861 1395 Romam
884 1330 970 1393 irent
994 1326 1178 1408 (delaturos
1204 1347 1238 1392 se
1261 1327 1304 1392 ad
1328 1328 1393 1393 Ro·

240 1457 355 1501 manos
378 1435 533 1519 professi,
557 1456 630 1518 quae
653 1456 673 1500 a
695 1436 816 1503 Perseo
845 1436 1049 1520 agerentur),
1084 1457 1148 1500 non
1183 1456 1284 1518 quum
1317 1434 1394 1501 inde

240 1543 394 1624 redirent,
418 1553 557 1628 apparet
579 1565 597 1609 e
621 1565 648 1607 c.
673 1547 722 1622 13,
747 1549 774 1608 7.
823 1545 874 1625 (In
904 1543 919 1628 ἓ
952 1549 965 1607 1
992 1545 1077 1608 sitne
1106 1544 1302 1626 simpliciter
1331 1543 1394 1609 tol·
1420 1578 1427 1585 -

240 1650 374 1717 lendum
401 1673 472 1717 nos
503 1673 544 1716 an
567 1652 776 1718 mutandum.
810 1654 935 1732 nesci03
971 1674 1044 1717 cum
1077 1652 1395 1735 respondeamus

241 1760 373 1842 quidem
396 1762 549 1842 conirmgi
573 1759 712 1842 nequit.)
1393 1768 1396 1773 “

327 1866 407 1952 Cap.
431 1874 482 1948 41,
507 1873 525 1933 9
550 1869 597 1949 (11
620 1869 765 1954 Philippi
788 1870 830 1935 ad
852 1871 1012 1936 Marcium
1036 1869 1216 1944 oratione):
1239 1867 1290 1933 Et
1311 1868 1394 1934 haec

241 1977 405 2062 quidem
427 1976 526 2041 mihi
549 1983 754 2061 tamquam
778 2000 944 2044 causam
968 1979 1124 2044 dicenti
1143 1996 1210 2043 reo
1230 1976 1397 2043 obiecta

241 2093 350 2166 sunt,
372 2085 447 2151 illa
469 2093 674 2170 tamquam
697 2089 785 2169 regi
809 2096 849 2152 et
878 2110 962 2171 quae
992 2088 1039 2153 de
1067 2087 1251 2163 foedere,
1286 2085 1397 2170 quod

240 2194 338 2259 mihi
361 2202 423 2260 est
444 2194 664 2275 vobiscum,
690 2195 1038 2280 disceptationem
1056 2195 1245 2262 habeant.
1274 2194 1312 2259 In
1334 2194 1398 2260 hac

241 2303 400 2368 orationis
427 2302 533 2368 forma-
560 2303 633 2368 illa
663 2325 841 2387 pronomen
864 2304 990 2370 infinite
1014 2305 1220 2371 demonstrat
1243 2325 1299 2383 ea,
1323 2324 1397 2386 quae

242 2410 449 2476 subiecturus
482 2418 560 2495 post
588 2411 728 2477 Perseus
758 2420 822 2481 est,
858 2412 1077 2494 definiturque
1110 2411 1397 2496 particularem,

240 2518 329 2600 quod
351 2540 454 2603 genus
477 2521 681 2602 pronominis
710 2520 783 2585 ille
817 2521 962 2604 ponendi
991 2520 1078 2605 uliud
1109 2519 1298 2585 Ciceronem
1331 2519 1397 2584 fre·

242 2647 344 2711 quens
368 2634 418 2691 est
442 2626 518 2706 (rid.
543 2626 650 2691 Hand.
675 2626 769 2691 Turs.
795 2628 827 2691 II
849 2652 879 2712 p.
906 2632 976 2695 379.
1001 2628 1119 2711 Opusc.
1143 2651 1216 2693 mea
1239 2626 1340 2692 Acad.
1363 2627 1398 2693 11

242 2758 273 2818 p,
297 2733 388 2815 286),
411 2733 540 2818 reliqua
563 2741 672 2799 autem
695 2736 743 2800 sic
767 2736 953 2800 enarranda
982 2743 1071 2799 sunt:
1106 2748 1144 2800 et
1178 2735 1396 2815 eiusmodi,

241 2849 284 2907 ut
310 2878 353 2887 —
383 2843 736 2927 disceptationem
759 2844 947 2909 habeant.
993 2843 1057 2909 Sed
1080 2854 1117 2909 ut
1140 2842 1320 2909 concedam
1343 2841 1397 2908 Li·

242 2952 329 3016 rium
351 2951 413 3016 hoc
435 2952 533 3016 modo
556 2953 749 3036 pronomine
773 2951 846 3017 ille
870 2960 904 3018 et
925 2953 1090 3038 particula-
1112 2973 1201 3016 nam
1223 2951 1276 3015 hic
1299 2972 1397 3017 usum

243 3081 331 3138 esse,
355 3062 449 3125 cuius
473 3083 551 3126 usus
574 3082 676 3125 unum
706 3069 867 3145 praeterea
900 3062 987 3145 apud
1018 3083 1091 3126 eum
1114 3059 1298 3143 exemplum
1321 3080 1397 3144 rep-

242 3169 323 3252 peri,
346 3168 467 3249 XXIII,
491 3174 520 3249 7,
545 3173 573 3245 3,
596 3190 702 3252 neque
726 3192 859 3254 prorsus
884 3170 1096 3245 contendam,
1126 3175 1202 3253 post
1226 3167 1398 3234 obiecta

242 3287 337 3343 sunt
372 3277 545 3343 dicendum
574 3277 674 3343 fuisse
707 3278 921 3358 haberent,
955 3285 1044 3342 certe
1067 3297 1174 3361 neque
1196 3283 1398 3358 tamquam

240 3387 327 3468 regi
350 3393 389 3451 et
412 3408 496 3471 quae
519 3386 566 3451 sic
588 3387 742 3470 coniungi
765 3394 919 3470 possunt,
943 3394 980 3450 ut
1003 3407 1086 3468 quae
1109 3406 1168 3468 pro
1192 3382 1398 3449 eiusmodi

241 3514 327 3577 quae
351 3494 536 3579 (tamquam
558 3494 763 3578 praecedente
787 3492 963 3575 adjectivo)
987 3494 1184 3577 accipiatur,
1213 3512 1317 3575 neque
1347 3512 1396 3572 ea,

242 3623 315 3686 quae
338 3610 532 3687 sequuntur,
555 3604 834 3669 enumerationem
852 3601 978 3667 habent
994 3622 1103 3666 rerum
1122 3608 1234 3685 aptam
1247 3599 1290 3664 ad
1305 3599 1397 3664 illam

240 3710 402 3778 infinitam
426 3712 741 3777 demonstrationem
765 3709 1000 3789 definiendam,
1032 3709 1090 3775 sed
1112 3711 1218 3794 ipsam
1242 3707 1397 3791 quaestio·

240 3839 331 3899 nem,
355 3820 463 3885 sintne
486 3840 540 3899 ea,
575 3840 647 3905 quae
669 3818 812 3884 Marcius
836 3818 1116 3896 commemoravit,
1140 3824 1257 3883 contra
1279 3814 1397 3882 foedus

241 3926 339 3993 facta.
374 3926 459 3994 Casu
481 3929 582 4012 igitur
603 3933 683 3992 nata
705 3933 756 3991 est
778 3925 848 3991 haec
870 3927 1006 3991 rarioris
1030 3925 1160 3991 dicendi
1187 3925 1300 3991 fonnae
1323 3945 1397 4008 spe·

242 4035 308 4101 cies
326 4039 571 4122 scripseratque
588 4035 712 4101 Livius:
733 4035 809 4100 illa
824 4044 1033 4118 tamquam
1050 4033 1142 4114 regi,
1160 4052 1236 4110 quc
1255 4033 1300 4097 de
1318 4031 1398 4097 foe·

243 4143 357 4224 dere,
380 4145 485 4228 quod
507 4144 605 4209 mihi
628 4150 691 4209 est
713 4143 935 4213 vobiscum,
964 4142 1310 4225 disceptationem
1333 4141 1397 4202 ia·

242 4253 387 4318 111111.
432 4252 590 4318 Habeat
623 4272 684 4337 pro
717 4251 897 4318 habebat
929 4252 963 4316 in
993 4248 1104 4315 codice
1132 4250 1289 4316 scribitur
1311 4247 1396 4329 XLI,
