<?xml version="1.0" encoding="UTF-8"?>
<!DOCTYPE html PUBLIC "-//W3C//DTD XHTML 1.0 Transitional//EN"
    "http://www.w3.org/TR/xhtml1/DTD/xhtml1-transitional.dtd">
<html xmlns="http://www.w3.org/1999/xhtml" xml:lang="en" lang="en">
 <head>
  <title>
</title>
<meta http-equiv="Content-Type" content="text/html;charset=utf-8" />
  <meta name='ocr-system' content='tesseract 3.04.00' />
  <meta name='ocr-capabilities' content='ocr_page ocr_carea ocr_par ocr_line ocrx_word'/>
</head>
<body>
  <div class='ocr_page' id='page_1' title='image "./emendationesliv01madvgoog_0013.png"; bbox 0 0 3060 5272; ppageno 0'>
   <div class='ocr_carea' id='block_1_1' title="bbox 753 288 773 348">
    <p class='ocr_par' dir='ltr' id='par_1_1' title="bbox 753 288 773 348">
     <span class='ocr_line' id='line_1_1' title="bbox 753 288 773 348; baseline 0 0"><span class='ocrx_word' id='word_1_1' title='bbox 753 288 773 348; x_wconf 84' lang='grc'>4</span> 
     </span>
    </p>
   </div>
   <div class='ocr_carea' id='block_1_2' title="bbox 139 471 1339 2825">
    <p class='ocr_par' dir='ltr' id='par_1_2' title="bbox 189 471 1339 1530">
     <span class='ocr_line' id='line_1_2' title="bbox 189 471 1339 557; baseline -0.005 -14"><span class='ocrx_word' id='word_1_2' title='bbox 189 496 250 543; x_wconf 88' lang='lat' dir='ltr'>sua</span> <span class='ocrx_word' id='word_1_3' title='bbox 278 474 425 557; x_wconf 84' lang='lat' dir='ltr'>exempla</span> <span class='ocrx_word' id='word_1_4' title='bbox 452 472 493 538; x_wconf 92' lang='lat' dir='ltr'>de</span> <span class='ocrx_word' id='word_1_5' title='bbox 522 493 595 538; x_wconf 90' lang='lat' dir='ltr'>meo</span> <span class='ocrx_word' id='word_1_6' title='bbox 624 471 877 552; x_wconf 84' lang='lat' dir='ltr'>transtulerant3</span> <span class='ocrx_word' id='word_1_7' title='bbox 905 477 1053 556; x_wconf 90' lang='lat' dir='ltr'>poteram</span> <span class='ocrx_word' id='word_1_8' title='bbox 1083 472 1116 537; x_wconf 93' lang='lat' dir='ltr'>in</span> <span class='ocrx_word' id='word_1_9' title='bbox 1139 472 1244 538; x_wconf 90' lang='lat' dir='ltr'>multo</span> <span class='ocrx_word' id='word_1_10' title='bbox 1266 472 1339 556; x_wconf 92' lang='lat' dir='ltr'>plu·</span> 
     </span>
     <span class='ocr_line' id='line_1_3' title="bbox 189 579 1339 666; baseline -0.003 -17"><span class='ocrx_word' id='word_1_11' title='bbox 189 583 291 649; x_wconf 90' lang='lat' dir='ltr'>ribus.</span> <span class='ocrx_word' id='word_1_12' title='bbox 325 582 359 649; x_wconf 88' lang='lat' dir='ltr'>Si</span> <span class='ocrx_word' id='word_1_13' title='bbox 376 582 432 666; x_wconf 92' lang='lat' dir='ltr'>qui</span> <span class='ocrx_word' id='word_1_14' title='bbox 450 587 556 660; x_wconf 91' lang='lat' dir='ltr'>erunt,</span> <span class='ocrx_word' id='word_1_15' title='bbox 578 581 644 664; x_wconf 90' lang='lat' dir='ltr'>qui,</span> <span class='ocrx_word' id='word_1_16' title='bbox 667 602 767 665; x_wconf 94' lang='lat' dir='ltr'>quum</span> <span class='ocrx_word' id='word_1_17' title='bbox 779 601 912 645; x_wconf 91' lang='lat' dir='ltr'>omnem</span> <span class='ocrx_word' id='word_1_18' title='bbox 931 579 1192 646; x_wconf 79' lang='lat' dir='ltr'><strong>emendationum</strong></span> <span class='ocrx_word' id='word_1_19' title='bbox 1209 581 1339 665; x_wconf 90' lang='lat' dir='ltr'>copiam</span> 
     </span>
     <span class='ocr_line' id='line_1_4' title="bbox 189 688 1338 773; baseline -0.003 -16"><span class='ocrx_word' id='word_1_20' title='bbox 189 693 223 757; x_wconf 91' lang='lat' dir='ltr'>in</span> <span class='ocrx_word' id='word_1_21' title='bbox 257 711 356 757; x_wconf 93' lang='lat' dir='ltr'>unum</span> <span class='ocrx_word' id='word_1_22' title='bbox 393 689 564 755; x_wconf 77' lang='lat' dir='ltr'>collectam</span> <span class='ocrx_word' id='word_1_23' title='bbox 596 688 729 755; x_wconf 80' lang='lat' dir='ltr'>videant</span> <span class='ocrx_word' id='word_1_24' title='bbox 762 708 822 755; x_wconf 90' lang='lat' dir='ltr'>neo</span> <span class='ocrx_word' id='word_1_25' title='bbox 849 688 1029 773; x_wconf 87' lang='lat' dir='ltr'>quidquam</span> <span class='ocrx_word' id='word_1_26' title='bbox 1059 711 1098 754; x_wconf 87' lang='lat' dir='ltr'>ex</span> <span class='ocrx_word' id='word_1_27' title='bbox 1126 689 1191 756; x_wconf 84' lang='lat' dir='ltr'>alio</span> <span class='ocrx_word' id='word_1_28' title='bbox 1218 710 1338 772; x_wconf 83' lang='lat' dir='ltr'>genere</span> 
     </span>
     <span class='ocr_line' id='line_1_5' title="bbox 190 796 1339 883; baseline -0.002 -19"><span class='ocrx_word' id='word_1_29' title='bbox 190 799 434 883; x_wconf 85' lang='lat' dir='ltr'>interpositum,</span> <span class='ocrx_word' id='word_1_30' title='bbox 474 798 538 862; x_wconf 90' lang='lat' dir='ltr'>uisi</span> <span class='ocrx_word' id='word_1_31' title='bbox 577 798 665 880; x_wconf 94' lang='lat' dir='ltr'>quod</span> <span class='ocrx_word' id='word_1_32' title='bbox 705 796 748 861; x_wconf 92' lang='lat' dir='ltr'>ad</span> <span class='ocrx_word' id='word_1_33' title='bbox 786 796 859 862; x_wconf 90' lang='lat' dir='ltr'>illas</span> <span class='ocrx_word' id='word_1_34' title='bbox 892 796 1132 862; x_wconf 88' lang='lat' dir='ltr'>confirmandas</span> <span class='ocrx_word' id='word_1_35' title='bbox 1164 798 1339 881; x_wconf 84' lang='lat' dir='ltr'>pertineat,</span> 
     </span>
     <span class='ocr_line' id='line_1_6' title="bbox 189 904 1338 993; baseline -0.003 -20"><span class='ocrx_word' id='word_1_36' title='bbox 189 909 298 993; x_wconf 92' lang='lat' dir='ltr'>ipsum</span> <span class='ocrx_word' id='word_1_37' title='bbox 330 927 502 972; x_wconf 88' lang='lat' dir='ltr'>numerum</span> <span class='ocrx_word' id='word_1_38' title='bbox 533 904 748 971; x_wconf 84' lang='lat' dir='ltr'>reformident</span> <span class='ocrx_word' id='word_1_39' title='bbox 781 924 841 970; x_wconf 87' lang='lat' dir='ltr'>nec</span> <span class='ocrx_word' id='word_1_40' title='bbox 874 911 926 970; x_wconf 92' lang='lat' dir='ltr'>tot</span> <span class='ocrx_word' id='word_1_41' title='bbox 958 906 1167 971; x_wconf 87' lang='lat' dir='ltr'>coniecturas</span> <span class='ocrx_word' id='word_1_42' title='bbox 1201 905 1243 970; x_wconf 86' lang='lat' dir='ltr'>ab</span> <span class='ocrx_word' id='word_1_43' title='bbox 1273 927 1338 971; x_wconf 93' lang='lat' dir='ltr'>uno</span> 
     </span>
     <span class='ocr_line' id='line_1_7' title="bbox 189 1012 1339 1099; baseline -0.002 -18"><span class='ocrx_word' id='word_1_44' title='bbox 189 1016 318 1081; x_wconf 91' lang='lat' dir='ltr'>homine</span> <span class='ocrx_word' id='word_1_45' title='bbox 352 1015 499 1099; x_wconf 86' lang='lat' dir='ltr'>accipere</span> <span class='ocrx_word' id='word_1_46' title='bbox 532 1034 606 1078; x_wconf 90' lang='lat' dir='ltr'>cum</span> <span class='ocrx_word' id='word_1_47' title='bbox 639 1034 776 1079; x_wconf 86' lang='lat' dir='ltr'>assensu</span> <span class='ocrx_word' id='word_1_48' title='bbox 810 1012 968 1092; x_wconf 87' lang='lat' dir='ltr'>audeant,</span> <span class='ocrx_word' id='word_1_49' title='bbox 1009 1019 1127 1079; x_wconf 89' lang='lat' dir='ltr'>contra</span> <span class='ocrx_word' id='word_1_50' title='bbox 1165 1035 1223 1079; x_wconf 90' lang='lat' dir='ltr'>eos</span> <span class='ocrx_word' id='word_1_51' title='bbox 1256 1014 1339 1079; x_wconf 88' lang='lat' dir='ltr'>nihil</span> 
     </span>
     <span class='ocr_line' id='line_1_8' title="bbox 190 1119 1338 1204; baseline -0.001 -16"><span class='ocrx_word' id='word_1_52' title='bbox 190 1123 362 1188; x_wconf 90' lang='lat' dir='ltr'>dicendum</span> <span class='ocrx_word' id='word_1_53' title='bbox 387 1130 450 1202; x_wconf 82' lang='lat' dir='ltr'>est3</span> <span class='ocrx_word' id='word_1_54' title='bbox 464 1175 469 1184; x_wconf 94' lang='lat'><em>.</em></span> <span class='ocrx_word' id='word_1_55' title='bbox 484 1122 557 1186; x_wconf 85' lang='lat' dir='ltr'>aliis</span> <span class='ocrx_word' id='word_1_56' title='bbox 586 1121 672 1186; x_wconf 89' lang='lat' dir='ltr'>enim</span> <span class='ocrx_word' id='word_1_57' title='bbox 701 1119 900 1204; x_wconf 84' lang='lat' dir='ltr'>ponderibus</span> <span class='ocrx_word' id='word_1_58' title='bbox 923 1128 956 1185; x_wconf 92' lang='lat' dir='ltr'>et</span> <span class='ocrx_word' id='word_1_59' title='bbox 980 1122 1048 1186; x_wconf 90' lang='lat' dir='ltr'>suis</span> <span class='ocrx_word' id='word_1_60' title='bbox 1070 1122 1245 1187; x_wconf 92' lang='lat' dir='ltr'>momentis</span> <span class='ocrx_word' id='word_1_61' title='bbox 1268 1122 1338 1187; x_wconf 86' lang='lat' dir='ltr'>haec</span> 
     </span>
     <span class='ocr_line' id='line_1_9' title="bbox 189 1228 1336 1314; baseline -0.001 -18"><span class='ocrx_word' id='word_1_62' title='bbox 189 1230 405 1296; x_wconf 87' lang='lat' dir='ltr'>examinanda</span> <span class='ocrx_word' id='word_1_63' title='bbox 443 1235 535 1309; x_wconf 83' lang='lat' dir='ltr'>sunt3</span> <span class='ocrx_word' id='word_1_64' title='bbox 575 1250 677 1293; x_wconf 92' lang='lat' dir='ltr'>unum</span> <span class='ocrx_word' id='word_1_65' title='bbox 716 1228 812 1293; x_wconf 83' lang='lat' dir='ltr'>velim</span> <span class='ocrx_word' id='word_1_66' title='bbox 852 1228 1079 1308; x_wconf 80' lang='lat' dir='ltr'>considerent,</span> <span class='ocrx_word' id='word_1_67' title='bbox 1120 1237 1202 1314; x_wconf 88' lang='lat' dir='ltr'>quot</span> <span class='ocrx_word' id='word_1_68' title='bbox 1240 1231 1336 1295; x_wconf 89' lang='lat' dir='ltr'>unius</span> 
     </span>
     <span class='ocr_line' id='line_1_10' title="bbox 189 1336 1337 1423; baseline -0.003 -16"><span class='ocrx_word' id='word_1_69' title='bbox 189 1339 319 1423; x_wconf 71' lang='lat' dir='ltr'>liryuaai</span> <span class='ocrx_word' id='word_1_70' title='bbox 348 1340 382 1403; x_wconf 92' lang='lat' dir='ltr'>in</span> <span class='ocrx_word' id='word_1_71' title='bbox 410 1337 490 1404; x_wconf 90' lang='lat' dir='ltr'>solis</span> <span class='ocrx_word' id='word_1_72' title='bbox 519 1337 663 1421; x_wconf 91' lang='lat' dir='ltr'>quinque</span> <span class='ocrx_word' id='word_1_73' title='bbox 692 1336 785 1402; x_wconf 91' lang='lat' dir='ltr'>libris</span> <span class='ocrx_word' id='word_1_74' title='bbox 814 1337 937 1421; x_wconf 83' lang='lat' dir='ltr'>quintae</span> <span class='ocrx_word' id='word_1_75' title='bbox 967 1336 1100 1402; x_wconf 91' lang='lat' dir='ltr'>decadis</span> <span class='ocrx_word' id='word_1_76' title='bbox 1130 1339 1337 1403; x_wconf 88' lang='lat' dir='ltr'>coniecturas</span> 
     </span>
     <span class='ocr_line' id='line_1_11' title="bbox 189 1445 1337 1530; baseline 0 -18"><span class='ocrx_word' id='word_1_77' title='bbox 189 1454 377 1530; x_wconf 86' lang='lat' dir='ltr'>sequantur,</span> <span class='ocrx_word' id='word_1_78' title='bbox 402 1467 601 1530; x_wconf 88' lang='lat' dir='ltr'>quamquam</span> <span class='ocrx_word' id='word_1_79' title='bbox 624 1446 830 1511; x_wconf 88' lang='lat' dir='ltr'>coniecturas</span> <span class='ocrx_word' id='word_1_80' title='bbox 848 1466 902 1509; x_wconf 87' lang='lat' dir='ltr'>eas</span> <span class='ocrx_word' id='word_1_81' title='bbox 919 1467 992 1510; x_wconf 88' lang='lat' dir='ltr'>esse</span> <span class='ocrx_word' id='word_1_82' title='bbox 1011 1452 1087 1511; x_wconf 85' lang='lat' dir='ltr'>ante</span> <span class='ocrx_word' id='word_1_83' title='bbox 1104 1445 1337 1530; x_wconf 80' lang='lat' dir='ltr'>Kreyssigium,</span> 
     </span>
    </p>

    <p class='ocr_par' dir='ltr' id='par_1_3' title="bbox 139 1552 1339 2825">
     <span class='ocr_line' id='line_1_12' title="bbox 139 1552 1338 1636; baseline 0.003 -19"><span class='ocrx_word' id='word_1_84' title='bbox 139 1562 175 1632; x_wconf 81' lang='lat'>(4)</span> <span class='ocrx_word' id='word_1_85' title='bbox 193 1554 392 1635; x_wconf 86' lang='lat' dir='ltr'>Bekkerum,</span> <span class='ocrx_word' id='word_1_86' title='bbox 420 1575 472 1618; x_wconf 88' lang='lat' dir='ltr'>me</span> <span class='ocrx_word' id='word_1_87' title='bbox 494 1552 699 1636; x_wconf 82' lang='lat' dir='ltr'>ignorabant.</span> <span class='ocrx_word' id='word_1_88' title='bbox 748 1552 796 1616; x_wconf 87' lang='lat' dir='ltr'>De</span> <span class='ocrx_word' id='word_1_89' title='bbox 824 1553 904 1636; x_wconf 90' lang='lat' dir='ltr'>ipsis</span> <span class='ocrx_word' id='word_1_90' title='bbox 927 1553 1025 1618; x_wconf 91' lang='lat' dir='ltr'>rebus</span> <span class='ocrx_word' id='word_1_91' title='bbox 1048 1576 1069 1619; x_wconf 91' lang='lat' dir='ltr'>a</span> <span class='ocrx_word' id='word_1_92' title='bbox 1093 1554 1184 1619; x_wconf 88' lang='lat' dir='ltr'>Livio</span> <span class='ocrx_word' id='word_1_93' title='bbox 1206 1556 1338 1621; x_wconf 89' lang='lat' dir='ltr'>traditis</span> 
     </span>
     <span class='ocr_line' id='line_1_13' title="bbox 189 1660 1338 1746; baseline 0.002 -18"><span class='ocrx_word' id='word_1_94' title='bbox 189 1684 318 1728; x_wconf 91' lang='lat' dir='ltr'>omnem</span> <span class='ocrx_word' id='word_1_95' title='bbox 342 1663 566 1746; x_wconf 85' lang='lat' dir='ltr'>quaestionem,</span> <span class='ocrx_word' id='word_1_96' title='bbox 589 1681 662 1744; x_wconf 87' lang='lat' dir='ltr'>quae</span> <span class='ocrx_word' id='word_1_97' title='bbox 685 1680 750 1724; x_wconf 93' lang='lat' dir='ltr'>non</span> <span class='ocrx_word' id='word_1_98' title='bbox 773 1680 848 1724; x_wconf 92' lang='lat' dir='ltr'>cum</span> <span class='ocrx_word' id='word_1_99' title='bbox 872 1660 980 1725; x_wconf 88' lang='lat' dir='ltr'>verbis</span> <span class='ocrx_word' id='word_1_100' title='bbox 1003 1668 1037 1725; x_wconf 91' lang='lat' dir='ltr'>et</span> <span class='ocrx_word' id='word_1_101' title='bbox 1055 1664 1214 1728; x_wconf 85' lang='lat' dir='ltr'>orationis</span> <span class='ocrx_word' id='word_1_102' title='bbox 1233 1662 1338 1730; x_wconf 87' lang='lat' dir='ltr'>forma</span> 
     </span>
     <span class='ocr_line' id='line_1_14' title="bbox 189 1769 1338 1854; baseline 0.001 -18"><span class='ocrx_word' id='word_1_103' title='bbox 189 1792 338 1854; x_wconf 79' lang='lat' dir='ltr'>veraque</span> <span class='ocrx_word' id='word_1_104' title='bbox 362 1771 532 1854; x_wconf 81' lang='lat' dir='ltr'>scripturae</span> <span class='ocrx_word' id='word_1_105' title='bbox 552 1769 788 1835; x_wconf 90' lang='lat' dir='ltr'>constitutione</span> <span class='ocrx_word' id='word_1_106' title='bbox 806 1769 983 1834; x_wconf 90' lang='lat' dir='ltr'>coniuncta</span> <span class='ocrx_word' id='word_1_107' title='bbox 999 1777 1095 1849; x_wconf 83' lang='lat' dir='ltr'>esset,</span> <span class='ocrx_word' id='word_1_108' title='bbox 1120 1771 1266 1836; x_wconf 89' lang='lat' dir='ltr'>studiose</span> <span class='ocrx_word' id='word_1_109' title='bbox 1284 1772 1338 1836; x_wconf 89' lang='lat' dir='ltr'>hic</span> 
     </span>
     <span class='ocr_line' id='line_1_15' title="bbox 189 1875 1337 1964; baseline 0.002 -21"><span class='ocrx_word' id='word_1_110' title='bbox 189 1880 303 1959; x_wconf 82' lang='lat' dir='ltr'>vitavi3</span> <span class='ocrx_word' id='word_1_111' title='bbox 340 1900 400 1962; x_wconf 92' lang='lat' dir='ltr'>per</span> <span class='ocrx_word' id='word_1_112' title='bbox 429 1899 463 1943; x_wconf 91' lang='lat' dir='ltr'>se</span> <span class='ocrx_word' id='word_1_113' title='bbox 487 1879 573 1942; x_wconf 92' lang='lat' dir='ltr'>euim</span> <span class='ocrx_word' id='word_1_114' title='bbox 596 1877 725 1961; x_wconf 88' lang='lat' dir='ltr'>aliaque</span> <span class='ocrx_word' id='word_1_115' title='bbox 749 1875 913 1941; x_wconf 87' lang='lat' dir='ltr'>scribendi</span> <span class='ocrx_word' id='word_1_116' title='bbox 936 1877 1056 1957; x_wconf 86' lang='lat' dir='ltr'>forma,</span> <span class='ocrx_word' id='word_1_117' title='bbox 1086 1899 1159 1961; x_wconf 87' lang='lat' dir='ltr'>quae</span> <span class='ocrx_word' id='word_1_118' title='bbox 1183 1900 1221 1944; x_wconf 91' lang='lat' dir='ltr'>eo</span> <span class='ocrx_word' id='word_1_119' title='bbox 1245 1901 1337 1964; x_wconf 87' lang='lat' dir='ltr'>speo-</span> 
     </span>
     <span class='ocr_line' id='line_1_16' title="bbox 189 1984 1339 2069; baseline 0.001 -18"><span class='ocrx_word' id='word_1_120' title='bbox 189 1993 275 2065; x_wconf 87' lang='lat' dir='ltr'>tant,</span> <span class='ocrx_word' id='word_1_121' title='bbox 303 1986 478 2051; x_wconf 88' lang='lat' dir='ltr'>tractanda</span> <span class='ocrx_word' id='word_1_122' title='bbox 507 1990 600 2065; x_wconf 91' lang='lat' dir='ltr'>sunt;</span> <span class='ocrx_word' id='word_1_123' title='bbox 633 2006 674 2049; x_wconf 89' lang='lat' dir='ltr'>ue</span> <span class='ocrx_word' id='word_1_124' title='bbox 703 1984 777 2068; x_wconf 91' lang='lat' dir='ltr'>quis</span> <span class='ocrx_word' id='word_1_125' title='bbox 808 1984 921 2049; x_wconf 87' lang='lat' dir='ltr'>credat</span> <span class='ocrx_word' id='word_1_126' title='bbox 948 2007 999 2049; x_wconf 92' lang='lat' dir='ltr'>me</span> <span class='ocrx_word' id='word_1_127' title='bbox 1029 1987 1206 2069; x_wconf 86' lang='lat' dir='ltr'>quicquam</span> <span class='ocrx_word' id='word_1_128' title='bbox 1235 1988 1275 2052; x_wconf 92' lang='lat' dir='ltr'>iis</span> <span class='ocrx_word' id='word_1_129' title='bbox 1303 1994 1339 2052; x_wconf 93' lang='lat' dir='ltr'>et</span> 
     </span>
     <span class='ocr_line' id='line_1_17' title="bbox 189 2092 1337 2178; baseline 0.001 -18"><span class='ocrx_word' id='word_1_130' title='bbox 189 2094 290 2160; x_wconf 85' lang='lat' dir='ltr'>verba</span> <span class='ocrx_word' id='word_1_131' title='bbox 312 2100 344 2158; x_wconf 90' lang='lat' dir='ltr'>et</span> <span class='ocrx_word' id='word_1_132' title='bbox 367 2095 521 2159; x_wconf 88' lang='lat' dir='ltr'>instituta</span> <span class='ocrx_word' id='word_1_133' title='bbox 542 2099 653 2158; x_wconf 81' lang='lat' dir='ltr'>vetera</span> <span class='ocrx_word' id='word_1_134' title='bbox 675 2092 849 2157; x_wconf 88' lang='lat' dir='ltr'>enarrandi</span> <span class='ocrx_word' id='word_1_135' title='bbox 873 2092 1019 2158; x_wconf 88' lang='lat' dir='ltr'>artificiis</span> <span class='ocrx_word' id='word_1_136' title='bbox 1038 2094 1192 2174; x_wconf 88' lang='lat' dir='ltr'>tribuere,</span> <span class='ocrx_word' id='word_1_137' title='bbox 1215 2095 1337 2178; x_wconf 90' lang='lat' dir='ltr'>quibus</span> 
     </span>
     <span class='ocr_line' id='line_1_18' title="bbox 190 2199 1335 2286; baseline 0.003 -20"><span class='ocrx_word' id='word_1_138' title='bbox 190 2203 223 2266; x_wconf 91' lang='lat' dir='ltr'>in</span> <span class='ocrx_word' id='word_1_139' title='bbox 258 2202 343 2268; x_wconf 90' lang='lat' dir='ltr'>libro</span> <span class='ocrx_word' id='word_1_140' title='bbox 373 2200 449 2266; x_wconf 86' lang='lat' dir='ltr'>VIII</span> <span class='ocrx_word' id='word_1_141' title='bbox 478 2224 505 2266; x_wconf 91' lang='lat' dir='ltr'>c.</span> <span class='ocrx_word' id='word_1_142' title='bbox 533 2205 552 2265; x_wconf 84' lang='lat'>8</span> <span class='ocrx_word' id='word_1_143' title='bbox 587 2199 640 2282; x_wconf 84' lang='lat' dir='ltr'>(de</span> <span class='ocrx_word' id='word_1_144' title='bbox 674 2200 802 2284; x_wconf 83' lang='lat' dir='ltr'>legione</span> <span class='ocrx_word' id='word_1_145' title='bbox 837 2209 870 2265; x_wconf 91' lang='lat' dir='ltr'>et</span> <span class='ocrx_word' id='word_1_146' title='bbox 904 2202 973 2266; x_wconf 85' lang='lat' dir='ltr'>acie</span> <span class='ocrx_word' id='word_1_147' title='bbox 1001 2201 1150 2268; x_wconf 83' lang='lat' dir='ltr'>Romana</span> <span class='ocrx_word' id='word_1_148' title='bbox 1185 2204 1335 2286; x_wconf 90' lang='lat' dir='ltr'>antiqua)</span> 
     </span>
     <span class='ocr_line' id='line_1_19' title="bbox 190 2307 1336 2392; baseline 0 -17"><span class='ocrx_word' id='word_1_149' title='bbox 190 2317 249 2375; x_wconf 87' lang='lat' dir='ltr'>aut</span> <span class='ocrx_word' id='word_1_150' title='bbox 279 2331 306 2375; x_wconf 89' lang='lat' dir='ltr'>o.</span> <span class='ocrx_word' id='word_1_151' title='bbox 337 2315 375 2375; x_wconf 90' lang='grc'>14</span> <span class='ocrx_word' id='word_1_152' title='bbox 411 2310 465 2392; x_wconf 86' lang='lat' dir='ltr'>(de</span> <span class='ocrx_word' id='word_1_153' title='bbox 500 2310 631 2373; x_wconf 80' lang='lat' dir='ltr'>civitate</span> <span class='ocrx_word' id='word_1_154' title='bbox 659 2307 784 2373; x_wconf 88' lang='lat' dir='ltr'>Latinis</span> <span class='ocrx_word' id='word_1_155' title='bbox 820 2309 911 2390; x_wconf 87' lang='lat' dir='ltr'>data)</span> <span class='ocrx_word' id='word_1_156' title='bbox 948 2315 1006 2374; x_wconf 89' lang='lat' dir='ltr'>aut</span> <span class='ocrx_word' id='word_1_157' title='bbox 1039 2312 1071 2373; x_wconf 91' lang='lat' dir='ltr'>iu</span> <span class='ocrx_word' id='word_1_158' title='bbox 1106 2310 1191 2377; x_wconf 92' lang='lat' dir='ltr'>libro</span> <span class='ocrx_word' id='word_1_159' title='bbox 1221 2310 1336 2392; x_wconf 86' lang='lat' dir='ltr'>XXVI,</span> 
     </span>
     <span class='ocr_line' id='line_1_20' title="bbox 191 2416 1335 2503; baseline 0.003 -21"><span class='ocrx_word' id='word_1_160' title='bbox 191 2422 230 2482; x_wconf 85' lang='lat'>34</span> <span class='ocrx_word' id='word_1_161' title='bbox 254 2419 307 2500; x_wconf 85' lang='lat' dir='ltr'>(de</span> <span class='ocrx_word' id='word_1_162' title='bbox 337 2417 527 2502; x_wconf 87' lang='lat' dir='ltr'>Campanis)</span> <span class='ocrx_word' id='word_1_163' title='bbox 557 2416 758 2481; x_wconf 88' lang='lat' dir='ltr'>similibusve</span> <span class='ocrx_word' id='word_1_164' title='bbox 786 2417 866 2482; x_wconf 88' lang='lat' dir='ltr'>locis</span> <span class='ocrx_word' id='word_1_165' title='bbox 889 2416 971 2481; x_wconf 90' lang='lat' dir='ltr'>Livii</span> <span class='ocrx_word' id='word_1_166' title='bbox 1000 2418 1033 2482; x_wconf 92' lang='lat' dir='ltr'>in</span> <span class='ocrx_word' id='word_1_167' title='bbox 1060 2418 1160 2484; x_wconf 89' lang='lat' dir='ltr'>rebus</span> <span class='ocrx_word' id='word_1_168' title='bbox 1189 2421 1335 2503; x_wconf 85' lang='lat' dir='ltr'>antiquis</span> 
     </span>
     <span class='ocr_line' id='line_1_21' title="bbox 190 2524 1335 2609; baseline 0.002 -18"><span class='ocrx_word' id='word_1_169' title='bbox 190 2547 317 2591; x_wconf 84' lang='lat' dir='ltr'>errores</span> <span class='ocrx_word' id='word_1_170' title='bbox 353 2526 553 2608; x_wconf 84' lang='lat' dir='ltr'>obteguntur</span> <span class='ocrx_word' id='word_1_171' title='bbox 586 2530 643 2589; x_wconf 89' lang='lat' dir='ltr'>aut</span> <span class='ocrx_word' id='word_1_172' title='bbox 676 2525 807 2589; x_wconf 80' lang='lat' dir='ltr'>incertae</span> <span class='ocrx_word' id='word_1_173' title='bbox 837 2524 1049 2609; x_wconf 71' lang='lat' dir='ltr'>obscurasque</span> <span class='ocrx_word' id='word_1_174' title='bbox 1080 2528 1180 2591; x_wconf 89' lang='lat' dir='ltr'>animi</span> <span class='ocrx_word' id='word_1_175' title='bbox 1208 2529 1335 2593; x_wconf 77' lang='lat' dir='ltr'>notitia</span> 
     </span>
     <span class='ocr_line' id='line_1_22' title="bbox 189 2633 1336 2717; baseline 0.002 -19"><span class='ocrx_word' id='word_1_176' title='bbox 189 2634 296 2699; x_wconf 80' lang='lat' dir='ltr'>verbis</span> <span class='ocrx_word' id='word_1_177' title='bbox 330 2633 492 2716; x_wconf 84' lang='lat' dir='ltr'>ambiguis</span> <span class='ocrx_word' id='word_1_178' title='bbox 526 2638 559 2696; x_wconf 85' lang='lat' dir='ltr'>et</span> <span class='ocrx_word' id='word_1_179' title='bbox 592 2634 758 2716; x_wconf 86' lang='lat' dir='ltr'>suspensis</span> <span class='ocrx_word' id='word_1_180' title='bbox 792 2654 953 2716; x_wconf 84' lang='lat' dir='ltr'>expressae</span> <span class='ocrx_word' id='word_1_181' title='bbox 986 2642 1143 2717; x_wconf 84' lang='lat' dir='ltr'>tauquam</span> <span class='ocrx_word' id='word_1_182' title='bbox 1176 2641 1273 2700; x_wconf 84' lang='lat' dir='ltr'>certae</span> <span class='ocrx_word' id='word_1_183' title='bbox 1301 2642 1336 2700; x_wconf 89' lang='lat' dir='ltr'>et</span> 
     </span>
     <span class='ocr_line' id='line_1_23' title="bbox 189 2741 508 2825; baseline -0.016 -16"><span class='ocrx_word' id='word_1_184' title='bbox 189 2762 272 2809; x_wconf 82' lang='lat' dir='ltr'>verae</span> <span class='ocrx_word' id='word_1_185' title='bbox 295 2741 508 2825; x_wconf 87' lang='lat' dir='ltr'>explicantur.</span> 
     </span>
    </p>
   </div>
   <div class='ocr_carea' id='block_1_3' title="bbox 189 3064 1335 4228">
    <p class='ocr_par' dir='ltr' id='par_1_4' title="bbox 189 3064 1335 4228">
     <span class='ocr_line' id='line_1_24' title="bbox 277 3064 1335 3149; baseline -0.001 -19"><span class='ocrx_word' id='word_1_186' title='bbox 277 3064 435 3142; x_wconf 85' lang='lat' dir='ltr'>Quoniam</span> <span class='ocrx_word' id='word_1_187' title='bbox 460 3067 573 3145; x_wconf 87' lang='lat' dir='ltr'>omnis,</span> <span class='ocrx_word' id='word_1_188' title='bbox 597 3066 654 3149; x_wconf 90' lang='lat' dir='ltr'>qui</span> <span class='ocrx_word' id='word_1_189' title='bbox 676 3065 718 3129; x_wconf 90' lang='lat' dir='ltr'>ad</span> <span class='ocrx_word' id='word_1_190' title='bbox 743 3065 839 3149; x_wconf 90' lang='lat' dir='ltr'>plura</span> <span class='ocrx_word' id='word_1_191' title='bbox 862 3072 894 3131; x_wconf 88' lang='lat' dir='ltr'>et</span> <span class='ocrx_word' id='word_1_192' title='bbox 913 3067 1005 3131; x_wconf 84' lang='lat' dir='ltr'>varia</span> <span class='ocrx_word' id='word_1_193' title='bbox 1023 3088 1040 3130; x_wconf 93' lang='lat' dir='ltr'>e</span> <span class='ocrx_word' id='word_1_194' title='bbox 1058 3066 1177 3131; x_wconf 88' lang='lat' dir='ltr'>vetoris</span> <span class='ocrx_word' id='word_1_195' title='bbox 1194 3065 1335 3131; x_wconf 88' lang='lat' dir='ltr'>alicuius</span> 
     </span>
     <span class='ocr_line' id='line_1_25' title="bbox 190 3173 1334 3258; baseline -0.001 -20"><span class='ocrx_word' id='word_1_196' title='bbox 190 3174 358 3257; x_wconf 86' lang='lat' dir='ltr'>scriptoris</span> <span class='ocrx_word' id='word_1_197' title='bbox 392 3173 546 3257; x_wconf 89' lang='lat' dir='ltr'>operibus</span> <span class='ocrx_word' id='word_1_198' title='bbox 583 3173 700 3238; x_wconf 88' lang='lat' dir='ltr'>menda</span> <span class='ocrx_word' id='word_1_199' title='bbox 733 3173 879 3238; x_wconf 90' lang='lat' dir='ltr'>tollenda</span> <span class='ocrx_word' id='word_1_200' title='bbox 912 3175 1092 3258; x_wconf 88' lang='lat' dir='ltr'>suscipitur</span> <span class='ocrx_word' id='word_1_201' title='bbox 1120 3179 1272 3253; x_wconf 88' lang='lat' dir='ltr'>conatus,</span> <span class='ocrx_word' id='word_1_202' title='bbox 1307 3175 1334 3238; x_wconf 89' lang='lat' dir='ltr'>si</span> 
     </span>
     <span class='ocr_line' id='line_1_26' title="bbox 189 3281 1333 3366; baseline 0 -19"><span class='ocrx_word' id='word_1_203' title='bbox 189 3281 320 3364; x_wconf 85' lang='lat' dir='ltr'>quidem</span> <span class='ocrx_word' id='word_1_204' title='bbox 343 3287 411 3347; x_wconf 85' lang='lat' dir='ltr'>arte</span> <span class='ocrx_word' id='word_1_205' title='bbox 433 3302 472 3345; x_wconf 88' lang='lat' dir='ltr'>ac</span> <span class='ocrx_word' id='word_1_206' title='bbox 493 3282 621 3347; x_wconf 89' lang='lat' dir='ltr'>ratione</span> <span class='ocrx_word' id='word_1_207' title='bbox 645 3281 831 3364; x_wconf 89' lang='lat' dir='ltr'>suscipitur,</span> <span class='ocrx_word' id='word_1_208' title='bbox 861 3304 882 3347; x_wconf 89' lang='lat' dir='ltr'>a</span> <span class='ocrx_word' id='word_1_209' title='bbox 904 3282 1064 3362; x_wconf 90' lang='lat' dir='ltr'>codicum,</span> <span class='ocrx_word' id='word_1_210' title='bbox 1087 3281 1209 3366; x_wconf 91' lang='lat' dir='ltr'>quibus</span> <span class='ocrx_word' id='word_1_211' title='bbox 1233 3303 1333 3366; x_wconf 86' lang='lat' dir='ltr'>opera</span> 
     </span>
     <span class='ocr_line' id='line_1_27' title="bbox 189 3389 1333 3473; baseline 0 -19"><span class='ocrx_word' id='word_1_212' title='bbox 189 3389 247 3455; x_wconf 92' lang='lat' dir='ltr'>illa</span> <span class='ocrx_word' id='word_1_213' title='bbox 269 3391 485 3468; x_wconf 88' lang='lat' dir='ltr'>continentur,</span> <span class='ocrx_word' id='word_1_214' title='bbox 508 3391 724 3454; x_wconf 79' lang='lat' dir='ltr'>aestimatione</span> <span class='ocrx_word' id='word_1_215' title='bbox 747 3389 909 3473; x_wconf 87' lang='lat' dir='ltr'>proficisci</span> <span class='ocrx_word' id='word_1_216' title='bbox 932 3389 1040 3468; x_wconf 91' lang='lat' dir='ltr'>debet,</span> <span class='ocrx_word' id='word_1_217' title='bbox 1063 3392 1096 3455; x_wconf 94' lang='lat' dir='ltr'>in</span> <span class='ocrx_word' id='word_1_218' title='bbox 1118 3389 1200 3455; x_wconf 88' lang='lat' dir='ltr'>Livii</span> <span class='ocrx_word' id='word_1_219' title='bbox 1224 3397 1333 3455; x_wconf 89' lang='lat' dir='ltr'>autem</span> 
     </span>
     <span class='ocr_line' id='line_1_28' title="bbox 190 3496 1334 3582; baseline -0.003 -18"><span class='ocrx_word' id='word_1_220' title='bbox 190 3518 304 3582; x_wconf 89' lang='lat' dir='ltr'>opere,</span> <span class='ocrx_word' id='word_1_221' title='bbox 344 3496 431 3580; x_wconf 93' lang='lat' dir='ltr'>quod</span> <span class='ocrx_word' id='word_1_222' title='bbox 464 3503 599 3580; x_wconf 90' lang='lat' dir='ltr'>propter</span> <span class='ocrx_word' id='word_1_223' title='bbox 632 3496 879 3580; x_wconf 89' lang='lat' dir='ltr'>amplitudinem</span> <span class='ocrx_word' id='word_1_224' title='bbox 912 3497 1136 3581; x_wconf 84' lang='lat' dir='ltr'>particulatim</span> <span class='ocrx_word' id='word_1_225' title='bbox 1170 3497 1334 3562; x_wconf 91' lang='lat' dir='ltr'>describe·</span> 
     </span>
     <span class='ocr_line' id='line_1_29' title="bbox 189 3602 1333 3685; baseline -0.001 -15"><span class='ocrx_word' id='word_1_226' title='bbox 189 3604 302 3684; x_wconf 84' lang='lat' dir='ltr'>batur,</span> <span class='ocrx_word' id='word_1_227' title='bbox 336 3626 430 3669; x_wconf 88' lang='lat' dir='ltr'>suum</span> <span class='ocrx_word' id='word_1_228' title='bbox 465 3611 515 3668; x_wconf 91' lang='lat' dir='ltr'>est</span> <span class='ocrx_word' id='word_1_229' title='bbox 543 3603 744 3685; x_wconf 82' lang='lat' dir='ltr'>singularum</span> <span class='ocrx_word' id='word_1_230' title='bbox 775 3602 935 3668; x_wconf 90' lang='lat' dir='ltr'>decadum</span> <span class='ocrx_word' id='word_1_231' title='bbox 966 3605 1141 3669; x_wconf 85' lang='lat' dir='ltr'>ediversis</span> <span class='ocrx_word' id='word_1_232' title='bbox 1165 3604 1333 3671; x_wconf 89' lang='lat' dir='ltr'>codicibus</span> 
     </span>
     <span class='ocr_line' id='line_1_30' title="bbox 190 3710 1333 3798; baseline 0.001 -22"><span class='ocrx_word' id='word_1_233' title='bbox 190 3712 373 3796; x_wconf 82' lang='lat' dir='ltr'>archetypis</span> <span class='ocrx_word' id='word_1_234' title='bbox 395 3732 453 3795; x_wconf 91' lang='lat' dir='ltr'>per</span> <span class='ocrx_word' id='word_1_235' title='bbox 472 3716 641 3793; x_wconf 87' lang='lat' dir='ltr'>separatas</span> <span class='ocrx_word' id='word_1_236' title='bbox 661 3710 810 3775; x_wconf 86' lang='lat' dir='ltr'>codicum</span> <span class='ocrx_word' id='word_1_237' title='bbox 829 3713 947 3795; x_wconf 90' lang='lat' dir='ltr'>stirpes</span> <span class='ocrx_word' id='word_1_238' title='bbox 964 3718 1219 3797; x_wconf 83' lang='lat' dir='ltr'>propagatarum</span> <span class='ocrx_word' id='word_1_239' title='bbox 1237 3714 1333 3798; x_wconf 90' lang='lat' dir='ltr'>quasi</span> 
     </span>
     <span class='ocr_line' id='line_1_31' title="bbox 191 3817 1333 3904; baseline 0.001 -21"><span class='ocrx_word' id='word_1_240' title='bbox 191 3820 462 3897; x_wconf 87' lang='lat' dir='ltr'>instrumentum,</span> <span class='ocrx_word' id='word_1_241' title='bbox 497 3840 576 3882; x_wconf 91' lang='lat' dir='ltr'>suus</span> <span class='ocrx_word' id='word_1_242' title='bbox 606 3817 826 3883; x_wconf 88' lang='lat' dir='ltr'>subsidiorum</span> <span class='ocrx_word' id='word_1_243' title='bbox 855 3826 1050 3903; x_wconf 89' lang='lat' dir='ltr'>apparatus,</span> <span class='ocrx_word' id='word_1_244' title='bbox 1084 3827 1261 3904; x_wconf 89' lang='lat' dir='ltr'>antequam</span> <span class='ocrx_word' id='word_1_245' title='bbox 1290 3819 1333 3886; x_wconf 90' lang='lat' dir='ltr'>ad</span> 
     </span>
     <span class='ocr_line' id='line_1_32' title="bbox 191 3925 1332 4013; baseline 0.001 -22"><span class='ocrx_word' id='word_1_246' title='bbox 191 3926 336 4009; x_wconf 83' lang='lat' dir='ltr'>singulos</span> <span class='ocrx_word' id='word_1_247' title='bbox 359 3928 470 3992; x_wconf 90' lang='lat' dir='ltr'>decem</span> <span class='ocrx_word' id='word_1_248' title='bbox 494 3927 673 4009; x_wconf 89' lang='lat' dir='ltr'>primorum</span> <span class='ocrx_word' id='word_1_249' title='bbox 702 3925 859 3991; x_wconf 89' lang='lat' dir='ltr'>librorum</span> <span class='ocrx_word' id='word_1_250' title='bbox 882 3928 985 4006; x_wconf 85' lang='lat' dir='ltr'>locos,</span> <span class='ocrx_word' id='word_1_251' title='bbox 1014 3928 1197 4013; x_wconf 91' lang='lat' dir='ltr'>dequibus</span> <span class='ocrx_word' id='word_1_252' title='bbox 1221 3928 1332 4013; x_wconf 90' lang='lat' dir='ltr'>dispu-</span> 
     </span>
     <span class='ocr_line' id='line_1_33' title="bbox 190 4033 1333 4118; baseline 0.002 -18"><span class='ocrx_word' id='word_1_253' title='bbox 190 4033 326 4100; x_wconf 91' lang='lat' dir='ltr'>tandum</span> <span class='ocrx_word' id='word_1_254' title='bbox 355 4037 430 4114; x_wconf 88' lang='lat' dir='ltr'>crit,</span> <span class='ocrx_word' id='word_1_255' title='bbox 459 4033 762 4099; x_wconf 89' lang='lat' dir='ltr'>commemorandos</span> <span class='ocrx_word' id='word_1_256' title='bbox 789 4037 895 4114; x_wconf 88' lang='lat' dir='ltr'>venio,</span> <span class='ocrx_word' id='word_1_257' title='bbox 924 4035 1062 4100; x_wconf 81' lang='lat' dir='ltr'>dicenda</span> <span class='ocrx_word' id='word_1_258' title='bbox 1085 4036 1233 4118; x_wconf 87' lang='lat' dir='ltr'>quaedam</span> <span class='ocrx_word' id='word_1_259' title='bbox 1257 4044 1333 4102; x_wconf 89' lang='lat' dir='ltr'>sunt</span> 
     </span>
     <span class='ocr_line' id='line_1_34' title="bbox 192 4141 1333 4228; baseline 0.004 -23"><span class='ocrx_word' id='word_1_260' title='bbox 192 4142 232 4206; x_wconf 91' lang='lat' dir='ltr'>de</span> <span class='ocrx_word' id='word_1_261' title='bbox 254 4141 421 4220; x_wconf 90' lang='lat' dir='ltr'>codicum,</span> <span class='ocrx_word' id='word_1_262' title='bbox 454 4142 573 4226; x_wconf 91' lang='lat' dir='ltr'>quibus</span> <span class='ocrx_word' id='word_1_263' title='bbox 601 4141 635 4206; x_wconf 95' lang='lat' dir='ltr'>hi</span> <span class='ocrx_word' id='word_1_264' title='bbox 663 4141 738 4206; x_wconf 89' lang='lat' dir='ltr'>libri</span> <span class='ocrx_word' id='word_1_265' title='bbox 766 4144 988 4222; x_wconf 90' lang='lat' dir='ltr'>continentur,</span> <span class='ocrx_word' id='word_1_266' title='bbox 1022 4152 1056 4210; x_wconf 89' lang='lat' dir='ltr'>et</span> <span class='ocrx_word' id='word_1_267' title='bbox 1082 4145 1275 4228; x_wconf 83' lang='lat' dir='ltr'>cognatione</span> <span class='ocrx_word' id='word_1_268' title='bbox 1298 4150 1333 4210; x_wconf 89' lang='lat' dir='ltr'>et</span> 
     </span>
    </p>
   </div>
   <div class='ocr_carea' id='block_1_4' title="bbox 0 0 1534 5272">
    <p class='ocr_par' dir='ltr' id='par_1_5' title="bbox 0 0 1534 5272">
     <span class='ocr_line' id='line_1_35' title="bbox 0 0 1534 5272; baseline 0 0"><span class='ocrx_word' id='word_1_269' title='bbox 0 0 1534 5272; x_wconf 95' lang='lat' dir='ltr'> </span> 
     </span>
    </p>
   </div>
  </div>
 </body>
</html>
