3060 5272
234 310 297 364 Lib.
314 308 377 366 vn.
783 298 844 360 180

237 489 273 548 ut
295 503 336 547 ex
358 483 407 562 iis,
430 503 531 565 quum
552 483 710 561 venerint,
734 482 940 547 sciscitemur
964 481 1105 566 aliquid;
1133 487 1392 567 prospectam,

237 590 355 674 ecquid
378 596 554 673 appareat;
588 597 862 673 prospectare
886 591 1001 670 viam,
1030 590 1128 674 quid
1151 591 1217 656 cui
1238 612 1311 675 per
1332 590 1392 658 le·

236 705 356 782 gatos
382 698 617 763 renuntiari
639 698 842 763 Romanus
865 705 1032 763 senatus
1055 698 1199 764 iubeat
1222 697 1284 782 (sic
1306 700 1394 765 enim

237 807 416 888 enarrant),
438 807 656 889 nugacissimo
679 806 809 871 dicitur.
861 805 998 885 Deinde,
1022 807 1050 871 si
1072 806 1183 872 Livius
1205 806 1297 872 illam
1319 828 1394 874 sen·

236 916 389 994 tentiam,
423 935 496 998 quae
520 935 541 978 a
562 915 754 997 pronomine
784 914 880 998 quid
908 915 1040 997 incipit,
1075 914 1239 999 superiori
1261 914 1394 982 adnecti

237 1031 270 1089 et
299 1045 338 1088 ex
363 1023 606 1105 Campanorum
634 1022 721 1087 domi
750 1024 1010 1105 exspectantium
1039 1023 1147 1089 animo
1176 1022 1317 1107 proferri
1337 1044 1393 1090 vo·

239 1132 369 1210 luisset,
404 1153 468 1195 non
491 1130 597 1209 illis,
631 1131 689 1194 sed
713 1130 791 1194 sibi
815 1132 1018 1214 scripsisset,
1050 1152 1112 1195 nec
1135 1138 1274 1214 patres
1297 1152 1393 1198 con·

237 1240 385 1323 scripti
408 1238 598 1317 addidisset,
622 1239 709 1321 quod
732 1240 906 1304 manifesto
931 1246 981 1303 est
1003 1239 1104 1320 legati
1120 1239 1224 1322 ipsius
1242 1245 1394 1305 senatum
1468 1274 1473 1281 ·

237 1348 445 1429 alloquentis.
504 1347 689 1430 Scripserat
722 1347 832 1411 Livius
866 1368 933 1411 una
966 1347 1080 1411 littera
1113 1348 1235 1412 minus:
1275 1346 1395 1414 Stare

239 1478 390 1521 omnem
418 1455 728 1519 multitudinem
758 1455 806 1519 ad
836 1461 977 1537 portas
1006 1456 1108 1519 viam
1136 1454 1230 1519 hinc
1256 1452 1393 1521 feren-

238 1569 315 1628 tem
339 1568 668 1646 prospectantes,
698 1569 852 1625 certum
879 1561 1020 1627 habeo.
1074 1563 1178 1641 Quid
1199 1563 1290 1627 illis
1311 1584 1394 1643 nos,

238 1678 380 1754 patres
405 1671 650 1752 conscripti,
681 1668 882 1733 sollicitis
906 1691 951 1734 ac
974 1671 1249 1753 pendentibus
1271 1671 1396 1737 animi

241 1780 480 1844 renuntiare
520 1777 686 1840 iubetis?
725 1777 796 1840 Iam
835 1778 913 1841 huic
946 1786 1044 1843 rectae
1077 1780 1329 1862 interrogationi
1362 1787 1397 1846 et

154 1903 224 1970 (152)
243 1887 393 1971 responsi
422 1886 636 1968 postulationi
665 1885 761 1965 longe
790 1887 900 1968 aptius
929 1888 1153 1968 adiunguntur
1174 1888 1249 1951 illa:
1282 1886 1396 1953 Alte·

241 2017 327 2060 rum
350 2015 588 2076 responsum
611 1993 785 2057 salutem
806 2018 867 2073 -3
898 1994 1081 2072 alterum,
1106 1997 1280 2060 ominari
1301 1994 1397 2061 hor·

239 2126 321 2183 rec,
356 2124 438 2186 quae
465 2101 584 2166 ferat.
641 2102 704 2179 Qui
733 2101 828 2184 quid
858 2103 1028 2166 sententiae
1057 2123 1077 2165 a
1104 2105 1272 2185 superiore
1304 2124 1397 2169 nexae

238 2212 382 2277 indicem
404 2212 548 2294 putavit,
582 2232 622 2274 ex
651 2210 805 2273 iubetis
834 2210 913 2273 fecit
940 2209 1135 2274 iubentia.
1191 2211 1263 2276 Hoc
1286 2218 1397 2277 autem

239 2321 429 2399 constituto,
453 2325 593 2402 apparet
616 2318 724 2395 etiam,
747 2318 780 2380 ni
803 2316 910 2396 fallor,
934 2317 1061 2382 Livium
1083 2339 1148 2382 nou
1173 2339 1247 2383 cum
1269 2339 1398 2385 summa

239 2428 455 2509 ambiguitate
477 2431 817 2509 prospectantes,
847 2427 1020 2490 interiecto
1044 2433 1195 2509 portae,
1225 2427 1396 2493 rettulisse

240 2536 282 2599 ad
311 2534 634 2605 multitudinem,
669 2532 727 2596 sed
760 2540 903 2615 portas
937 2536 1038 2598 viam
1072 2534 1166 2599 hinc
1193 2534 1398 2601 ferentem

240 2647 552 2725 prospectantes
575 2640 705 2718 dixisse,
729 2661 800 2721 queo
824 2648 1036 2724 prospectum
1058 2644 1116 2706 viae
1139 2641 1308 2724 haberent,
1330 2664 1397 2727 quo

240 2771 359 2833 genere
393 2749 548 2830 loquendi
576 2748 713 2811 Tacitus
748 2756 781 2812 et
815 2749 938 2813 Plinius
972 2758 1110 2834 uterquc
1143 2757 1297 2829 utuntur,
1332 2751 1395 2816 etsi

241 2856 406 2939 (XXXIII,
435 2861 482 2934 17,
507 2857 539 2937 ὁ)
558 2856 830 2920 Acarnaniam
858 2859 982 2922 solem
1006 2858 1262 2923 occidentem
1287 2879 1398 2943 spec·

240 2972 330 3030 tare
364 2965 445 3028 dicit
479 2964 519 3028 de
553 2965 624 3046 ipso
660 2965 735 3028 situ.
792 2966 925 3029 Retinui
959 2966 1238 3049 pendentibus
1272 2964 1398 3031 animi

241 3080 357 3138 contra
390 3073 536 3152 codices,
576 3095 616 3136 ex
650 3072 769 3156 quibus
803 3096 907 3157 nuper
940 3074 1122 3156 repositum
1156 3080 1207 3138 est
1240 3074 1396 3138 animia.

240 3182 285 3247 Ut
308 3182 393 3246 enim
405 3181 520 3246 Latine
544 3181 672 3245 dicatur
695 3180 735 3244 de
758 3182 907 3264 pluribus
930 3181 1106 3265 pendere
1130 3181 1285 3261 animia,
1309 3180 1399 3263 quod

240 3314 305 3357 uno
346 3289 512 3355 Ciceronis
559 3290 632 3354 loco
680 3296 797 3354 contra
838 3290 1018 3373 permultos
1058 3290 1241 3355 contrarios
1280 3309 1398 3372 parum

241 3398 466 3477 confirmatur,
512 3398 667 3479 quoniam
701 3399 734 3460 in
767 3397 830 3462 hac
864 3399 1032 3464 locutione
1065 3404 1191 3463 certum
1224 3396 1327 3462 habet
1349 3397 1398 3462 lo·

241 3526 314 3571 cum
347 3505 427 3569 illud
462 3506 586 3569 animi
621 3504 661 3569 de
696 3505 773 3569 sede
808 3506 946 3586 dictum,
981 3506 1043 3571 hoc
1077 3506 1210 3590 quidem
1242 3505 1316 3570 loco
1344 3504 1398 3569 Li·

240 3615 311 3678 vius
351 3635 423 3678 eam
461 3613 601 3677 formam
646 3613 808 3677 vitaturus
849 3620 922 3678 erat
968 3614 1009 3679 ob
1057 3615 1164 3698 ipsam
1203 3613 1398 3696 ambiguita-

240 3729 316 3800 tem,
338 3744 379 3786 ne
401 3721 567 3785 videretur
589 3721 735 3784 animis
759 3720 855 3802 (dat.)
873 3722 1145 3804 pendentibus
1168 3722 1400 3787 renuntiari

241 3829 398 3910 aliquid
427 3828 534 3892 dicere
563 3827 613 3907 (ut
640 3829 729 3892 visus
759 3836 808 3893 est
830 3829 1052 3910 Alschefskio,
1082 3830 1288 3914 comparanti
1316 3850 1334 3894 e
1370 3849 1397 3893 c.

246 3940 297 4015 10,
339 3941 357 4000 9
390 3936 486 4001 huius
520 3937 611 4000 libri:
658 3937 803 4001 animis
848 3960 917 4021 spe
956 3946 1142 4023 metuque
1181 3937 1398 4022 pendenti·

243 4043 347 4126 bus),
370 4045 487 4109 animis
511 4046 596 4111 enim
619 4045 700 4110 nihil
723 4046 942 4111 renuntiatur.
985 4046 1153 4112 Librarius
1177 4045 1332 4112 facillime
1356 4044 1401 4111 ad
