3060 5272
226 369 288 423 Lib.
308 367 458 421 XXXVIII.
773 358 833 417 554

227 560 310 624 Tum
344 566 458 625 contra
490 561 638 644 regulam
672 559 749 640 (vid.
774 560 894 644 Opusc.
923 562 979 625 Ac.
1009 561 1041 624 II
1069 584 1100 645 p.
1130 566 1189 625 211
1226 563 1312 647 sqq.)
1347 564 1384 629 in

227 670 376 733 oratione
406 668 540 748 obliqua
568 668 772 732 coniunctivo
807 668 903 733 modo
932 667 1067 732 effertur
1096 670 1312 751 interrogatio
1341 692 1384 735 ex

228 775 405 839 indicativo
436 775 542 838 tertia
576 795 723 857 persona
758 795 922 839 converso.
968 775 1018 839 Ab
1049 797 1089 840 ea
1110 776 1226 858 regula
1253 796 1318 841 uno
1347 784 1384 841 et

228 881 332 946 altero
356 882 428 946 loco
453 880 595 959 deflecti,
618 881 675 945 ubi
698 884 890 964 pronomine
921 889 979 946 aut
1007 883 1169 963 particula
1197 903 1237 947 ex
1259 904 1382 966 prono-

226 990 311 1051 mine
334 996 408 1053 orta
430 995 464 1051 et
486 1010 554 1052 rom
573 990 745 1070 quaesitam
764 988 1010 1053 demonstrante
1034 989 1148 1072 (quis,
1172 990 1256 1071 cur)
1278 976 1382 1055 inter·

139 1093 213 1163 (450)
231 1103 372 1177 rogetur,
396 1096 526 1159 ostendi
548 1095 593 1159 ibi
613 1094 657 1178 (p.
677 1095 763 1175 216),
788 1097 922 1179 eiusque
940 1097 987 1159 rei
1007 1096 1177 1160 Livianum
1195 1098 1382 1180 exemplum

226 1202 277 1281 (V,
301 1206 329 1271 2,
354 1202 386 1282 8)
411 1223 513 1285 supra
545 1204 657 1266 notari
693 1208 736 1285 (p.
764 1208 837 1282 1123
874 1203 932 1266 cfr,
956 1202 1105 1281 XXXIX,
1135 1210 1164 1282 4,
1194 1206 1242 1285 2);
1276 1205 1310 1269 in
1339 1206 1382 1271 iis

226 1309 414 1393 particulis,
438 1330 511 1392 quae
534 1310 615 1373 nihil
637 1311 700 1373 nisi
723 1311 829 1391 ipsam
853 1311 1010 1374 orationis
1033 1308 1172 1373 formam
1195 1310 1382 1393 significant

226 1417 303 1497 (no,
338 1439 441 1494 num,
476 1416 547 1496 an),
582 1417 705 1480 nullum
735 1423 785 1481 est
813 1418 1014 1481 contrarium
1043 1417 1242 1499 exemplun1;
1266 1418 1298 1481 in
1322 1440 1381 1497 an,

227 1545 298 1606 quae
322 1524 458 1588 alterius
482 1525 748 1604 interrogationis
777 1524 913 1588 membri
942 1525 1040 1588 index
1068 1530 1129 1602 est,
1164 1526 1292 1589 omnino
1323 1546 1379 1589 ex-

226 1630 371 1693 cluditur
398 1631 455 1693 illa
483 1630 588 1707 verbi,
623 1653 643 1694 a
676 1652 740 1712 quo
769 1632 982 1712 iuterrogatio
1016 1638 1184 1707 nectatur,
1209 1633 1379 1713 cogitati0,

225 1758 298 1819 quae
322 1736 431 1813 efficit,
457 1745 492 1800 ut
515 1739 738 1801 coniunctirus
761 1738 925 1801 interdum
956 1746 1072 1803 contra
1100 1739 1248 1819 regulam
1277 1761 1380 1822 pona·
1430 1814 1433 1819 ,

225 1852 289 1910 tur.
335 1845 381 1908 Ac
404 1846 493 1926 prius
518 1844 651 1925 quidem
680 1845 793 1908 vitium
817 1844 945 1908 codices
969 1844 1105 1922 tollunt,
1137 1846 1193 1927 qui
1217 1844 1380 1925 (Draken-

227 1952 396 2016 borohiani
420 1951 566 2033 quidem,
600 1972 675 2014 nam
704 1952 744 2015 de'
767 1952 799 2015 ll
823 1952 965 2033 tacetur)
1000 1971 1160 2016 consensu
1184 1952 1307 2017 habent
1329 1974 1380 2018 an

226 2067 390 2142 prater,
420 2060 541 2123 omisso
572 2080 655 2122 non.
701 2059 919 2123 Restituenda
952 2064 1004 2122 est
1031 2059 1132 2140 igitur
1156 2079 1195 2123 ea
1218 2060 1379 2124 orationis

223 2167 345 2239 iormo,
368 2187 434 2249 qua
458 2165 567 2229 Livius
590 2167 623 2229 in
646 2165 707 2229 hoc
737 2166 809 2247 ipso
832 2165 915 2229 libro
940 2186 965 2228 c.
990 2170 1041 2243 45,
1066 2170 1084 2227 8
1109 2164 1155 2243 (in
1183 2172 1275 2230 recta
1304 2186 1378 2230 ora-

224 2275 327 2355 tione)
346 2280 388 2351 ct,
411 2280 448 2337 ut
471 2273 663 2351 videbimus,
682 2272 794 2345 XLIV,
819 2277 868 2350 39,
895 2279 909 2335 l
936 2293 1014 2336 usus
1038 2280 1098 2349 est,
1121 2278 1158 2336 ut
1175 2273 1316 2354 primum
1338 2275 1378 2352 Is,

226 2383 281 2463 qui
311 2382 413 2458 (licat,
448 2381 510 2444 sibi
545 2381 743 2443 contrariam
779 2380 976 2442 sententiam
1005 2379 1140 2442 obiiciat
1170 2398 1229 2460 per
1257 2384 1300 2442 at
1323 2377 1380 2459 (at

225 2487 425 2564 hercule),
460 2486 593 2555 deinde,
624 2489 717 2569 quasi
751 2487 1043 2565 interrogationem
1073 2484 1300 2549 disiunctivam
1329 2487 1379 2551 In·

225 2594 379 2669 stituerit‚
403 2614 462 2675 per
486 2614 533 2656 an
556 2592 695 2674 (potius)
720 2592 952 2672 iuterrogando
975 2592 1019 2667 id,
1044 2592 1132 2675 quod
1151 2592 1222 2673 ipse
1245 2594 1378 2673 sentiat,

225 2699 392 2778 adfirmet3
416 2701 461 2763 sio
485 2700 621 2763 enimc.
646 2704 685 2762 45
711 2698 882 2762 scribitur:
906 2699 953 2762 At
977 2720 1021 2762 eo
1045 2701 1136 2782 ipso
1160 2705 1378 2764 contentus

224 2807 359 2882 fuisti3
383 2813 498 2869 recto
521 2806 673 2870 itinere
692 2807 919 2869 exercitum
937 2806 1094 2869 duxisti
1112 2805 1160 2868 ad
1180 2826 1255 2883 cos,
1278 2826 1377 2887 quos

223 2913 299 2977 tibi
324 2913 463 2976 hostes
493 2911 793 2995 desumpseras3
825 2935 871 2977 an
899 2934 969 2995 per
997 2933 1134 2975 omnes
1162 2911 1375 2977 anfractus

224 3021 376 3084 riarum
399 3056 441 3064 —
464 3019 647 3103 Phrygia
670 3041 864 3083 recessus
888 3040 1025 3083 omnes
1047 3054 1090 3063 —
1113 3020 1375 3101 peragrasti?

223 3127 289 3193 Sed
301 3128 396 3192 simul
408 3126 590 3191 tollendum
603 3127 692 3209 [cum
704 3126 869 3207 Creverio]
889 3128 951 3199 sit,
969 3146 1007 3189 eo
1020 3126 1150 3206 quidem
1162 3126 1275 3206 magis,
1287 3126 1376 3207 quod

223 3236 279 3300 sit
295 3234 419 3298 latum
437 3255 502 3299 uon
517 3243 628 3317 potest
640 3256 704 3297 non
718 3235 871 3315 coniungi
884 3254 956 3296 cum
969 3255 1019 3316 qu
1029 3242 1174 3305 autum,
1188 3254 1253 3315 quo
1272 3233 1319 3311 fit,
1337 3240 1376 3296 ut

221 3343 377 3425 primaria
400 3343 562 3406 sententia
587 3340 825 3417 (nutantum
849 3340 952 3419 auri)
976 3360 1111 3422 prorsus
1129 3338 1229 3403 verbo
1253 3348 1374 3403 careat.

222 3446 438 3512 Scribendum
461 3458 509 3511 est
534 3449 647 3531 igitur:
672 3468 719 3511 an
743 3454 891 3529 praeter·
913 3447 1087 3510 omnium
1115 3445 1253 3511 oculos
1282 3454 1374 3511 tan·

221 3561 303 3618 turn
327 3556 429 3625 auri.
452 3564 649 3636 quantum
671 3576 746 3617 non
776 3553 910 3635 decem
934 3552 1033 3615 aliis
1063 3553 1297 3635 triumphis,
1321 3588 1373 3629 —,

221 3660 370 3725 latum?
415 3660 553 3742 [Eodem
587 3662 682 3726 modo
710 3663 845 3744 ponitur
884 3680 931 3722 an
960 3666 1036 3739 post
1064 3659 1229 3725 scilicet
1261 3660 1315 3741 lv,
1345 3668 1373 3739 5,

222 3771 241 3829 3
264 3776 296 3831 et
320 3769 409 3850 aliud
434 3766 626 3833 Sallustium
648 3770 682 3832 in
705 3776 786 3831 orot.
814 3766 929 3848 Lepidi
952 3762 968 3845 ἓ
992 3763 1058 3844 2l.]
