3060 5272
202 366 264 419 Lib.
284 366 383 419 xxnt
750 357 811 416 314

203 540 312 603 missi
331 547 434 603 sunt.
463 538 511 603 De
530 540 645 604 eodem
663 563 774 606 errore
792 540 890 623 paulo
907 538 1037 620 longius
1056 557 1228 620 progresso
1246 537 1279 617 (ι
1297 559 1358 619 pro

202 667 278 723 um,
310 646 428 710 deinde
456 647 488 726 ο)
518 647 576 711 cfr.
601 671 631 731 p.
657 654 676 712 9
700 651 766 713 ima
795 655 829 712 et
860 647 902 711 ad
931 645 1007 723 XL,
1038 649 1094 723 34,
1125 642 1190 724 2.¹)
1247 644 1359 709 Redeo

202 753 243 817 ad
274 753 398 830 XXIII,
428 758 456 816 3.
497 755 547 819 lbi
577 757 675 837 paulo
704 763 779 839 post
802 754 832 837 (ἓ
859 755 891 834 6)
916 753 1087 819 scribitur:
1122 751 1253 817 Citari
1282 753 1359 817 sin·

202 862 315 943 gulos
353 869 568 927 senatores
609 863 770 940 iubebo,
813 862 858 927 de
899 882 1069 943 quorum
1109 862 1247 942 capite
1288 882 1358 926 vos

202 969 420 1034 consulam.
474 970 623 1034 Relatira
651 972 815 1036 sententia
846 970 976 1034 adiecta
1004 975 1063 1033 aut
1091 989 1147 1033 eos
1177 962 1358 1045 senatores,

203 1076 243 1142 de
272 1077 389 1158 quibus
420 1078 628 1143 consulturus
658 1078 810 1143 Calavius
839 1087 900 1152 est,
930 1098 949 1140 a
978 1077 1097 1141 ceteris
1127 1082 1261 1159 separat
1289 1084 1357 1154 ant,

203 1186 230 1248 si
266 1185 478 1249 consulam
515 1187 712 1251 coniunctiri
748 1187 834 1250 modi
870 1193 1023 1269 putatur,
1058 1184 1229 1248 consilium
1259 1184 1358 1266 signi·

203 1293 296 1371 ficet:
331 1315 442 1357 verum
476 1315 583 1377 usque
618 1294 734 1358 divisio
765 1294 830 1356 ulla
862 1301 910 1357 est
939 1299 972 1356 et
1006 1292 1046 1356 de
1081 1291 1232 1356 omnibus
1267 1291 1358 1356 dein-

203 1421 280 1483 ceps
316 1399 469 1464 Calavius
503 1401 711 1467 consulturus
746 1409 810 1481 est,
850 1422 957 1484 neque
997 1400 1125 1465 consilii
1160 1398 1357 1480 significatio

203 1516 283 1590 apta
311 1515 361 1572 est
384 1508 570 1587 (consilium
600 1512 685 1574 enim
718 1511 862 1592 positum
892 1517 964 1572 erat
992 1510 1024 1572 in
1064 1507 1199 1586 iudicio)
1228 1515 1262 1573 et
1290 1529 1358 1574 om·

202 1617 279 1680 nino
319 1616 505 1679 excluditur
546 1617 659 1682 addito
703 1616 904 1697 singulos3
953 1617 1099 1680 ordinem
1139 1616 1187 1679 rei
1221 1616 1357 1698 agendae

203 1720 356 1788 Calavius
380 1726 523 1806 exponit.
574 1726 615 1789 Ni
637 1724 744 1803 fallor,
772 1725 882 1788 Livius
907 1725 1099 1807 scripserat:
1129 1723 1251 1786 citari
1280 1724 1358 1787 sin-

203 1830 322 1912 gulos
358 1839 577 1897 senatores
613 1833 761 1898 iubebo
798 1834 918 1909 deque
951 1851 1079 1894 eoru-
1113 1831 1254 1913 capite
1289 1851 1358 1895 vos

204 1939 423 2004 consulam.

291 2045 368 2130 Cap.
393 2053 422 2126 4,
445 2053 465 2110 4
488 2047 543 2129 (de
566 2057 683 2114 senatu
707 2048 906 2132 Campano):
942 2048 1043 2111 Hinc
1071 2054 1292 2111 senatores
1314 2082 1358 2091 —

203 2155 365 2238 plebem
388 2155 566 2236 adulari;
598 2157 795 2234 salutare,
825 2157 999 2238 benigne
1023 2157 1213 2233 invitare,
1237 2175 1358 2238 appa·

202 2264 306 2328 ratis
345 2265 532 2347 accipere
574 2266 723 2349 epulis,
766 2286 836 2330 eas
871 2285 1017 2328 causas
1051 2265 1281 2347 suscipere,
1315 2297 1359 2308 -

204 2372 423 2436 secundum
452 2392 533 2436 eam
564 2372 678 2438 litem
708 2374 866 2437 iudices
890 2371 1003 2451 dare,
1034 2392 1120 2454 quse
1144 2373 1269 2453 magis
1292 2392 1357 2453 po·

203 2478 366 2561 pularis
388 2514 432 2523 -
454 2489 573 2544 esset.
625 2481 704 2562 Iam
734 2501 827 2545 vero
857 2480 961 2543 nihil
992 2481 1031 2543 in
1055 2485 1200 2544 senatu
1224 2485 1357 2543 actum

203 2585 336 2662 aliter,
361 2608 476 2668 quam
500 2590 531 2651 si
554 2588 688 2670 plebis
711 2589 769 2653 ibi
792 2595 901 2652 esset
924 2587 1152 2652 concilium.
1187 2587 1290 2651 Prave
1313 2584 1357 2650 ab

117 2704 188 2770 (258)
206 2692 367 2758 infinitivo
407 2693 565 2759 historico
606 2696 647 2760 ad
682 2695 864 2778 perfectum
898 2696 1060 2759 transitur
1093 2695 1237 2775 (actum
1271 2694 1357 2773 est),

204 2803 360 2886 quoniam
394 2822 458 2865 non
493 2802 708 2886 descriptioni
736 2805 895 2868 universa
919 2781 1032 2868 ¹rerum
1060 2803 1262 2867 condicionis
1291 2822 1358 2867 una

203 2910 316 2991 aliqua
337 2931 390 2974 res
414 2910 515 2974 semel
537 2920 613 2975 acta
637 2911 862 2992 subiungitur,
893 2911 952 2976 sed
982 2913 1056 2995 ipsa
1080 2911 1258 2993 descriptio
1280 2930 1357 2974 con·

203 3018 352 3082 tinuatur
374 3017 638 3102 transferturque
662 3041 682 3083 a
704 3021 834 3102 privata
857 3021 924 3084 rita
947 3026 980 3084 et
1002 3020 1133 3084 iudiciis
1157 3018 1200 3083 ad
1223 3024 1357 3083 senatus

203 3126 358 3190 actiones.
404 3126 441 3190 In
463 3124 515 3190 PC
539 3126 614 3208 (nisi
638 3127 725 3209 quod
749 3129 781 3191 in
806 3127 831 3192 G
854 3129 962 3193 altera
984 3147 1100 3191 manus
1125 3132 1256 3191 actum
1280 3125 1358 3190 sub·

203 3233 325 3314 stituit)
355 3234 527 3300 scribitur:
561 3236 666 3300 nihil
696 3237 735 3299 in
770 3244 917 3301 senatu
947 3235 1162 3312 actaliter‚
1197 3235 1260 3299 hoc
1290 3239 1355 3298 est:

203 3343 267 3424 agi
290 3342 423 3407 aliter.
469 3343 506 3407 In
529 3343 553 3406 P
577 3364 662 3427 saepe
685 3364 703 3423 g
725 3346 758 3408 in
781 3365 806 3420 c,
830 3365 890 3408 nec
912 3364 988 3408 raro
1011 3342 1023 3404 Ι
1044 3344 1078 3406 in
1101 3350 1112 3404 1
1135 3343 1276 3407 transiit.

290 3450 369 3534 Cap.
394 3455 422 3527 6,
446 3454 479 3513 8:
510 3450 611 3528 Quia
638 3453 755 3516 nimis
785 3472 947 3535 compar
972 3452 1213 3516 Latinorum
1236 3471 1358 3534 quon·

204 3557 291 3622 dam
325 3558 556 3640 postulatio
591 3567 695 3636 erat,
731 3558 960 3643 Gaeliusque
995 3565 1034 3624 et
1067 3558 1141 3624 alii
1176 3558 1217 3622 id
1251 3556 1359 3622 haud

204 3666 289 3730 sine
319 3687 441 3730 causa
465 3666 816 3748 praetermiserant
838 3669 1083 3750 scriptores,
1113 3687 1263 3750 ponere
1285 3686 1357 3749 pro

203 3780 315 3838 certo
344 3795 428 3839 sum
455 3774 623 3838 veritus.
659 3774 943 3839 Praetermiserant
969 3795 1040 3840 rem
1064 3794 1137 3838 cum
1160 3773 1260 3838 (laelio
1284 3772 1357 3851 alii;

203 3879 237 3945 id
260 3901 317 3946 eos
340 3903 406 3946 non
429 3879 575 3946 facturos
600 3882 709 3946 Livius
733 3881 872 3960 indicat,
902 3883 965 3947 nisi
993 3902 1128 3947 causam
1152 3881 1357 3946 habuissent.

205 4037 329 4049 ζ,
379 4045 427 4048 ,-

232 4115 255 4180 ¹l
274 4112 426 4181 [Nonnulla
443 4131 477 4166 ex
496 4114 538 4176 his
555 4118 656 4183 postea
674 4114 715 4165 W.
735 4113 846 4180 abiecit,
864 4114 920 4167 alia
937 4112 1049 4182 tenuit]
