3060 5272
242 333 304 388 ms.
325 332 423 388 xxm.
462 315 466 323 '
791 319 853 384 aaa

242 506 362 570 timos
396 507 676 572 vincebantur.
735 507 802 590 [Sic
832 507 1014 572 Gronovius
1043 505 1256 588 dubitanter]
1313 505 1399 587 (Ibd.

242 610 260 695 ἓ
283 617 388 679 9-10
412 613 582 696 Ussingius
605 616 794 699 suspicatur
816 614 1026 680 scribendum
1048 635 1137 680 esse:
1165 614 1262 679 Inde
1291 614 1396 698 eqni·

241 727 332 787 tatu
360 743 522 806 quoque
547 724 739 806 superior
760 724 942 787 Romana
963 743 1026 786 res
1047 720 1144 803 fuit,
1173 728 1209 785 et
1233 722 1400 786 institu-

241 836 333 907 tum,
357 837 400 895 ut
421 831 571 896 velites
592 831 633 894 in
654 829 891 914 legionibus
915 835 1067 895 essent.
1115 829 1223 912 1863.)

328 935 406 1022 Cap.
432 944 465 1019 6,
498 944 512 1002 l
546 939 616 1020 (ubi
645 945 756 1004 castra
785 940 941 1004 Romana·
961 938 1004 1002 ad
1027 936 1175 1022 Capuam
1203 937 1245 1002 ab
1274 935 1400 1002 Hanni·

242 1044 317 1109 bale
352 1053 543 1130 oppugnata
575 1054 768 1126 narrantur,
802 1053 878 1131 post
905 1051 1196 1111 commemoratum
1223 1043 1320 1109 Navii
1348 1042 1398 1110 la-

242 1154 351 1232 cinus,
387 1155 444 1237 qui
479 1156 614 1220 secundi
647 1155 772 1220 hastati
806 1155 934 1237 signum
962 1152 1118 1236 signifero
1145 1151 1337 1235 ademptum
1363 1153 1400 1217 in

240 1260 354 1325 hostes
377 1261 519 1343 intulit):
548 1263 598 1328 Et
619 1263 663 1327 M.
687 1263 842 1328 Atilius
864 1262 1028 1343 legatus
1051 1261 1172 1344 primi
1194 1260 1400 1344 principis

241 1389 287 1432 ex
331 1369 468 1435 eadem
512 1370 672 1453 legione
718 1372 875 1454 signum
919 1368 1069 1433 inferri
1114 1369 1153 1431 in
1193 1366 1401 1433 cohortem

239 1475 512 1560 Hispanorum
546 1480 689 1561 coegit.
749 1478 784 1543 Si
812 1476 926 1542 inferri
955 1476 997 1542 ab
1026 1476 1092 1541 alio
1121 1476 1250 1557 signnm
1277 1475 1402 1541 Atilius

240 1586 417 1666 coegisset,
457 1606 525 1651 non
556 1608 672 1665 unum,
712 1585 771 1650 sed
804 1587 914 1650 omnia
947 1584 1085 1667 legionis
1114 1584 1208 1666 signa
1237 1584 1400 1667 coegisset

240 1691 369 1771 inferri,
398 1691 460 1758 hoc
483 1700 550 1774 est,
578 1695 745 1774 iussisset3
774 1695 924 1776 ineptum
946 1699 996 1757 est
1019 1693 1106 1757 enim
1129 1693 1236 1775 ipsum
1259 1691 1400 1774 cogendi

239 1799 383 1879 verbum,
407 1801 472 1865 nisi
494 1801 686 1867 verberibus
710 1809 865 1867 coactum
888 1800 1082 1884 signiferum
1105 1806 1269 1884 putamus.
1321 1799 1401 1883 Ipsa

239 1908 337 1971 unius
365 1915 400 1973 et
428 1911 511 1974 certi
538 1911 623 1993 signi
651 1910 775 1976 mentio
805 1909 978 1987 ostendit‚·
992 1907 1130 1973 Atilium
1151 1908 1247 1973 Narii
1270 1906 1400 1974 facinus

238 2015 403 2081 imitatum
440 2038 512 2083 osse
540 2018 733 2102 Liviumque
763 2019 951 2102 scripsisse:
988 2018 1146 2100 signum
1180 2015 1331 2080 lulum
1358 2016 1400 2080 in

239 2124 451 2191 cohortem
472 2125 744 2209 Hispanorum
767 2125 901 2208 eoepit.
954 2124 1072 2190 Utrum
1095 2124 1137 2189 ab
1161 2124 1308 2189 inferri
1330 2122 1398 2207 (in)

153 2244 301 2314 (scalpro
330 2233 484 2299 inferre
512 2255 555 2298 an
584 2257 605 2300 a
633 2236 771 2318 coegit
799 2256 859 2317 pro
888 2234 1028 2317 coepit
1057 2233 1180 2315 scripto
1209 2253 1303 2297 error
1325 2252 1400 2297 coe·

239 2341 335 2423 perit,
357 2363 424 2407 non
446 2343 594 2408 dixerim.
645 2341 870 2422 (Contrarium
893 2340 1061 2421 mendum,
1090 2345 1317 2423 coeperunt
1338 2359 1400 2424 pro

239 2456 472 2530 coegerunt,
507 2452 635 2516 correxi
669 2451 775 2529 XXV,
809 2453 864 2530 35,
899 2449 944 2529 8.)
999 2446 1068 2530 [Sic
1098 2448 1164 2512 iam
1194 2447 1399 2531 supernus]

239 2555 271 2637 (ξ
294 2560 323 2636 2,
346 2555 402 2621 ubi
425 2558 549 2622 editur:
574 2559 641 2644 ibi
665 2581 736 2642 per
761 2566 939 2639 stragem
962 2556 1183 2621 iacentium
1207 2555 1399 2639 elephan-

239 2670 372 2727 torum
400 2669 519 2730 atrox
548 2666 661 2731 edita
684 2665 826 2745 caedes,
856 2669 946 2729 recte
970 2664 1144 2746 Ussingius
1167 2664 1267 2730 scribi
1288 2663 1398 2730 iubet:

239 2769 296 2835 ibi
330 2790 442 2852 super
475 2780 665 2856 stragem.
722 2773 808 2838 Nam
836 2772 942 2837 coedes
971 2771 1137 2838 hominum
1166 2792 1225 2855 per
1252 2777 1399 2856 stragem

238 2877 490 2961 elephantorum
513 2880 603 2945 edita
625 2880 708 2946 nihil
732 2888 791 2946 cst.
841 2880 946 2962 1863.)

326 2984 405 3070 Gap.
429 2992 463 3067 9,
494 2994 513 3052 6
536 2987 592 3069 (de
619 2989 809 3054 Hannibale
838 2989 881 3053 ad
909 2988 1025 3053 urbem
1048 2989 1186 3052 Romam
1215 2987 1398 3052 exercitum

238 3093 407 3178 ducente):
431 3096 591 3163 Romam
608 3096 878 3180 Fregellanus
900 3097 1076 3174 nuntius,
1100 3093 1203 3159 diem
1224 3101 1397 3161 noctem·

237 3223 312 3285 que
335 3204 488 3269 itinere
512 3207 762 3286 continuato,
784 3206 989 3288 ingentem
1008 3201 1164 3269 adtulit
1180 3209 1396 3283 terrorem

236 3310 543 3394 tumultuosius,
567 3336 686 3399 qnam
709 3313 894 3380 adlatum
916 3318 1016 3392 erat,
1046 3331 1169 3376 cursu
1189 3308 1397 3376 hominum

236 3417 540 3502 adfingentium
581 3443 682 3488 vana
721 3419 879 3487 auditis
921 3426 1051 3485 totam
1085 3418 1225 3483 urbem
1258 3419 1396 3484 conci·

236 3531 298 3591 tat
321 3526 428 3608 (codd.
448 3529 534 3594 mell.
554 3527 780 3610 conciliat).
825 3528 904 3593 Hac
930 3547 1011 3592 sana
1034 3547 1099 3592 non
1123 3546 1206 3606 esse,
1231 3526 1396 3591 Weissen-

235 3632 387 3716 homins,
421 3638 478 3720 qui
506 3657 661 3702 enarrare
688 3642 828 3702 conatus
857 3641 923 3715 est,
958 3636 1072 3700 sensit.
1122 3634 1237 3715 Neque
1259 3634 1395 3699 nuntius

235 3742 351 3808 urbem
385 3745 532 3811 concitat
567 3745 706 3811 aliorum
734 3746 1001 3823 concursatione,
1034 3763 1141 3825 neque
1169 3762 1229 3825 pro
1259 3761 1396 3807 concur·

235 3852 364 3917 satione
394 3873 511 3919 cursus
541 3853 677 3933 dicitur,
711 3874 819 3937 nsque
848 3858 938 3918 recte
967 3850 1101 3916 nuntius
1130 3848 1257 3931 (homo)
1281 3856 1315 3915 et
1341 3868 1395 3914 res

235 3967 470 4044 comparantur
486 3960 616 4045 (quam
633 3960 818 4029 adlatum
841 3959 954 4041 erat).
988 3959 1122 4025 Excidit
1138 3956 1275 4041 aliquid,
1294 3976 1395 4038 qumn

234 4066 268 4132 in
291 4068 376 4135 hanc
397 4069 498 4136 ferme
521 4070 662 4137 formam
684 4070 844 4153 scriptum
864 4068 998 4135 luisset:
1020 4103 1064 4114 —
1086 4065 1241 4132 adtulit
1263 4072 1394 4130 terro·

233 4195 323 4240 rem.
373 4176 698 4259 Tumultuosius,
727 4198 845 4262 quam
867 4176 1050 4242 adlatum
1072 4181 1175 4253 erat,
1204 4192 1393 4255 propaga·
