3060 5272
244 352 307 409 Lib.
325 352 373 408 VI.
794 341 855 403 156

246 525 406 591 habeat.
463 523 550 602 Quid
571 524 636 591 hoc
658 530 723 605 est,
759 546 886 608 quaeso,
917 524 1023 591 solum
1046 522 1221 589 Camillum
1243 526 1277 589 in
1299 526 1403 609 magi·

246 633 406 700 stratibus
429 655 512 712 esse,
536 654 636 716 quum
658 639 726 700 tres
750 634 894 717 collegas
915 633 1048 713 habeat,
1071 633 1177 698 solum
1200 633 1288 718 apud
1310 655 1403 700 exer·

246 743 354 807 citus?
395 741 695 824 Exaggerationem
734 740 853 824 aliquis
891 740 976 806 hanc
1017 763 1088 806 esse
1127 741 1270 807 forsitan
1303 741 1402 807 dicat.

245 851 347 934 Atqui
370 850 581 933 exaggeratio
604 851 654 929 iis,
683 871 756 933 quae
779 856 866 929 sunt,
896 850 1011 915 adiicit
1032 870 1081 928 ea,
1105 871 1178 933 quae
1200 848 1281 931 fingi
1303 855 1338 915 et
1360 849 1403 915 ab

246 957 459 1022 audientibus
499 959 605 1043 accipi
638 959 781 1041 possint3
820 959 934 1042 itaque
967 960 1011 1038 is,
1049 959 1107 1040 qui
1142 978 1244 1040 sape,
1284 959 1403 1024 ceteris

246 1066 393 1145 deiectis,
422 1087 507 1130 unus
530 1065 674 1148 aliquem
696 1067 927 1148 magistratum
951 1067 1050 1149 capit,
1073 1065 1164 1130 solus
1187 1086 1262 1129 eum
1285 1087 1404 1149 capere

246 1174 310 1239 dici
339 1179 465 1257 potest3
499 1175 556 1258 qui
591 1195 720 1258 semper
754 1180 867 1239 ternos
898 1174 1041 1256 collegas
1069 1173 1184 1252 habet,
1219 1173 1309 1239 solus
1338 1174 1405 1239 dici

246 1283 377 1365 nequit;
411 1303 486 1346 narn
521 1282 629 1346 solum
662 1303 754 1346 vere
792 1282 1019 1364 magistratum
1047 1302 1117 1346 esse
1151 1280 1241 1345 alind
1269 1289 1319 1346 est
1345 1303 1406 1347 nec

247 1390 366 1455 omisso
395 1389 451 1455 illo
485 1390 647 1455 vocabulo
679 1389 826 1471 intellegi
854 1395 982 1474 potest3
1015 1410 1121 1472 neque
1145 1390 1264 1472 magis,
1300 1389 1405 1455 solum

246 1498 333 1581 apud
357 1498 522 1562 exercitus
546 1519 628 1562 esse.
662 1497 729 1561 Aut
750 1496 849 1561 fallor
871 1503 929 1561 aut
950 1497 1060 1561 Livius
1084 1518 1149 1560 uno
1172 1497 1273 1563 verbo
1296 1499 1405 1563 minus

247 1607 395 1689 scripsit:
437 1605 565 1669 solum
594 1625 683 1668 eum
712 1606 750 1670 in
778 1605 1110 1688 magistratibus,
1141 1606 1270 1671 sulum
1297 1606 1405 1689 apud

247 1715 454 1778 exercitus
477 1718 636 1777 tantum
659 1714 736 1777 iam
759 1714 944 1792 eminere,
967 1719 1012 1777 ut
1034 1719 1095 1777 cet.

160 1837 231 1905 (132)
337 1819 415 1904 Cap.
442 1827 496 1898 15,
528 1824 567 1883 10
591 1820 639 1901 (in
662 1822 809 1886 oratione
832 1821 875 1885 M.
899 1821 1015 1885 Manlii
1039 1819 1225 1904 Capitolini,
1254 1821 1311 1887 ubi
1335 1843 1405 1888 cre·

248 1930 373 1995 ditores
403 1927 614 2011 alloquiturl:
646 1929 802 1994 Sortem
831 1930 1013 2011 aliquam
1041 1928 1164 2009 ferte3
1194 1929 1240 1994 de
1268 1931 1405 2013 capite

249 2037 459 2111 deducite,
507 2037 613 2119 quod
658 2039 793 2102 usuris
832 2044 1162 2121 pernumeratum
1201 2043 1272 2103 est.
1333 2037 1406 2104 Hoc

247 2166 360 2210 verum
391 2165 550 2209 essenon
574 2166 686 2228 posse,
721 2145 816 2211 multi
839 2151 1028 2226 senserunt3
1062 2166 1169 2227 neque
1192 2148 1279 2211 enirn
1301 2146 1405 2211 incer·

247 2260 316 2318 tam
357 2254 538 2336 aliquam
579 2260 729 2318 sortem
768 2253 853 2318 ferre
888 2254 1032 2318 Manlius
1072 2254 1189 2318 divites
1224 2254 1405 2320 creditores

247 2362 401 2440 iubebat,
436 2362 500 2425 hoc
523 2367 590 2440 est,
619 2362 769 2445 accipere
792 2370 826 2425 et
849 2384 888 2427 ea
911 2368 1082 2427 contentos
1106 2383 1177 2426 esse
1201 2361 1296 2443 (nihil
1319 2363 1406 2426 enim

248 2470 338 2535 aliud
362 2477 513 2535 sortem
534 2469 643 2533 ferre
667 2469 706 2533 de
730 2470 891 2534 creditore
915 2470 1039 2534 dictum
1063 2469 1247 2552 significare
1270 2467 1406 2554 potest),

248 2578 305 2642 sed
328 2599 401 2641 eam
423 2579 538 2660 ipsam,
561 2598 634 2659 quae
658 2579 816 2660 cuiusque
840 2584 939 2642 esset.
985 2578 1058 2642 Non
1081 2579 1167 2642 enim
1189 2578 1346 2662 postulat,
1368 2583 1407 2642 ut

249 2687 427 2769 quicquam
461 2685 501 2748 de
536 2706 576 2749 ea
603 2687 759 2769 pecunia,
795 2706 894 2767 quarn
922 2707 1038 2769 reapse
1066 2693 1216 2751 mutuam
1243 2685 1406 2766 dederint,

249 2795 404 2858 amittant
439 2791 522 2873 (sed
551 2794 650 2876 quid
680 2814 751 2875 ego
781 2815 866 2871 vos,
901 2793 946 2858 de
976 2801 1116 2859 vestro
1146 2793 1405 2877 impendatis,

248 2900 446 2982 hortorl),
486 2900 542 2964 sed
579 2907 616 2965 ut
649 2922 689 2965 ne
725 2921 797 2964 cum
830 2902 937 2965 usuris
971 2901 1054 2966 solvi
1087 2922 1158 2966 eam
1193 2901 1258 2967 sibi
1289 2901 1407 2983 velint;

249 3009 364 3092 itaque
393 3028 528 3085 usuras,
563 3009 591 3072 si
614 3029 686 3090 quae
710 3008 824 3073 solutae
848 3011 928 3088 sint,
963 3009 1150 3093 decapite,
1183 3008 1332 3089 houset,
1367 3009 1407 3076 de

251 3138 387 3196 summa,
417 3138 488 3199 quae
511 3117 604 3181 initio
627 3117 737 3196 fuerit,
768 3117 885 3181 deduci
907 3118 1009 3195 iubet,
1038 3124 1076 3181 ut
1098 3118 1131 3181 id
1154 3123 1294 3198 tantum,
1317 3118 1407 3202 quod

249 3225 291 3290 iis
315 3225 464 3290 deductis
487 3231 592 3289 restet
614 3226 729 3304 mutui,
752 3225 909 3290 solvatur.
960 3227 1044 3290 Hinc
1066 3227 1212 3291 nascitur
1234 3227 1309 3310 ipsa
1329 3246 1409 3291 vera

249 3335 428 3418 scriptura:
453 3333 606 3398 Sortem
629 3333 816 3410 reliquum
832 3333 953 3413 ferte3
978 3333 1023 3398 de
1043 3335 1177 3417 capite
1196 3339 1257 3398 cet.
1293 3333 1407 3417 (Emp-

249 3440 361 3524 fanget
397 3442 456 3506 das
491 3443 576 3506 noch
610 3440 842 3524 riickstiindige
872 3440 1017 3525 Capital,
1058 3463 1125 3506 was
1163 3441 1311 3506 wirklich
1345 3463 1408 3506 von

252 3571 364 3615 euram
394 3549 524 3633 Capital
553 3549 638 3613 noch
667 3549 830 3629 aussteht3
864 3550 972 3614 ziehet
999 3570 1072 3614 vom
1095 3550 1327 3634 Hauptposten
1354 3549 1408 3614 die

250 3657 425 3723 bezahlten
463 3659 590 3721 Renten
626 3656 693 3738 ab.)
750 3655 829 3740 [Cfr.
854 3659 946 3722 locus
975 3658 1252 3742 aWesenbergio
1286 3659 1408 3723 citatus
1501 3636 1509 3649 ’

252 3785 279 3830 c.
304 3770 353 3844 35,
378 3763 422 3846 4.]

339 3872 416 3956 Cap.
443 3876 497 3951 17,
533 3875 551 3935 3
582 3871 784 3956 exprobrant
812 3872 986 3952 Manlium,
1021 3875 1212 3957 saginare
1247 3873 1409 3959 plebem

253 3981 476 4066 populares
516 4002 624 4060 suos,
668 3986 711 4044 ut
749 3981 998 4063 iugulentur.
1065 3984 1191 4048 Vitiosa
1229 3983 1294 4049 hoc
1333 3984 1409 4064 dici,

253 4088 406 4155 Dukerus
441 4089 620 4168 intellexit3
660 4088 742 4152 nihil
776 4089 861 4152 enim
895 4089 985 4154 aliud
1020 4112 1041 4155 a
1074 4092 1192 4156 Latine
1227 4092 1409 4157 scientibus

252 4198 433 4282 accipietur
455 4197 535 4262 nisi:
560 4198 651 4262 scine
669 4196 885 4278 Landsleute;
908 4219 985 4263 nam
1008 4200 1065 4283 qui
1089 4200 1122 4263 in
1144 4220 1180 4264 re
1198 4198 1332 4284 publica
1348 4219 1409 4284 pro
