3060 5272
235 341 298 397 Lib.
316 340 388 397 XLI.
779 330 842 393 610

237 513 287 579 ad
330 514 589 597 religionem,
639 513 746 596 quod
791 512 854 579 Cn.
899 514 1111 581 Cornelius
1156 517 1298 583 consul
1341 538 1392 583 ex

236 628 368 687 monte
391 621 551 687 Albano
579 621 741 688 rediens
770 622 960 687 concidit.
1005 622 1042 687 In
1066 622 1178 689 codice
1202 625 1249 689 sic
1272 624 1390 690 scribi·

237 736 306 794 tur:
328 729 572 795 Accesserat
594 729 641 795 ad
662 729 864 813 legionem
893 728 954 794 Cn.
979 729 1195 797 Cornelius
1218 739 1278 798 cet.
1324 732 1392 800 Po·

236 843 301 903 test
324 838 433 902 Livius
457 839 645 922 scripsisse:
668 840 912 903 Accesserat
935 837 1015 901 nlla
1037 839 1196 921 rellgl03
1220 858 1298 902 m
1322 838 1388 906 Cn.

237 943 454 1011 Cornelius
478 953 539 1011 cet.
574 944 638 1011 Sed
660 967 713 1011 res
736 947 871 1010 incerta.
905 945 1060 1010 Extremo
1084 947 1193 1032 capite
1216 944 1293 1029 (§9:
1318 968 1392 1014 sua

237 1053 391 1119 virtute
429 1054 722 1129 ac,ielicitate
760 1054 952 1119 neminem
992 1054 1067 1118 iam
1106 1055 1163 1119 cis
1197 1052 1282 1137 [cod.
1316 1052 1418 1139 sicl'

237 1161 351 1244 Alpis
373 1161 532 1226 hostem
554 1161 689 1245 populi
711 1162 878 1227 Romani
901 1159 986 1245 [cod.
1010 1160 1093 1245 pro]
1118 1163 1289 1245 agrique
1312 1163 1392 1228 ali·

239 1277 433 1353 quantum
462 1278 625 1353 captum
656 1269 732 1350 cet.)
767 1269 961 1334 infinitivum
984 1269 1100 1335 abesse
1123 1292 1188 1335 non
1211 1291 1309 1354 posse
1332 1270 1392 1354 (cb

239 1398 312 1442 earn
331 1398 472 1456 causam,
495 1399 594 1461 quam
617 1378 754 1461 exposui
771 1401 803 1461 p.
817 1381 879 1441 248
902 1384 995 1455 not),
1018 1379 1084 1442 iam
1102 1377 1396 1445 Drakenborchius

153 1488 227 1559 (501)
246 1485 356 1567 aliquo
379 1485 475 1551 modo
498 1493 660 1564 senserat,
684 1492 794 1549 utrum
817 1492 892 1569 post
914 1485 1029 1569 Alpis
1053 1507 1094 1550 an
1117 1494 1191 1570 post
1209 1508 1295 1571 pop.
1319 1488 1396 1553 Ro·

239 1594 343 1658 mani
367 1594 525 1658 exciderit
548 1615 653 1671 esse,
676 1592 805 1658 definiri
826 1594 951 1676 nequit.

326 1698 404 1784 Cap.
429 1704 478 1780 17,
501 1706 534 1766 6:
557 1701 593 1779 Q.
616 1700 810 1766 Petillius
834 1701 973 1766 consul
1004 1701 1212 1785 collegam,
1235 1704 1303 1785 qui
1325 1724 1396 1769 ex·

240 1809 393 1892 templo
411 1809 695 1893 magistratum
714 1810 934 1892 occiperet,
953 1812 1110 1874 creavit
1134 1809 1168 1875 C.
1182 1810 1399 1877 Valerium

243 1915 454 1980 Laevinum.
510 1917 548 1982 ls
583 1919 662 1981 iam
697 1915 761 1981 diu
801 1916 971 2001 cupidus
1006 1918 1239 2000 provinciae,
1273 1940 1395 2002 quum

241 2031 476 2109 opportunae
507 2026 731 2109 cupiditati
765 2026 852 2089 eius
881 2026 1033 2089 litterae
1062 2025 1210 2092 adlatae
1239 2034 1398 2109 essent,

240 2131 412 2216 Ligures
434 2133 681 2218 rebellasse,
715 2132 842 2198 Nonis
873 2132 1118 2212 Sextilibus,
1153 2134 1395 2219 paludatus,

239 2240 399 2307 litteris
423 2242 587 2321 auditis,
610 2240 811 2306 tumultus
834 2242 919 2305 eins
943 2258 1064 2306 causa
1093 2242 1293 2325 legionem
1315 2248 1397 2309 ter·

239 2349 335 2415 tiam
359 2349 408 2415 ad
432 2349 465 2415 C.
489 2347 701 2415 Claudium
725 2349 931 2414 consulem
961 2350 999 2413 iu
1023 2348 1200 2415 Galliam
1225 2348 1394 2434 profici·

242 2459 301 2521 sci
324 2458 449 2523 iussit
472 2464 511 2523 et
541 2457 772 2522 duumuiros
805 2456 972 2521 navales
1007 2476 1092 2521 cum
1120 2457 1250 2524 classe
1272 2458 1394 2526 Pisas

240 2566 309 2643 ire,
332 2572 393 2630 cet.
439 2562 548 2630 Consu
582 2563 761 2651 paludatus
796 2564 830 2628 in
853 2565 1056 2648 provinciam
1090 2565 1188 2645 ibat,
1217 2588 1281 2632 non
1309 2566 1398 2634 alios

240 2672 406 2756 proficisci
428 2672 573 2750 iubebat,
597 2693 658 2737 nec
679 2671 808 2736 litteras
832 2692 849 2735 e
873 2673 1049 2755 provinciis
1073 2673 1202 2740 adlatas
1225 2675 1393 2757 audiebat,

241 2780 300 2846 sed
322 2780 453 2864 legebat
475 2781 545 2864 ipse
569 2786 602 2844 et
635 2779 799 2844 recitabat
832 2781 1004 2845 recitariue
1037 2781 1189 2862 iubebat,
1229 2804 1305 2864 nec,
1338 2784 1394 2849 lit·

239 2890 319 2954 teris
337 2888 458 2954 adlatis
477 2889 617 2972 primum
635 2887 905 2971 paludamentum
919 2888 1079 2967 sumebat,
1105 2890 1235 2971 deinde,
1258 2891 1392 2973 auditis,

238 2996 311 3062 lieri
345 2996 469 3079 aliquid
501 2997 645 3061 iubebat.
691 2995 756 3062 Sed
790 2997 868 3079 quid
901 2996 970 3060 haec
1008 2997 1159 3080 pluribus
1200 3020 1398 3085 persequor,

240 3126 341 3188 quum
359 3106 659 3171 manifestissimum
679 3107 731 3181 sit,
754 3106 886 3171 initium
903 3107 1061 3169 orationis
1085 3106 1125 3170 de
1149 3108 1282 3172 consule
1307 3128 1390 3189 esse,

239 3215 367 3294 statim,
400 3236 500 3298 quum
532 3214 652 3279 litterae
685 3212 804 3278 adlatae
832 3220 957 3292 essent,
988 3213 1104 3297 cupide
1133 3215 1167 3279 in
1190 3216 1395 3299 provinciam

238 3321 428 3405 festinante,
451 3324 575 3387 exitum
599 3321 639 3387 de
662 3329 789 3400 senatu,
812 3320 932 3386 litteris
955 3322 1045 3405 apud
1067 3343 1101 3386 se
1124 3324 1272 3388 recitatis
1296 3324 1391 3389 audi-

237 3430 355 3515 tisque,
379 3452 451 3515 quae
473 3430 544 3496 fieri
567 3430 632 3495 alie
654 3429 696 3494 ab
715 3429 789 3494 aliis
807 3428 957 3507 debeant,
979 3428 1122 3510 iubente,
1145 3432 1391 3514 medicantem,

239 3539 357 3623 quibus
379 3538 615 3603 absolvebatur
637 3540 729 3622 prior
753 3538 932 3615 sententia,
960 3559 1047 3602 nova
1075 3539 1268 3622 incipiebat,
1292 3542 1393 3606 inter·

238 3646 378 3711 cidisse?
417 3647 534 3728 ltaque
557 3649 604 3711 sic
623 3644 831 3710 scribendum
854 3651 919 3710 est:
943 3644 1133 3711 —Nonis
1158 3645 1394 3715 Sextilibus

236 3755 460 3839 paludatus
492 3790 544 3818 —.
590 3755 759 3831 Senatus,
800 3753 964 3818 litteris
993 3754 1165 3834 auditis,
1189 3756 1394 3823 tumultus

237 3864 323 3928 eius
357 3884 477 3928 causa
500 3871 562 3928 cet.
606 3863 649 3927 Et
683 3861 843 3927 excidisse
877 3861 1014 3943 aliquid,
1047 3863 1146 3927 etiam
1174 3863 1326 3930 Dukerus
1357 3872 1393 3931 et

239 3972 525 4037 Weissenbornius
550 3978 736 4047 senserunt3
759 3971 901 4035 transire
919 3971 1142 4035 narrationem
1165 3972 1207 4036 ad
1231 3981 1393 4055 senatum,

235 4102 301 4145 nou
323 4080 474 4145 videntur
508 4079 787 4144 animadvertisse.
835 4078 1023 4161 [Senatus
1058 4079 1269 4163 suppleverat
1303 4081 1391 4147 Heu·

238 4186 374 4270 singen]
421 4188 484 4253 Sed
509 4188 640 4267 consul,
674 4189 728 4270 qui
762 4190 795 4253 iu
827 4189 1027 4273 proviincam
1055 4187 1205 4271 festinat,
1240 4192 1267 4256 si
1297 4191 1395 4256 editae
