3060 5272
214 430 276 483 Lib.
295 430 353 483 XL.
759 417 822 476 580

214 603 299 681 rei),
323 602 606 685 suspectissimum
629 622 701 664 esse
731 601 780 663 vel
809 601 918 683 potius
941 602 1064 665 erroris
1093 600 1304 666 manifestum
1329 622 1377 665 ex

213 712 391 794 scriptura,
414 716 451 773 ut
473 710 616 785 videtur,
644 709 729 772 male
752 708 920 772 intellecta
941 709 1015 772 orti.
1063 707 1161 791 [Nam
1183 709 1273 793 quod
1295 715 1377 775 eret

214 818 399 900 exemplum
422 818 455 880 in
477 815 593 893 XXVI,
618 819 668 895 32,
691 820 721 892 6,
745 814 1039 894 Weissenbornius,
1062 817 1148 881 viam
1165 822 1376 883 monstrante

213 926 326 990 codice
348 925 390 1003 P,
408 924 556 1003 sustulit3
581 922 729 1002 XXXIX,
750 927 798 1000 14,
822 928 841 986 8
863 944 977 987 novem
1000 922 1098 988 Drak.
1126 922 1221 989 codd.
1244 922 1377 990 habent

213 1053 424 1097 sacrorum
447 1030 593 1113 causa]
638 1031 670 1095 Is
699 1051 791 1095 error
820 1031 920 1095 etiam
952 1032 1089 1095 tertium
1111 1032 1219 1097 locum
1247 1030 1373 1113 attigit.

212 1140 298 1205 Nam
332 1138 418 1223 quod
453 1160 480 1203 c.
505 1144 555 1219 52,
587 1145 601 1202 l
632 1139 758 1203 editur:
792 1173 835 1182 -
867 1138 910 1202 M.
940 1138 1130 1203 AEmilius
1165 1139 1290 1222 petiit
1322 1139 1374 1205 ab

213 1255 373 1325 senatu,
412 1254 456 1311 ut
496 1247 578 1311 sibi
618 1246 898 1311 dedicationis
937 1245 1182 1329 templorum
1220 1246 1375 1329 reginae

212 1356 382 1422 Iunonis
406 1360 444 1419 et
467 1355 618 1433 Dianae,
647 1375 730 1436 quae
753 1353 860 1417 bello
890 1353 1108 1436 Ligustino
1131 1360 1227 1419 ante
1249 1355 1374 1419 annis

213 1471 305 1529 octo
329 1465 519 1542 vovisset,
543 1463 719 1545 pecunia
742 1461 790 1525 ad
808 1461 925 1526 ludos
944 1462 1248 1541 decerneretur,
1272 1460 1374 1545 plane

214 1578 340 1636 certum
363 1579 429 1648 est,
464 1570 657 1634 mendosum
681 1590 766 1649 esse,
799 1590 905 1652 neque
934 1572 1018 1634 enim
1047 1572 1082 1633 in
1109 1569 1173 1634 hac
1203 1570 1372 1635 oratione:

212 1678 490 1744 dedicationis
523 1676 764 1760 templorum
798 1713 840 1721 —
874 1679 1049 1759 pecunia
1081 1678 1130 1743 ad
1157 1677 1275 1743 ludos
1303 1676 1374 1741 de-

212 1787 393 1852 cernitur
438 1786 606 1868 genetivus
642 1791 701 1850 aut
740 1806 761 1849 a
800 1787 980 1868 pecuniae
1021 1792 1080 1850 aut
1119 1808 1140 1851 a
1182 1785 1374 1851 ludorum

211 1895 342 1960 nomine
366 1894 511 1977 pendere
534 1893 601 1959 ullo
625 1893 723 1958 modo
758 1900 869 1976 potest
901 1914 1010 1976 neque
1043 1915 1103 1978 per
1131 1915 1164 1959 se
1188 1892 1373 1975 (dedica-

210 2003 339 2067 tionis
358 2003 599 2085 templorum
618 2001 806 2084 pecunia,
824 2000 1108 2067 dedicationis
1126 2001 1374 2085 templorum

210 2111 309 2192 Iudi)
344 2131 450 2193 neque
480 2132 540 2194 per
572 2109 746 2175 verborum
781 2109 937 2174 ordinem.
984 2109 1048 2174 Sed
1077 2132 1141 2175 non
1171 2110 1276 2175 solum
1309 2106 1374 2175 hoo

212 2228 339 2287 certum
363 2227 429 2299 est,
453 2218 509 2285 sed
533 2218 614 2283 illud
637 2239 702 2282 non
726 2218 848 2297 minus,
874 2218 1001 2282 Livium
1023 2220 1195 2302 scripsisse
1218 2218 1261 2283 ad
1283 2217 1372 2282 hanc

209 2329 363 2394 formam:
398 2334 441 2393 ut
469 2328 550 2392 sibi
579 2326 861 2391 dedicationis
892 2348 1017 2391 causa
1044 2326 1291 2411 templorum
1312 2346 1372 2391 re·

213 2438 313 2519 ginae
336 2436 504 2500 Iunonis
537 2440 577 2499 ot
605 2435 742 2498 Dianae
775 2469 818 2479 —
852 2436 1026 2516 pecunia
1054 2435 1103 2500 ad
1133 2435 1210 2500 lud.
1246 2433 1367 2516 dec.¹)

212 2542 336 2607 Eadem
360 2564 437 2625 ergo
471 2542 654 2607 obscuritas
688 2540 953 2625 ambiguitasqne
983 2542 1098 2623 effecit,
1135 2551 1173 2610 ut
1199 2543 1262 2609 hoc
1289 2542 1366 2609 loco

213 2651 421 2716 omitteretur
443 2650 639 2715 vocabulum
660 2651 881 2715 necessarium
911 2656 945 2715 ot
972 2659 1010 2716 ut
1039 2652 1165 2717 1111011111Ι
1187 2649 1367 2735 superiori·

212 2758 273 2824 bus
297 2780 361 2823 nou
384 2764 472 2823 recte
496 2764 684 2842 poneret-ur.
729 2758 831 2823 Simili
856 2781 991 2841 prorsus
1015 2762 1200 2844 suspicione
1222 2759 1368 2823 animum

212 2868 328 2950 pungit
350 2865 432 2930 illud
454 2867 486 2929 in
510 2866 572 2930 hoc
595 2867 677 2949 ipso,
700 2866 741 2932 de
765 2888 830 2949 quo
854 2869 1001 2950 proxime
1024 2868 1106 2943 dixi,
1134 2869 1205 2933 loco
1229 2865 1270 2947 (c.
1295 2866 1366 2947 52):

212 2982 305 3039 ento
329 2975 443 3039 annis
466 2981 564 3040 octo.
610 2973 694 3039 Nem
727 2974 825 3039 huius
853 2974 967 3039 formae
999 2976 1072 3058 (pro
1095 2998 1162 3058 qua
1185 2981 1244 3040 aut
1268 2981 1365 3040 ante

211 3104 340 3147 annos
369 3092 474 3162 octo,
503 3083 667 3147 interdum
697 3084 796 3147 etiam
825 3090 915 3148 octo
944 3091 1038 3149 ante
1068 3106 1210 3161 annos,
1245 3083 1367 3148 dicitur

210 3198 277 3270 aut,
301 3192 328 3256 si
352 3191 508 3257 adverbio
533 3192 580 3255 uti
602 3189 777 3271 malumne,
806 3199 898 3256 octo
928 3193 1043 3256 anuis
1073 3200 1167 3257 ante
1190 3198 1249 3257 aut
1271 3196 1365 3255 octo

210 3307 304 3364 ante
328 3300 458 3379 annis)
481 3298 570 3382 apud
593 3298 719 3363 Livium
749 3304 842 3363 extra
872 3299 957 3363 hene
981 3307 1159 3366 extremam
1181 3301 1258 3365 libri
1283 3320 1365 3381 qua·

211 3408 386 3490 dragesimi
420 3414 548 3491 partem
581 3428 682 3473 unum
715 3407 899 3490 exemplum
932 3413 1042 3472 exstat
1070 3408 1220 3492 (XXXII,
1251 3411 1362 3487 5,10:

208 3522 303 3597 post
324 3516 465 3599 paucis
489 3515 647 3594 diebus;
680 3535 756 3579 nam
780 3522 873 3597 post
901 3514 1115 3597 aliquanto
1139 3516 1237 3582 aliam
1259 3512 1364 3580 habet

208 3623 431 3704 rationem)²),
465 3624 498 3686 in
527 3622 591 3686 hac
619 3622 709 3687 brevi
737 3621 813 3687 libri
841 3628 935 3705 parte
964 3624 1029 3688 tria
1057 3631 1148 3701 sunt,
1171 3623 1251 3701 hoo,
1274 3620 1366 3706 quod

232 3946 258 4011 ¹)
278 3944 330 4014 [De
358 3962 466 3999 causa
494 3948 567 4000 inter
593 3945 664 3999 dnos
688 3946 833 4012 genetivos
863 3947 1026 4015 interposito
1050 3946 1099 4001 cfr.
1122 3945 1252 4012 XXVIII,
1275 3950 1318 4013 21,
1341 3950 1364 4012 l,

276 4030 377 4097 XXXI,
396 4034 437 4097 50,
456 4035 480 4097 4,
504 4030 620 4092 XXXV,
649 4032 691 4095 51,
710 4032 734 4095 7,
757 4029 831 4097 XLI,
859 4034 899 4097 28,
924 4035 963 4098 11,
991 4032 1079 4099 XLII,
1102 4036 1144 4099 37,
1168 4035 1193 4086 6.
1229 4033 1296 4100 Qum
1319 4032 1362 4085 W.

279 4117 434 4183 adnotavit,
453 4119 567 4171 omnino
586 4134 643 4171 non
662 4115 803 4186 intellego.
843 4118 929 4185 181151

230 4203 257 4266 ¹)
277 4200 349 4254 Olim
377 4203 583 4269 adiungebatnr
609 4200 762 4267 XXXVIII,
782 4204 824 4269 52,
843 4206 867 4269 ’1,
894 4204 923 4255 111
951 4220 1033 4271 quom
1061 4203 1153 4257 locum
1180 4202 1269 4257 Aldus
1297 4220 1360 4257 oum

274 4303 397 4340 errorem
415 4288 520 4353 intulit,
540 4304 626 4355 quum
644 4294 720 4341 reete
738 4287 767 4339 in
785 4287 814 4340 Id
832 4288 1019 4341 scriberetur.
