3060 5272
240 348 305 403 Lib.
321 346 407 403 XLII.
781 336 843 399 632

153 532 224 602 (110)
243 527 397 605 corrupta
420 521 525 585 oratio
547 528 597 586 est
618 518 635 603 ἓ
659 524 694 602 8;
717 521 825 586 editur
847 522 947 585 enim:
970 522 1114 602 Regem
1131 521 1180 587 ad
1198 541 1244 586 ea
1259 519 1396 605 primo,

238 649 448 694 accensum
470 629 531 693 ira
552 628 819 694 inclementer
849 629 1043 705 locutum,
1074 630 1291 695 avaritiam
1320 648 1393 694 su·

238 736 501 821 perbiamque
521 737 709 804 Romanis
726 737 999 802 obiicientem
1018 735 1390 821 frequenter,quod

238 845 310 911 alii
333 866 454 929 super
476 845 584 911 alios
612 844 742 926 legati
770 846 955 911 venirent
990 847 1246 930 speculatum
1273 844 1393 911 dicta

237 953 427 1036 factaque
457 974 542 1031 sua,
578 953 681 1038 quod
704 975 746 1018 sc
769 953 979 1019 adnutum
1003 955 1297 1038 imperiumque
1320 972 1391 1017 eo·

236 1083 320 1127 rum
346 1062 477 1127 omnia
505 1062 640 1127 dicere
669 1083 712 1126 ac
734 1061 871 1127 facere
894 1083 1045 1145 aequum
1069 1069 1300 1139 censerent,
1323 1066 1388 1126 cet.

236 1170 280 1236 Et
301 1169 402 1249 locus,
425 1191 489 1252 quo
507 1171 639 1253 ponitur
658 1169 850 1235 adverbium
872 1168 1117 1255 frequenter,
1141 1176 1332 1253 suspectum
1352 1168 1391 1233 id

236 1278 324 1358 facit,
347 1286 381 1344 et
403 1280 579 1358 senteutia3
612 1297 717 1361 neque
740 1280 835 1357 enim,
860 1279 940 1364 qnid
962 1279 1154 1362 frequenter
1176 1300 1233 1343 rox
1256 1278 1389 1357 dixerit,

237 1387 421 1470 exponitur,
456 1387 514 1452 sed
546 1387 625 1472 quid
652 1387 686 1451 in
714 1410 779 1452 000
803 1389 951 1453 oratione
975 1389 1132 1471 primum,
1156 1386 1237 1472 quid
1259 1392 1387 1470 postre-

213 1517 339 1576 .mum;
361 1516 468 1579 neque
490 1503 588 1575 recte,
611 1516 683 1579 quae
701 1503 881 1579 sequuntur
900 1495 1020 1580 (quod
1043 1497 1116 1560 alii
1140 1516 1262 1579 super
1280 1494 1390 1561 alios

238 1604 323 1685 cet),
368 1605 514 1669 avaritiae
552 1603 776 1687 superbiaeque
811 1606 1021 1668 accusatione
1056 1603 1386 1688 comprehenduntur.

238 1712 275 1778 In
299 1712 410 1777 codice
433 1734 492 1795 pro
516 1711 754 1796 frequenter
783 1713 937 1777 scribitur
970 1711 1236 1793 frequentem.
1281 1711 1390 1779 Nemo

237 1821 362 1905 peritus
386 1819 528 1901 negabit,
546 1819 672 1883 Livium
691 1822 875 1904 scripsisse:
899 1821 1119 1885 avaritiam
1138 1819 1389 1904 superbiam·

238 1950 309 2012 que
333 1928 523 1993 Romanis
548 1927 812 1993 obiicientem
836 1937 1148 2007 quercuumque,
1179 1927 1283 2012 quod
1312 1927 1388 1992 alii

237 2044 315 2117 cet.;
350 2058 424 2121 que
457 2035 578 2102 excidit
611 2043 686 2102 ante
721 2038 836 2122 quod.
882 2038 1147 2122 Speculatum
1176 2036 1391 2119 Kreyssigius

235 2146 356 2230 posuit,
390 2166 491 2228 quum
523 2146 557 2210 in
591 2145 705 2211 codice
739 2154 826 2212 esset
860 2146 1068 2231 speculati
1093 2145 1205 2229 (Gryn.
1231 2151 1264 2209 et
1287 2144 1389 2210 ceteri

237 2254 472 2339 speculari);
507 2255 642 2339 propius
671 2254 770 2338 paulo
799 2262 850 2320 est
878 2254 1153 2340 speculaturi3
1178 2252 1238 2335 [sic
1261 2253 1388 2336 Ruper-

236 2360 325 2447 tius].
360 2361 443 2441 XLI,
470 2366 518 2441 19,
544 2369 582 2428 10
606 2384 665 2446 pro
689 2365 961 2447 expugnaturi
986 2363 1090 2427 codex
1112 2361 1215 2427 habet
1237 2381 1391 2446 expug-

235 2472 340 2549 nari,
362 2470 475 2550 XLIV,
499 2474 527 2541 9,
554 2476 592 2535 10
616 2470 687 2536 cod.
711 2492 970 2554 progressae,
1005 2471 1160 2553 Grynaeus
1183 2477 1272 2535 recte
1295 2491 1390 2553 pro-

237 2599 461 2660 gressurus.
517 2578 626 2643 Etiam
665 2578 776 2658 XLIV,
816 2583 845 2659 4,
892 2584 927 2643 11
969 2578 1254 2644 Weissenbornius
1298 2584 1390 2644 recte

237 2695 576 2767 transgressurus
610 2706 670 2769 pro
704 2693 1012 2770 transgressus.
1057 2686 1160 2751 Paulo
1194 2693 1269 2770 post
1302 2684 1319 2769 ᾖ
1351 2690 1386 2749 ll

237 2793 444 2859 scribendum
468 2802 532 2859 est:
569 2792 607 2859 Si
630 2815 772 2859 novum
807 2793 951 2860 foedus
980 2815 1113 2860 secum
1142 2795 1277 2860 facere
1307 2793 1390 2859 vel-

234 2903 336 2982 lent,
376 2902 590 2966 convenire
637 2903 750 2985 prius
796 2903 842 2968 de
882 2903 1198 2969 condicionibus
1241 2901 1390 2969 debere

235 3011 310 3093 (hoo
334 3011 512 3094 separatim
529 3018 698 3094 tamquam
715 3018 816 3095 caput
837 3014 885 3077 rei
908 3012 1070 3097 ponitur);
1096 3013 1189 3077 siin
1213 3012 1389 3077 animum

234 3120 487 3191 inducerent,
521 3126 564 3184 ut
597 3140 642 3185 ex
674 3140 785 3202 aequo
820 3120 964 3186 foedus
986 3121 1126 3197 fieret,
1156 3127 1195 3184 et
1218 3140 1257 3185 se
1280 3121 1392 3185 visu-

191 3263 196 3273 ·
234 3236 401 3294 rumcet.
447 3225 539 3310 (Cod.
564 3227 747 3307 deberet,
778 3228 851 3293 edd.
877 3229 1042 3308 debere,
1074 3230 1206 3310 0131.)
1253 3226 1391 3312 [Tume

235 3339 398 3423 scriptura
421 3337 558 3402 codicis:
583 3336 749 3401 credere
774 3359 804 3420 p.
830 3337 1094 3402 consulturos
1118 3338 1290 3419 geminatis
1313 3338 1390 3400 sim·

234 3447 364 3531 pliciter
396 3445 516 3510 litteris
550 3443 735 3509 faciendum
759 3444 964 3510 crederee
993 3465 1034 3509 re
1062 3467 1092 3527 p.
1123 3465 1229 3509 cons.
1265 3443 1389 3509 Consu·

234 3555 323 3620 lendi
344 3555 403 3619 rei
426 3577 457 3637 p.
481 3554 572 3619 notio
596 3553 650 3617 hic
672 3555 780 3618 minus
804 3562 883 3638 apta
906 3560 964 3618 est.
1003 3549 1110 3634 1861]
1156 3554 1311 3618 Extremo
1335 3573 1390 3617 oa·

233 3664 300 3748 pite
336 3661 366 3746 (ξ
403 3661 455 3739 14)
489 3683 604 3746 nuper,
639 3661 761 3727 codicis
800 3661 917 3726 mendo
952 3669 1120 3738 revocata,
1156 3663 1320 3727 sententia
1355 3668 1391 3727 et

234 3772 340 3837 oratio
365 3773 412 3836 sic
435 3777 590 3855 corrupta
613 3777 677 3834 est:
701 3770 866 3834 litteras
894 3770 1005 3835 mitti
1028 3769 1267 3835 consulibus
1297 3769 1388 3852 pla·

234 3879 326 3959 cuit,
348 3888 405 3945 01.
428 3885 518 3944 uter
541 3898 678 3943 eorum
701 3884 811 3942 esset
828 3876 977 3958 (consull
1001 3886 1058 3944 aut
1076 3878 1203 3962 qnidll,
1225 3879 1388 3943 Romam
1488 3930 1492 3937 .

234 3988 282 4053 ad
315 3988 584 4071 magistratus
618 3984 815 4051 creandos
849 3987 1021 4052 veniret.
1068 3988 1168 4051 Recte
1205 3985 1391 4051 Gronovius

235 4098 399 4179 ceterique
433 4103 578 4179 posset.
629 4094 728 4159 Esse
763 4116 822 4177 pro
857 4116 980 4178 posse
1015 4095 1173 4161 scribitur
1206 4096 1238 4158 in
1273 4095 1388 4158 codice

235 4206 334 4269 etiam
357 4224 384 4268 c.
411 4208 458 4283 la,
483 4208 511 4274 2,
536 4209 646 4269 esset
668 4223 726 4285 pro
750 4214 891 4286 posset
914 4224 940 4269 c.
967 4207 1018 4282 36,
1043 4207 1071 4267 3.
