<?xml version="1.0" encoding="UTF-8"?>
<!DOCTYPE html PUBLIC "-//W3C//DTD XHTML 1.0 Transitional//EN"
    "http://www.w3.org/TR/xhtml1/DTD/xhtml1-transitional.dtd">
<html xmlns="http://www.w3.org/1999/xhtml" xml:lang="en" lang="en">
 <head>
  <title>
</title>
<meta http-equiv="Content-Type" content="text/html;charset=utf-8" />
  <meta name='ocr-system' content='tesseract 3.04.00' />
  <meta name='ocr-capabilities' content='ocr_page ocr_carea ocr_par ocr_line ocrx_word'/>
</head>
<body>
  <div class='ocr_page' id='page_1' title='image "./emendationesliv01madvgoog_0096.png"; bbox 0 0 3060 5272; ppageno 0'>
   <div class='ocr_carea' id='block_1_1' title="bbox 719 825 1317 897">
    <p class='ocr_par' dir='ltr' id='par_1_1' title="bbox 719 825 1317 897">
     <span class='ocr_line' id='line_1_1' title="bbox 719 825 1317 897; baseline 0 -13"><span class='ocrx_word' id='word_1_1' title='bbox 719 825 761 884; x_wconf 75' lang='lat' dir='ltr'>et</span> <span class='ocrx_word' id='word_1_2' title='bbox 1183 837 1247 895; x_wconf 63' lang='lat' dir='ltr'>m,</span> <span class='ocrx_word' id='word_1_3' title='bbox 1266 838 1317 897; x_wconf 69' lang='lat'>111</span> 
     </span>
    </p>
   </div>
   <div class='ocr_carea' id='block_1_2' title="bbox 156 1001 1317 1413">
    <p class='ocr_par' dir='ltr' id='par_1_2' title="bbox 156 1001 1317 1413">
     <span class='ocr_line' id='line_1_2' title="bbox 156 1001 1317 1088; baseline 0.005 -19"><span class='ocrx_word' id='word_1_4' title='bbox 156 1001 330 1087; x_wconf 67' lang='lat' dir='ltr'>adscripto</span> <span class='ocrx_word' id='word_1_5' title='bbox 353 1002 454 1070; x_wconf 85' lang='lat' dir='ltr'>otiam</span> <span class='ocrx_word' id='word_1_6' title='bbox 476 1023 496 1070; x_wconf 90' lang='lat' dir='ltr'>e</span> <span class='ocrx_word' id='word_1_7' title='bbox 517 1003 603 1071; x_wconf 88' lang='lat' dir='ltr'>libro</span> <span class='ocrx_word' id='word_1_8' title='bbox 615 1004 771 1088; x_wconf 83' lang='lat' dir='ltr'>XXXIX,</span> <span class='ocrx_word' id='word_1_9' title='bbox 792 1010 841 1088; x_wconf 73' lang='lat'>12&#39;,</span> <span class='ocrx_word' id='word_1_10' title='bbox 858 1014 896 1072; x_wconf 85' lang='lat'>4:</span> <span class='ocrx_word' id='word_1_11' title='bbox 920 1007 1254 1074; x_wconf 73' lang='lat' dir='ltr'>Bacchanalibus</span> <span class='ocrx_word' id='word_1_12' title='bbox 1275 1010 1317 1075; x_wconf 90' lang='lat' dir='ltr'>in</span> 
     </span>
     <span class='ocr_line' id='line_1_3' title="bbox 156 1109 1315 1200; baseline 0.005 -25"><span class='ocrx_word' id='word_1_13' title='bbox 156 1130 278 1176; x_wconf 88' lang='lat' dir='ltr'>sacro</span> <span class='ocrx_word' id='word_1_14' title='bbox 312 1109 534 1193; x_wconf 60' lang='lat' dir='ltr'>nocturum</span> <span class='ocrx_word' id='word_1_15' title='bbox 572 1118 707 1196; x_wconf 87' lang='lat' dir='ltr'>poterat</span> <span class='ocrx_word' id='word_1_16' title='bbox 745 1115 861 1180; x_wconf 87' lang='lat' dir='ltr'>eodem</span> <span class='ocrx_word' id='word_1_17' title='bbox 890 1117 962 1180; x_wconf 88' lang='lat' dir='ltr'>iure</span> <span class='ocrx_word' id='word_1_18' title='bbox 990 1121 1200 1200; x_wconf 86' lang='lat' dir='ltr'>comparare:</span> <span class='ocrx_word' id='word_1_19' title='bbox 1240 1116 1315 1182; x_wconf 88' lang='lat' dir='ltr'>Ta·</span> 
     </span>
     <span class='ocr_line' id='line_1_4' title="bbox 158 1214 1315 1303; baseline 0.005 -21"><span class='ocrx_word' id='word_1_20' title='bbox 158 1214 283 1297; x_wconf 79' lang='lat' dir='ltr'>renti,</span> <span class='ocrx_word' id='word_1_21' title='bbox 316 1219 357 1283; x_wconf 93' lang='lat' dir='ltr'>in</span> <span class='ocrx_word' id='word_1_22' title='bbox 390 1219 490 1284; x_wconf 88' lang='lat' dir='ltr'>urbe</span> <span class='ocrx_word' id='word_1_23' title='bbox 523 1219 742 1303; x_wconf 82' lang='lat' dir='ltr'>locupleti3</span> <span class='ocrx_word' id='word_1_24' title='bbox 784 1221 1217 1289; x_wconf 84' lang='lat' dir='ltr'>nam&#39;Bacchanalibus</span> <span class='ocrx_word' id='word_1_25' title='bbox 1245 1223 1315 1289; x_wconf 89' lang='lat' dir='ltr'>sino</span> 
     </span>
     <span class='ocr_line' id='line_1_5' title="bbox 158 1323 1186 1413; baseline 0.007 -24"><span class='ocrx_word' id='word_1_26' title='bbox 158 1323 394 1409; x_wconf 76' lang='lat' dir='ltr'>pmpoaitione</span> <span class='ocrx_word' id='word_1_27' title='bbox 416 1327 451 1390; x_wconf 90' lang='lat' dir='ltr'>in</span> <span class='ocrx_word' id='word_1_28' title='bbox 470 1332 622 1410; x_wconf 87' lang='lat' dir='ltr'>tempore</span> <span class='ocrx_word' id='word_1_29' title='bbox 644 1328 823 1395; x_wconf 86' lang='lat' dir='ltr'>indicando</span> <span class='ocrx_word' id='word_1_30' title='bbox 844 1331 989 1413; x_wconf 88' lang='lat' dir='ltr'>ponitur.</span> <span class='ocrx_word' id='word_1_31' title='bbox 1184 1337 1186 1343; x_wconf 77' lang='grc'>’</span> 
     </span>
    </p>
   </div>
   <div class='ocr_carea' id='block_1_3' title="bbox 152 1429 1333 4610">
    <p class='ocr_par' dir='ltr' id='par_1_3' title="bbox 155 1429 1315 2588">
     <span class='ocr_line' id='line_1_6' title="bbox 159 1429 1315 1516; baseline 0.006 -21"><span class='ocrx_word' id='word_1_32' title='bbox 159 1481 162 1485; x_wconf 82' lang='lat'>.</span> <span class='ocrx_word' id='word_1_33' title='bbox 245 1429 323 1516; x_wconf 84' lang='lat' dir='ltr'>(lap.</span> <span class='ocrx_word' id='word_1_34' title='bbox 348 1437 379 1512; x_wconf 85' lang='lat'>8,</span> <span class='ocrx_word' id='word_1_35' title='bbox 402 1437 437 1497; x_wconf 88' lang='lat'>8:</span> <span class='ocrx_word' id='word_1_36' title='bbox 460 1433 612 1499; x_wconf 78' lang='lat' dir='ltr'><strong>Hostes</strong></span> <span class='ocrx_word' id='word_1_37' title='bbox 631 1437 733 1499; x_wconf 89' lang='lat' dir='ltr'>...in</span> <span class='ocrx_word' id='word_1_38' title='bbox 755 1436 992 1502; x_wconf 87' lang='lat' dir='ltr'>Lucretium</span> <span class='ocrx_word' id='word_1_39' title='bbox 1012 1436 1202 1502; x_wconf 89' lang='lat' dir='ltr'>incidunt</span> <span class='ocrx_word' id='word_1_40' title='bbox 1224 1446 1315 1502; x_wconf 86' lang='lat' dir='ltr'>con·</span> 
     </span>
     <span class='ocr_line' id='line_1_7' title="bbox 158 1538 1314 1626; baseline 0.003 -23"><span class='ocrx_word' id='word_1_41' title='bbox 158 1538 300 1619; x_wconf 87' lang='lat' dir='ltr'>sulem,</span> <span class='ocrx_word' id='word_1_42' title='bbox 339 1540 417 1604; x_wconf 93' lang='lat' dir='ltr'>iam</span> <span class='ocrx_word' id='word_1_43' title='bbox 457 1549 553 1605; x_wconf 86' lang='lat' dir='ltr'>ante</span> <span class='ocrx_word' id='word_1_44' title='bbox 592 1542 827 1626; x_wconf 83' lang='lat' dir='ltr'><strong>exploratis</strong></span> <span class='ocrx_word' id='word_1_45' title='bbox 866 1543 1093 1609; x_wconf 82' lang='lat' dir='ltr'>itineribus</span> <span class='ocrx_word' id='word_1_46' title='bbox 1129 1544 1221 1608; x_wconf 71' lang='lat' dir='ltr'>&#39;suis</span> <span class='ocrx_word' id='word_1_47' title='bbox 1252 1544 1314 1608; x_wconf 89' lang='lat' dir='ltr'>in·</span> 
     </span>
     <span class='ocr_line' id='line_1_8' title="bbox 157 1648 1315 1733; baseline 0.003 -22"><span class='ocrx_word' id='word_1_48' title='bbox 157 1652 363 1711; x_wconf 83' lang='lat' dir='ltr'>structum</span> <span class='ocrx_word' id='word_1_49' title='bbox 401 1650 440 1712; x_wconf 87' lang='lat' dir='ltr'>et</span> <span class='ocrx_word' id='word_1_50' title='bbox 477 1648 528 1712; x_wconf 85' lang='lat' dir='ltr'>ud</span> <span class='ocrx_word' id='word_1_51' title='bbox 567 1655 779 1714; x_wconf 85' lang='lat' dir='ltr'>certamen</span> <span class='ocrx_word' id='word_1_52' title='bbox 809 1652 1021 1715; x_wconf 86' lang='lat' dir='ltr'>intentum.</span> <span class='ocrx_word' id='word_1_53' title='bbox 1083 1650 1217 1729; x_wconf 85' lang='lat' dir='ltr'>Fuisse,</span> <span class='ocrx_word' id='word_1_54' title='bbox 1259 1651 1315 1733; x_wconf 93' lang='lat' dir='ltr'>qui</span> 
     </span>
     <span class='ocr_line' id='line_1_9' title="bbox 158 1752 1315 1836; baseline 0.005 -19"><span class='ocrx_word' id='word_1_55' title='bbox 158 1754 247 1818; x_wconf 89' lang='lat' dir='ltr'>suis</span> <span class='ocrx_word' id='word_1_56' title='bbox 280 1753 324 1818; x_wconf 93' lang='lat' dir='ltr'>ad</span> <span class='ocrx_word' id='word_1_57' title='bbox 356 1752 500 1820; x_wconf 89' lang='lat' dir='ltr'>hostes</span> <span class='ocrx_word' id='word_1_58' title='bbox 521 1753 698 1834; x_wconf 72' lang='lat' dir='ltr'>referrent,</span> <span class='ocrx_word' id='word_1_59' title='bbox 729 1757 798 1822; x_wconf 54' lang='lat' dir='ltr'>¹non</span> <span class='ocrx_word' id='word_1_60' title='bbox 820 1757 1001 1836; x_wconf 76' lang='lat' dir='ltr'>crederem,</span> <span class='ocrx_word' id='word_1_61' title='bbox 1034 1758 1100 1823; x_wconf 89' lang='lat' dir='ltr'>nisi</span> <span class='ocrx_word' id='word_1_62' title='bbox 1121 1757 1315 1823; x_wconf 86' lang='lat' dir='ltr'>adnotatum</span> 
     </span>
     <span class='ocr_line' id='line_1_10' title="bbox 159 1859 1315 1948; baseline 0.004 -24"><span class='ocrx_word' id='word_1_63' title='bbox 159 1859 318 1941; x_wconf 78' lang='lat' dir='ltr'>riderem3</span> <span class='ocrx_word' id='word_1_64' title='bbox 353 1861 437 1926; x_wconf 86' lang='lat' dir='ltr'>adeo</span> <span class='ocrx_word' id='word_1_65' title='bbox 471 1860 599 1926; x_wconf 89' lang='lat' dir='ltr'>nullam</span> <span class='ocrx_word' id='word_1_66' title='bbox 626 1861 703 1927; x_wconf 83' lang='lat' dir='ltr'>h.&#39;l.</span> <span class='ocrx_word' id='word_1_67' title='bbox 726 1862 918 1929; x_wconf 83' lang='lat' dir='ltr'>reflexirum</span> <span class='ocrx_word' id='word_1_68' title='bbox 948 1869 1130 1948; x_wconf 85' lang='lat' dir='ltr'>pronomen</span> <span class='ocrx_word' id='word_1_69' title='bbox 1161 1885 1199 1929; x_wconf 90' lang='lat' dir='ltr'>eo</span> <span class='ocrx_word' id='word_1_70' title='bbox 1229 1864 1315 1929; x_wconf 89' lang='lat' dir='ltr'>rela-</span> 
     </span>
     <span class='ocr_line' id='line_1_11' title="bbox 159 1968 1315 2054; baseline 0.003 -23"><span class='ocrx_word' id='word_1_71' title='bbox 159 1973 229 2032; x_wconf 88' lang='lat' dir='ltr'>tum</span> <span class='ocrx_word' id='word_1_72' title='bbox 263 1969 509 2034; x_wconf 86' lang='lat' dir='ltr'>excusationem</span> <span class='ocrx_word' id='word_1_73' title='bbox 541 1968 659 2050; x_wconf 79' lang='lat' dir='ltr'>habet3</span> <span class='ocrx_word' id='word_1_74' title='bbox 699 1971 758 2035; x_wconf 91' lang='lat' dir='ltr'>sed</span> <span class='ocrx_word' id='word_1_75' title='bbox 790 1992 832 2036; x_wconf 88' lang='lat' dir='ltr'>ne</span> <span class='ocrx_word' id='word_1_76' title='bbox 866 1971 1011 2036; x_wconf 87' lang='lat' dir='ltr'>Lucretii</span> <span class='ocrx_word' id='word_1_77' title='bbox 1044 1971 1178 2053; x_wconf 86' lang='lat' dir='ltr'>quidem</span> <span class='ocrx_word' id='word_1_78' title='bbox 1210 1971 1315 2054; x_wconf 87' lang='lat' dir='ltr'>ipsius</span> 
     </span>
     <span class='ocr_line' id='line_1_12' title="bbox 158 2074 1314 2162; baseline 0.003 -23"><span class='ocrx_word' id='word_1_79' title='bbox 158 2075 278 2140; x_wconf 76' lang='lat' dir='ltr'>itinera</span> <span class='ocrx_word' id='word_1_80' title='bbox 310 2074 476 2158; x_wconf 90' lang='lat' dir='ltr'>quomodo</span> <span class='ocrx_word' id='word_1_81' title='bbox 510 2075 663 2141; x_wconf 86' lang='lat' dir='ltr'>dicantur</span> <span class='ocrx_word' id='word_1_82' title='bbox 695 2084 756 2143; x_wconf 88' lang='lat' dir='ltr'>aut</span> <span class='ocrx_word' id='word_1_83' title='bbox 789 2099 863 2161; x_wconf 79' lang='lat' dir='ltr'>quae</span> <span class='ocrx_word' id='word_1_84' title='bbox 898 2081 978 2158; x_wconf 89' lang='lat' dir='ltr'>sint,</span> <span class='ocrx_word' id='word_1_85' title='bbox 1013 2077 1160 2161; x_wconf 85' lang='lat' dir='ltr'>expediri</span> <span class='ocrx_word' id='word_1_86' title='bbox 1188 2085 1314 2162; x_wconf 90' lang='lat' dir='ltr'>potest;</span> 
     </span>
     <span class='ocr_line' id='line_1_13' title="bbox 157 2180 1313 2268; baseline 0.003 -21"><span class='ocrx_word' id='word_1_87' title='bbox 157 2180 389 2266; x_wconf 73' lang='lat' dir='ltr'>exploraverat</span> <span class='ocrx_word' id='word_1_88' title='bbox 408 2183 539 2261; x_wconf 88' lang='lat' dir='ltr'>itinera,</span> <span class='ocrx_word' id='word_1_89' title='bbox 562 2183 683 2268; x_wconf 89' lang='lat' dir='ltr'>quibus</span> <span class='ocrx_word' id='word_1_90' title='bbox 706 2184 820 2250; x_wconf 87' lang='lat' dir='ltr'>hostes</span> <span class='ocrx_word' id='word_1_91' title='bbox 838 2186 892 2250; x_wconf 87' lang='lat' dir='ltr'>uti</span> <span class='ocrx_word' id='word_1_92' title='bbox 914 2191 1060 2268; x_wconf 84' lang='lat' dir='ltr'>possent.</span> <span class='ocrx_word' id='word_1_93' title='bbox 1107 2184 1173 2250; x_wconf 81' lang='lat' dir='ltr'>Aut</span> <span class='ocrx_word' id='word_1_94' title='bbox 1195 2184 1313 2250; x_wconf 88' lang='lat' dir='ltr'>tollen-</span> 
     </span>
     <span class='ocr_line' id='line_1_14' title="bbox 157 2288 1314 2373; baseline 0.002 -19"><span class='ocrx_word' id='word_1_95' title='bbox 157 2288 237 2354; x_wconf 87' lang='lat' dir='ltr'>dum</span> <span class='ocrx_word' id='word_1_96' title='bbox 259 2297 312 2355; x_wconf 85' lang='lat' dir='ltr'>est</span> <span class='ocrx_word' id='word_1_97' title='bbox 334 2291 418 2354; x_wconf 90' lang='lat' dir='ltr'>suis</span> <span class='ocrx_word' id='word_1_98' title='bbox 442 2297 552 2355; x_wconf 88' lang='lat' dir='ltr'>ortum</span> <span class='ocrx_word' id='word_1_99' title='bbox 569 2312 610 2356; x_wconf 83' lang='lat' dir='ltr'>ex</span> <span class='ocrx_word' id='word_1_100' title='bbox 628 2290 875 2373; x_wconf 89' lang='lat' dir='ltr'>(itineribu)s</span> <span class='ocrx_word' id='word_1_101' title='bbox 892 2291 1167 2373; x_wconf 70' lang='lat' dir='ltr'>insftructnm)</span> <span class='ocrx_word' id='word_1_102' title='bbox 1183 2291 1314 2357; x_wconf 87' lang='lat' dir='ltr'>litteras</span> 
     </span>
     <span class='ocr_line' id='line_1_15' title="bbox 158 2397 1313 2483; baseline -0.002 -22"><span class='ocrx_word' id='word_1_103' title='bbox 158 2397 356 2480; x_wconf 84' lang='lat' dir='ltr'>geminando</span> <span class='ocrx_word' id='word_1_104' title='bbox 386 2403 445 2462; x_wconf 88' lang='lat' dir='ltr'>aut</span> <span class='ocrx_word' id='word_1_105' title='bbox 466 2397 693 2463; x_wconf 78' lang='lat' dir='ltr'>scribendum:</span> <span class='ocrx_word' id='word_1_106' title='bbox 728 2399 960 2483; x_wconf 84' lang='lat' dir='ltr'>exploratis</span> <span class='ocrx_word' id='word_1_107' title='bbox 988 2397 1216 2464; x_wconf 83' lang='lat' dir='ltr'>itineribus</span> <span class='ocrx_word' id='word_1_108' title='bbox 1246 2418 1313 2462; x_wconf 73' lang='lat' dir='ltr'>orn</span> 
     </span>
     <span class='ocr_line' id='line_1_16' title="bbox 155 2504 1102 2588; baseline 0 -19"><span class='ocrx_word' id='word_1_109' title='bbox 155 2505 244 2570; x_wconf 88' lang='lat' dir='ltr'>suis</span> <span class='ocrx_word' id='word_1_110' title='bbox 264 2505 525 2571; x_wconf 89' lang='lat' dir='ltr'>instructum.</span> <span class='ocrx_word' id='word_1_111' title='bbox 550 2504 697 2588; x_wconf 77' lang='grc'><strong>’(1873.)</strong></span> <span class='ocrx_word' id='word_1_112' title='bbox 782 2529 786 2535; x_wconf 58' lang='grc'><em>’</em></span> <span class='ocrx_word' id='word_1_113' title='bbox 1094 2510 1102 2518; x_wconf 89' lang='grc'><strong>’</strong></span> 
     </span>
    </p>

    <p class='ocr_par' dir='ltr' id='par_1_4' title="bbox 152 2609 1333 3877">
     <span class='ocr_line' id='line_1_17' title="bbox 245 2609 1314 2696; baseline -0.001 -20"><span class='ocrx_word' id='word_1_114' title='bbox 245 2609 324 2696; x_wconf 87' lang='lat' dir='ltr'>Cap.</span> <span class='ocrx_word' id='word_1_115' title='bbox 351 2615 399 2691; x_wconf 82' lang='lat'>13,</span> <span class='ocrx_word' id='word_1_116' title='bbox 431 2616 466 2675; x_wconf 79' lang='lat'>7:</span> <span class='ocrx_word' id='word_1_117' title='bbox 496 2610 669 2693; x_wconf 82' lang='lat' dir='ltr'>(Consulto</span> <span class='ocrx_word' id='word_1_118' title='bbox 698 2619 816 2677; x_wconf 88' lang='lat' dir='ltr'>senatu</span> <span class='ocrx_word' id='word_1_119' title='bbox 844 2614 876 2679; x_wconf 94' lang='lat' dir='ltr'>in</span> <span class='ocrx_word' id='word_1_120' title='bbox 907 2611 1053 2678; x_wconf 86' lang='lat' dir='ltr'>Caesonis</span> <span class='ocrx_word' id='word_1_121' title='bbox 1080 2612 1176 2678; x_wconf 88' lang='lat' dir='ltr'>Fabii</span> <span class='ocrx_word' id='word_1_122' title='bbox 1203 2631 1314 2690; x_wconf 87' lang='lat' dir='ltr'>causa,</span> 
     </span>
     <span class='ocr_line' id='line_1_18' title="bbox 155 2718 1313 2803; baseline -0.002 -19"><span class='ocrx_word' id='word_1_123' title='bbox 155 2736 255 2803; x_wconf 86' lang='lat' dir='ltr'>quom</span> <span class='ocrx_word' id='word_1_124' title='bbox 282 2718 316 2784; x_wconf 87' lang='lat' dir='ltr'>in</span> <span class='ocrx_word' id='word_1_125' title='bbox 343 2718 453 2784; x_wconf 79' lang='lat' dir='ltr'>vincla</span> <span class='ocrx_word' id='word_1_126' title='bbox 480 2719 572 2800; x_wconf 88' lang='lat' dir='ltr'>duci,</span> <span class='ocrx_word' id='word_1_127' title='bbox 604 2719 669 2784; x_wconf 89' lang='lat' dir='ltr'>nisi</span> <span class='ocrx_word' id='word_1_128' title='bbox 695 2720 838 2803; x_wconf 89' lang='lat' dir='ltr'>pecunia</span> <span class='ocrx_word' id='word_1_129' title='bbox 865 2720 1029 2802; x_wconf 89' lang='lat' dir='ltr'>promissa</span> <span class='ocrx_word' id='word_1_130' title='bbox 1056 2724 1190 2783; x_wconf 87' lang='lat' dir='ltr'>cautum</span> <span class='ocrx_word' id='word_1_131' title='bbox 1218 2725 1313 2797; x_wconf 88' lang='lat' dir='ltr'>esset,</span> 
     </span>
     <span class='ocr_line' id='line_1_19' title="bbox 156 2824 1313 2911; baseline -0.002 -20"><span class='ocrx_word' id='word_1_132' title='bbox 156 2824 282 2891; x_wconf 89' lang='lat' dir='ltr'>tribuni</span> <span class='ocrx_word' id='word_1_133' title='bbox 315 2825 510 2908; x_wconf 89' lang='lat' dir='ltr'>iusserant):</span> <span class='ocrx_word' id='word_1_134' title='bbox 543 2827 669 2893; x_wconf 85' lang='lat' dir='ltr'>vades</span> <span class='ocrx_word' id='word_1_135' title='bbox 702 2827 798 2892; x_wconf 89' lang='lat' dir='ltr'>dare</span> <span class='ocrx_word' id='word_1_136' title='bbox 831 2826 1001 2911; x_wconf 88' lang='lat' dir='ltr'>placuit.</span> <span class='ocrx_word' id='word_1_137' title='bbox 1056 2824 1135 2893; x_wconf 84' lang='lat' dir='ltr'>Hoc.</span> <span class='ocrx_word' id='word_1_138' title='bbox 1158 2827 1190 2889; x_wconf 83' lang='lat' dir='ltr'>¹si</span> <span class='ocrx_word' id='word_1_139' title='bbox 1223 2831 1313 2890; x_wconf 84' lang='lat' dir='ltr'>recte</span> 
     </span>
     <span class='ocr_line' id='line_1_20' title="bbox 152 2931 1313 3018; baseline -0.002 -21"><span class='ocrx_word' id='word_1_140' title='bbox 152 2931 328 3012; x_wconf 80' lang='lat' dir='ltr'>scribitur,</span> <span class='ocrx_word' id='word_1_141' title='bbox 344 2932 495 2999; x_wconf 80' lang='lat' dir='ltr'>¹senatus</span> <span class='ocrx_word' id='word_1_142' title='bbox 524 2935 595 3018; x_wconf 86' lang='lat' dir='ltr'>ipae</span> <span class='ocrx_word' id='word_1_143' title='bbox 617 2934 718 3000; x_wconf 89' lang='lat' dir='ltr'>vades</span> <span class='ocrx_word' id='word_1_144' title='bbox 741 2934 820 2999; x_wconf 91' lang='lat' dir='ltr'>dare</span> <span class='ocrx_word' id='word_1_145' title='bbox 842 2934 1005 3014; x_wconf 77' lang='lat' dir='ltr'>decrevit,</span> <span class='ocrx_word' id='word_1_146' title='bbox 1039 2953 1147 3018; x_wconf 89' lang='lat' dir='ltr'>neque</span> <span class='ocrx_word' id='word_1_147' title='bbox 1169 2934 1257 2997; x_wconf 87' lang='lat' dir='ltr'>enim</span> <span class='ocrx_word' id='word_1_148' title='bbox 1278 2932 1313 2996; x_wconf 90' lang='lat' dir='ltr'>in</span> 
     </span>
     <span class='ocr_line' id='line_1_21' title="bbox 154 3038 1312 3125; baseline 0 -21"><span class='ocrx_word' id='word_1_149' title='bbox 154 3039 216 3104; x_wconf 85' lang='lat' dir='ltr'>tali</span> <span class='ocrx_word' id='word_1_150' title='bbox 248 3041 408 3106; x_wconf 88' lang='lat' dir='ltr'>orationis</span> <span class='ocrx_word' id='word_1_151' title='bbox 441 3040 549 3106; x_wconf 91' lang='lat' dir='ltr'>forma</span> <span class='ocrx_word' id='word_1_152' title='bbox 581 3042 689 3106; x_wconf 87' lang='lat' dir='ltr'>audiri</span> <span class='ocrx_word' id='word_1_153' title='bbox 725 3042 911 3107; x_wconf 87' lang='lat' dir='ltr'>subiectum</span> <span class='ocrx_word' id='word_1_154' title='bbox 945 3041 1037 3107; x_wconf 90' lang='lat' dir='ltr'>aliud</span> <span class='ocrx_word' id='word_1_155' title='bbox 1071 3046 1190 3125; x_wconf 84' lang='lat' dir='ltr'>potest</span> <span class='ocrx_word' id='word_1_156' title='bbox 1247 3038 1312 3104; x_wconf 87' lang='lat' dir='ltr'>Sed</span> 
     </span>
     <span class='ocr_line' id='line_1_22' title="bbox 156 3144 1310 3233; baseline -0.001 -21"><span class='ocrx_word' id='word_1_157' title='bbox 156 3144 368 3212; x_wconf 81' lang='lat' dir='ltr'>scribebdum</span> <span class='ocrx_word' id='word_1_158' title='bbox 407 3148 513 3228; x_wconf 89' lang='lat' dir='ltr'>dari,</span> <span class='ocrx_word' id='word_1_159' title='bbox 557 3148 834 3231; x_wconf 78' lang='lat' dir='ltr'>quemadmodum</span> <span class='ocrx_word' id='word_1_160' title='bbox 879 3150 1027 3233; x_wconf 83' lang='lat' dir='ltr'>proxime</span> <span class='ocrx_word' id='word_1_161' title='bbox 1060 3155 1137 3214; x_wconf 91' lang='lat' dir='ltr'>ante</span> <span class='ocrx_word' id='word_1_162' title='bbox 1171 3147 1310 3212; x_wconf 89' lang='lat' dir='ltr'>dicitur:</span> 
     </span>
     <span class='ocr_line' id='line_1_23' title="bbox 156 3254 1333 3340; baseline 0 -20"><span class='ocrx_word' id='word_1_163' title='bbox 156 3254 252 3320; x_wconf 88' lang='lat' dir='ltr'>sisti</span> <span class='ocrx_word' id='word_1_164' title='bbox 277 3257 711 3339; x_wconf 59' lang='lat' dir='ltr'>reum&#39;peouuiamque</span> <span class='ocrx_word' id='word_1_165' title='bbox 733 3257 923 3340; x_wconf 87' lang='lat' dir='ltr'>promitti</span> <span class='ocrx_word' id='word_1_166' title='bbox 945 3258 1110 3340; x_wconf 87' lang='lat' dir='ltr'>placere</span> <span class='ocrx_word' id='word_1_167' title='bbox 1132 3278 1333 3340; x_wconf 68' lang='lat' dir='ltr'>pronum,</span> 
     </span>
     <span class='ocr_line' id='line_1_24' title="bbox 155 3361 1312 3448; baseline 0 -21"><span class='ocrx_word' id='word_1_168' title='bbox 155 3362 274 3427; x_wconf 85' lang='lat' dir='ltr'>tiant</span> <span class='ocrx_word' id='word_1_169' title='bbox 323 3361 475 3447; x_wconf 83' lang='lat' dir='ltr'>Persaepe</span> <span class='ocrx_word' id='word_1_170' title='bbox 503 3363 594 3448; x_wconf 88' lang='lat' dir='ltr'>apud</span> <span class='ocrx_word' id='word_1_171' title='bbox 616 3363 716 3429; x_wconf 85' lang='lat' dir='ltr'>verba</span> <span class='ocrx_word' id='word_1_172' title='bbox 737 3364 942 3429; x_wconf 81' lang='lat' dir='ltr'>voluntatem</span> <span class='ocrx_word' id='word_1_173' title='bbox 963 3363 1184 3448; x_wconf 82' lang='lat' dir='ltr'>significantia</span> <span class='ocrx_word' id='word_1_174' title='bbox 1205 3362 1312 3428; x_wconf 90' lang='lat' dir='ltr'>infini-</span> 
     </span>
     <span class='ocr_line' id='line_1_25' title="bbox 156 3471 1312 3555; baseline 0.002 -21"><span class='ocrx_word' id='word_1_175' title='bbox 156 3471 259 3534; x_wconf 73' lang='lat' dir='ltr'>tivum</span> <span class='ocrx_word' id='word_1_176' title='bbox 292 3471 435 3535; x_wconf 82' lang='lat' dir='ltr'>activum</span> <span class='ocrx_word' id='word_1_177' title='bbox 468 3491 529 3555; x_wconf 93' lang='lat' dir='ltr'>pro</span> <span class='ocrx_word' id='word_1_178' title='bbox 562 3472 694 3555; x_wconf 83' lang='lat' dir='ltr'>passivo</span> <span class='ocrx_word' id='word_1_179' title='bbox 730 3472 949 3538; x_wconf 89' lang='lat' dir='ltr'>substitutum</span> <span class='ocrx_word' id='word_1_180' title='bbox 984 3492 1072 3550; x_wconf 89' lang='lat' dir='ltr'>esse,</span> <span class='ocrx_word' id='word_1_181' title='bbox 1107 3471 1176 3537; x_wconf 80' lang='lat' dir='ltr'>dixi</span> <span class='ocrx_word' id='word_1_182' title='bbox 1210 3492 1312 3554; x_wconf 89' lang='lat' dir='ltr'>supra</span> 
     </span>
     <span class='ocr_line' id='line_1_26' title="bbox 156 3576 1312 3663; baseline -0.001 -22"><span class='ocrx_word' id='word_1_183' title='bbox 156 3600 189 3661; x_wconf 91' lang='lat' dir='ltr'>p.</span> <span class='ocrx_word' id='word_1_184' title='bbox 212 3580 308 3642; x_wconf 81' lang='lat'>3811.</span> <span class='ocrx_word' id='word_1_185' title='bbox 331 3580 367 3658; x_wconf 79' lang='lat'>23</span> <span class='ocrx_word' id='word_1_186' title='bbox 390 3576 448 3642; x_wconf 86' lang='lat' dir='ltr'>cfr.</span> <span class='ocrx_word' id='word_1_187' title='bbox 471 3600 503 3661; x_wconf 93' lang='lat' dir='ltr'>p.</span> <span class='ocrx_word' id='word_1_188' title='bbox 526 3582 590 3643; x_wconf 72' lang='lat'>248</span> <span class='ocrx_word' id='word_1_189' title='bbox 613 3578 654 3647; x_wconf 85' lang='lat' dir='ltr'>de</span> <span class='ocrx_word' id='word_1_190' title='bbox 676 3578 780 3658; x_wconf 90' lang='lat' dir='ltr'>XXII,</span> <span class='ocrx_word' id='word_1_191' title='bbox 804 3583 852 3658; x_wconf 83' lang='lat'>33,</span> <span class='ocrx_word' id='word_1_192' title='bbox 877 3584 895 3643; x_wconf 88' lang='grc'><strong>5</strong></span> <span class='ocrx_word' id='word_1_193' title='bbox 920 3586 1006 3663; x_wconf 90' lang='lat' dir='ltr'>etp.</span> <span class='ocrx_word' id='word_1_194' title='bbox 1031 3581 1093 3644; x_wconf 81' lang='lat'>413</span> <span class='ocrx_word' id='word_1_195' title='bbox 1117 3578 1158 3643; x_wconf 88' lang='lat' dir='ltr'>de</span> <span class='ocrx_word' id='word_1_196' title='bbox 1181 3577 1312 3656; x_wconf 79' lang='lat' dir='ltr'>XXXV,</span> 
     </span>
     <span class='ocr_line' id='line_1_27' title="bbox 156 3683 1313 3767; baseline 0 -19"><span class='ocrx_word' id='word_1_197' title='bbox 156 3688 214 3763; x_wconf 86' lang='lat'>34,</span> <span class='ocrx_word' id='word_1_198' title='bbox 242 3688 278 3764; x_wconf 81' lang='lat'>33</span> <span class='ocrx_word' id='word_1_199' title='bbox 310 3684 387 3749; x_wconf 83' lang='lat' dir='ltr'>odd.</span> <span class='ocrx_word' id='word_1_200' title='bbox 415 3683 521 3764; x_wconf 88' lang='lat' dir='ltr'>XLII,</span> <span class='ocrx_word' id='word_1_201' title='bbox 554 3689 611 3764; x_wconf 78' lang='lat'>25,</span> <span class='ocrx_word' id='word_1_202' title='bbox 646 3691 687 3750; x_wconf 91' lang='lat'>10</span> <span class='ocrx_word' id='word_1_203' title='bbox 720 3685 956 3767; x_wconf 77' lang='lat' dir='ltr'>(renouare).</span> <span class='ocrx_word' id='word_1_204' title='bbox 1013 3685 1137 3766; x_wconf 82' lang='grc'>(1861.)</span> <span class='ocrx_word' id='word_1_205' title='bbox 1188 3684 1313 3749; x_wconf 86' lang='lat' dir='ltr'>Eodem</span> 
     </span>
     <span class='ocr_line' id='line_1_28' title="bbox 154 3791 840 3877; baseline 0 -21"><span class='ocrx_word' id='word_1_206' title='bbox 154 3811 268 3857; x_wconf 80' lang='lat' dir='ltr'>errore</span> <span class='ocrx_word' id='word_1_207' title='bbox 290 3813 318 3856; x_wconf 82' lang='lat' dir='ltr'>c</span> <span class='ocrx_word' id='word_1_208' title='bbox 343 3796 394 3871; x_wconf 83' lang='lat'>51,</span> <span class='ocrx_word' id='word_1_209' title='bbox 417 3795 437 3854; x_wconf 80' lang='lat'><strong>2</strong></span> <span class='ocrx_word' id='word_1_210' title='bbox 460 3791 591 3858; x_wconf 85' lang='lat' dir='ltr'>codices</span> <span class='ocrx_word' id='word_1_211' title='bbox 614 3793 840 3877; x_wconf 85' lang='lat' dir='ltr'>appellare.</span> 
     </span>
    </p>

    <p class='ocr_par' dir='ltr' id='par_1_5' title="bbox 155 3896 1313 4610">
     <span class='ocr_line' id='line_1_29' title="bbox 244 3896 1313 3985; baseline -0.001 -23"><span class='ocrx_word' id='word_1_212' title='bbox 244 3896 324 3983; x_wconf 84' lang='lat' dir='ltr'>Cap.</span> <span class='ocrx_word' id='word_1_213' title='bbox 351 3904 399 3979; x_wconf 83' lang='lat'>14,</span> <span class='ocrx_word' id='word_1_214' title='bbox 422 3903 455 3964; x_wconf 83' lang='lat'>6:</span> <span class='ocrx_word' id='word_1_215' title='bbox 490 3899 545 3965; x_wconf 87' lang='lat' dir='ltr'>Ne</span> <span class='ocrx_word' id='word_1_216' title='bbox 566 3920 663 3967; x_wconf 82' lang='lat' dir='ltr'>voce</span> <span class='ocrx_word' id='word_1_217' title='bbox 686 3900 848 3985; x_wconf 87' lang='lat' dir='ltr'>quidem</span> <span class='ocrx_word' id='word_1_218' title='bbox 871 3899 1140 3977; x_wconf 88' lang='lat' dir='ltr'>incommoda,</span> <span class='ocrx_word' id='word_1_219' title='bbox 1168 3896 1313 3962; x_wconf 90' lang='lat' dir='ltr'>nedum</span> 
     </span>
     <span class='ocr_line' id='line_1_30' title="bbox 156 4003 1311 4092; baseline -0.002 -22"><span class='ocrx_word' id='word_1_220' title='bbox 156 4012 202 4070; x_wconf 83' lang='lat' dir='ltr'>ut</span> <span class='ocrx_word' id='word_1_221' title='bbox 238 4005 325 4071; x_wconf 79' lang='lat' dir='ltr'>ulla</span> <span class='ocrx_word' id='word_1_222' title='bbox 359 4006 417 4070; x_wconf 84' lang='lat' dir='ltr'>ris</span> <span class='ocrx_word' id='word_1_223' title='bbox 450 4003 589 4086; x_wconf 87' lang='lat' dir='ltr'>fieret,</span> <span class='ocrx_word' id='word_1_224' title='bbox 639 4007 841 4091; x_wconf 88' lang='lat' dir='ltr'>paulatim</span> <span class='ocrx_word' id='word_1_225' title='bbox 873 4005 1159 4092; x_wconf 76' lang='lat' dir='ltr'>permulcendo</span> <span class='ocrx_word' id='word_1_226' title='bbox 1202 4013 1311 4070; x_wconf 88' lang='lat' dir='ltr'>trac·</span> 
     </span>
     <span class='ocr_line' id='line_1_31' title="bbox 156 4112 1313 4198; baseline -0.002 -20"><span class='ocrx_word' id='word_1_227' title='bbox 156 4112 363 4196; x_wconf 77' lang='lat' dir='ltr'>tendoque</span> <span class='ocrx_word' id='word_1_228' title='bbox 396 4113 756 4180; x_wconf 84' lang='lat' dir='ltr'>mansuefecerant</span> <span class='ocrx_word' id='word_1_229' title='bbox 789 4114 955 4198; x_wconf 89' lang='lat' dir='ltr'>plebem.</span> <span class='ocrx_word' id='word_1_230' title='bbox 1011 4114 1085 4180; x_wconf 85' lang='lat' dir='ltr'>Non</span> <span class='ocrx_word' id='word_1_231' title='bbox 1120 4112 1226 4178; x_wconf 89' lang='lat' dir='ltr'>solum</span> <span class='ocrx_word' id='word_1_232' title='bbox 1254 4132 1313 4195; x_wconf 87' lang='lat' dir='ltr'>pa·</span> 
     </span>
     <span class='ocr_line' id='line_1_32' title="bbox 156 4219 1313 4304; baseline 0 -20"><span class='ocrx_word' id='word_1_233' title='bbox 156 4241 231 4284; x_wconf 90' lang='lat' dir='ltr'>rum</span> <span class='ocrx_word' id='word_1_234' title='bbox 263 4220 433 4304; x_wconf 80' lang='lat' dir='ltr'>eleganter</span> <span class='ocrx_word' id='word_1_235' title='bbox 467 4221 603 4288; x_wconf 84' lang='lat' dir='ltr'>ablativi</span> <span class='ocrx_word' id='word_1_236' title='bbox 632 4229 833 4288; x_wconf 89' lang='lat' dir='ltr'>concurrunt</span> <span class='ocrx_word' id='word_1_237' title='bbox 860 4223 970 4304; x_wconf 82' lang='lat' dir='ltr'>(voce</span> <span class='ocrx_word' id='word_1_238' title='bbox 998 4219 1248 4288; x_wconf 85' lang='lat' dir='ltr'>incommoda</span> <span class='ocrx_word' id='word_1_239' title='bbox 1271 4252 1313 4264; x_wconf 90' lang='lat'><em>-</em></span> 
     </span>
     <span class='ocr_line' id='line_1_33' title="bbox 156 4327 1312 4415; baseline 0 -22"><span class='ocrx_word' id='word_1_240' title='bbox 156 4327 479 4411; x_wconf 76' lang='lat' dir='ltr'>permulcendo),</span> <span class='ocrx_word' id='word_1_241' title='bbox 514 4329 574 4395; x_wconf 86' lang='lat' dir='ltr'>scd</span> <span class='ocrx_word' id='word_1_242' title='bbox 596 4351 734 4414; x_wconf 82' lang='lat' dir='ltr'>pravum</span> <span class='ocrx_word' id='word_1_243' title='bbox 756 4352 817 4415; x_wconf 89' lang='lat' dir='ltr'>per</span> <span class='ocrx_word' id='word_1_244' title='bbox 839 4353 875 4396; x_wconf 91' lang='lat' dir='ltr'>se</span> <span class='ocrx_word' id='word_1_245' title='bbox 898 4352 969 4397; x_wconf 89' lang='lat' dir='ltr'>esse</span> <span class='ocrx_word' id='word_1_246' title='bbox 993 4331 1192 4395; x_wconf 83' lang='lat' dir='ltr'>videturne</span> <span class='ocrx_word' id='word_1_247' title='bbox 1214 4347 1312 4393; x_wconf 85' lang='lat' dir='ltr'>voco</span> 
     </span>
     <span class='ocr_line' id='line_1_34' title="bbox 155 4433 1313 4521; baseline 0 -21"><span class='ocrx_word' id='word_1_248' title='bbox 155 4434 319 4517; x_wconf 77' lang='lat' dir='ltr'>quidem</span> <span class='ocrx_word' id='word_1_249' title='bbox 345 4436 597 4503; x_wconf 89' lang='lat' dir='ltr'>incommoda</span> <span class='ocrx_word' id='word_1_250' title='bbox 624 4437 984 4504; x_wconf 77' lang='lat' dir='ltr'>mansuefecerant</span> <span class='ocrx_word' id='word_1_251' title='bbox 1011 4437 1186 4521; x_wconf 91' lang='lat' dir='ltr'>plebem,</span> <span class='ocrx_word' id='word_1_252' title='bbox 1223 4433 1313 4519; x_wconf 88' lang='lat' dir='ltr'>quod</span> 
     </span>
     <span class='ocr_line' id='line_1_35' title="bbox 155 4544 1310 4610; baseline 0.001 -2"><span class='ocrx_word' id='word_1_253' title='bbox 155 4563 236 4609; x_wconf 75' lang='lat' dir='ltr'>roca</span> <span class='ocrx_word' id='word_1_254' title='bbox 269 4545 478 4610; x_wconf 87' lang='lat' dir='ltr'>incommoda</span> <span class='ocrx_word' id='word_1_255' title='bbox 509 4547 543 4610; x_wconf 87' lang='lat' dir='ltr'>in</span> <span class='ocrx_word' id='word_1_256' title='bbox 577 4565 617 4610; x_wconf 90' lang='lat' dir='ltr'>ea</span> <span class='ocrx_word' id='word_1_257' title='bbox 649 4566 686 4610; x_wconf 88' lang='lat' dir='ltr'>re</span> <span class='ocrx_word' id='word_1_258' title='bbox 717 4544 770 4610; x_wconf 85' lang='lat' dir='ltr'>rel</span> <span class='ocrx_word' id='word_1_259' title='bbox 797 4547 937 4610; x_wconf 88' lang='lat' dir='ltr'>maxime</span> <span class='ocrx_word' id='word_1_260' title='bbox 966 4544 1200 4610; x_wconf 89' lang='lat' dir='ltr'>abstinendum</span> <span class='ocrx_word' id='word_1_261' title='bbox 1229 4551 1310 4609; x_wconf 85' lang='lat' dir='ltr'>erat</span> 
     </span>
    </p>
   </div>
   <div class='ocr_carea' id='block_1_4' title="bbox 0 0 1536 5272">
    <p class='ocr_par' dir='ltr' id='par_1_6' title="bbox 0 0 1536 5272">
     <span class='ocr_line' id='line_1_36' title="bbox 0 0 1536 5272; baseline 0 0"><span class='ocrx_word' id='word_1_262' title='bbox 0 0 1536 5272; x_wconf 95' lang='lat' dir='ltr'> </span> 
     </span>
    </p>
   </div>
  </div>
 </body>
</html>
