3060 5272
151 564 185 603 Q.

772 816 832 883 103
1246 831 1309 890 Lib.
1327 829 1377 890 111

220 1023 323 1087 gnam
344 1001 464 1084 fnisse,
497 1010 638 1090 apparat
659 1025 700 1070 ax
722 1025 779 1084 eo,
812 1004 902 1089 quod
931 1005 964 1070 in
987 1005 1031 1070 Ll
1058 1013 1123 1073 ast:
1164 1007 1271 1092 quod
1303 1028 1376 1074 uos

220 1111 320 1177 mibi
357 1113 599 1196 tctegaritis
633 1111 714 1194 (non
747 1111 896 1196 profecto
931 1114 1125 1197 corrigendo
1155 1120 1285 1195 natum,
1319 1116 1377 1181 sed

222 1219 360 1304 propius
392 1221 499 1305 primo
531 1221 652 1286 mando
684 1219 786 1284 mihi
818 1219 1042 1303 fegeritis),
1075 1223 1110 1286 in
1137 1222 1188 1287 Hl
1219 1228 1252 1287 et
1285 1223 1376 1288 aliis:

223 1325 330 1410 quod
356 1348 431 1394 uos
453 1326 669 1412 tegeritis,
698 1328 820 1393 omisso
843 1327 958 1409 mihi;
987 1330 1022 1394 in
1042 1329 1193 1396 Parisino
1216 1329 1376 1396 fueritne:

221 1435 327 1518 quod
356 1457 431 1502 uos
453 1433 552 1501 mihi
575 1434 820 1518 effeceritis,
856 1435 991 1503 dubium
1012 1438 1160 1520 ridetur3
1193 1439 1227 1502 in
1250 1437 1378 1520 aliquot

221 1542 443 1609 deterioribus
467 1541 575 1625 (Voss.
599 1542 628 1623 2,
657 1541 750 1608 Harl.
774 1547 804 1624 2,
827 1543 943 1628 fragm.
966 1545 1058 1625 Hav,
1081 1547 1227 1625 Gaertn,
1250 1543 1376 1626 Kloclr,

218 1650 308 1716 Port.
331 1650 423 1736 apud
444 1649 561 1734 Drak.)
590 1672 630 1717 ea
658 1651 824 1735 scriptura
854 1658 921 1732 est,
950 1653 1159 1733 coniectura,
1189 1659 1227 1718 ut
1250 1654 1376 1737 opinor,

218 1760 370 1838 inventa,
404 1760 536 1825 veritati
568 1761 735 1844 proxima3
769 1761 878 1843 ipsum
912 1759 1104 1826 feceritis
1127 1761 1309 1828 Gronovius
1342 1764 1376 1827 in

220 1866 373 1933 Gudiano
395 1865 499 1932 fluisse
523 1867 605 1932 dicit
626 1886 688 1932 nec
709 1873 830 1945 tamen,
854 1868 943 1950 quod
966 1868 1094 1948 mirere,
1115 1871 1231 1935 tenuit.
1260 1871 1377 1936 Facit

221 1973 380 2059 aliquid
402 1973 500 2039 mihi
523 1976 712 2055 animum,
744 1996 809 2040 non
832 1974 979 2040 efficit.
1035 1976 1124 2055 vid,
1154 1978 1182 2043 si
1203 1979 1290 2043 tanti
1311 1985 1372 2058 est,
1391 1992 1444 2060 (85)

220 2102 295 2165 qua
326 2081 370 2147 ad
398 2080 521 2162 XXXI,
559 2087 612 2162 18,
646 2089 666 2146 4
700 2082 860 2148 dicentur.
918 2082 1004 2166 [Hoc
1038 2105 1168 2168 quoque
1202 2085 1376 2152 Creverius

220 2187 425 2275 occuparat]
1259 2203 1262 2209 ’

304 2294 402 2382 *Cap
427 2301 484 2376 64,
520 2302 539 2362 2
567 2296 639 2380 (ubi
667 2299 777 2380 agitur
807 2297 847 2363 de
876 2298 1085 2364 tribunorum
1107 2299 1214 2383 plebis
1238 2301 1375 2367 consilio

219 2412 254 2471 et
282 2405 346 2471 sibi
375 2411 410 2472 et
438 2405 629 2472 consulibus
658 2406 890 2488 magistratum
919 2407 1164 2489 continuandi):
1201 2405 1375 2475 Consen-

218 2535 301 2578 sum
334 2519 497 2599 patrum
532 2513 831 2594 causabantur,
871 2535 946 2597 quo
980 2535 1050 2597 per
1083 2516 1375 2582 contumeliam

220 2619 432 2687 consulum
461 2622 550 2687 iura
577 2621 714 2706 plebis
736 2621 949 2690 labefacta
971 2629 1125 2702 essent,
1153 2624 1250 2705 quid
1273 2624 1375 2690 futu·

219 2750 303 2794 rum
334 2729 513 2795 nondum
542 2728 724 2795 firmatis
752 2728 933 2813 legibus,
969 2731 1002 2794 si
1030 2751 1154 2795 novos
1183 2731 1376 2797 tribunos

219 2857 289 2921 per
320 2835 528 2903 factiones
557 2858 653 2903 suas
682 2836 872 2902 consules
900 2836 1035 2902 adorti
1065 2838 1221 2903 esseut?
1256 2837 1375 2915 Quem·

219 2943 396 3009 admodum
429 2945 639 3010 tribunorum
672 2945 796 3011 nomini
830 2944 1027 3010 adjectivum
1057 2944 1192 3011 additur
1214 2945 1374 3028 (noros),

220 3052 267 3116 sic
287 3053 476 3119 necessario
501 3053 673 3118 consulum
696 3052 819 3118 nomini
843 3051 1029 3117 addendum
1052 3059 1140 3133 erat,
1169 3074 1245 3118 narn
1268 3053 1375 3121 alios

220 3159 370 3225 consules
409 3159 573 3226 timebant
613 3159 685 3242 (aut
723 3161 839 3226 timere
879 3159 983 3225 videri
1020 3161 1204 3243 volebant),
1244 3163 1374 3245 ingenio

220 3266 364 3334 diversos
386 3268 429 3332 ab
453 3268 503 3348 iis,
532 3269 589 3351 qui
611 3288 698 3333 nuuc
721 3273 841 3347 essent,
869 3268 959 3352 plebi
982 3270 1075 3352 grati.
1126 3269 1252 3334 Deinde
1274 3292 1374 3354 prave

219 3373 425 3441 factiones
453 3376 575 3460 plurali
602 3397 738 3442 numero
767 3376 938 3455 dicuntur;
971 3378 1027 3459 qui
1058 3377 1144 3441 euim
1172 3377 1376 3443 timebantur

221 3483 386 3563 consules,
420 3485 478 3548 uni
506 3483 613 3568 plebis
644 3484 911 3549 adversariorum
933 3483 1071 3551 factioni
1094 3484 1198 3550 dediti
1220 3507 1280 3569 per
1303 3506 1376 3550 eam

220 3610 319 3654 unam
342 3591 533 3674 aggressuri
555 3590 706 3657 tribunos
730 3597 837 3672 erant,
862 3591 968 3656 altera
990 3599 1123 3657 senatus
1146 3593 1247 3658 factio
1270 3593 1376 3660 lenior

221 3703 254 3761 et
270 3696 410 3763 Horatio
422 3697 619 3781 Valerioque
643 3698 754 3764 favens
777 3720 842 3763 nou
866 3719 946 3763 sane
963 3705 1119 3782 suspecta
1136 3704 1218 3764 crat.
1254 3697 1376 3775 Quam-

220 3823 320 3888 quam
349 3803 414 3871 boc
443 3825 574 3889 quoque
603 3826 741 3890 pravum
770 3813 839 3886 est3
873 3826 980 3888 neque
1009 3807 1096 3870 euim
1118 3806 1286 3885 consules,
1320 3808 1377 3889 qui

224 3912 415 3997 imperium,
449 3920 658 3998 potestatem,
691 3913 826 3979 lictores
849 3911 1027 3992 habebant,
1049 3935 1109 3997 per
1130 3912 1299 3993 factiones,
1320 3913 1379 3981 scd

218 4018 322 4085 factio
360 4021 472 4087 omnia
512 4020 555 4086 ad
587 4023 745 4106 patricios
778 4021 914 4086 trahens
948 4042 1007 4104 per
1041 4020 1192 4087 consules
1224 4021 1376 4087 tribunos

219 4125 391 4192 adoritura
430 4127 534 4194 videri
572 4135 715 4214 poterat.
775 4129 944 4194 Postremo
984 4136 1122 4214 apparet
1160 4127 1214 4210 (ex
1252 4127 1374 4194 verbis:

220 4226 463 4301 consensum
489 4244 657 4320 patrum
686 4236 993 4318 causabantur),
1028 4236 1178 4303 tribunos
1209 4236 1250 4301 de
1272 4238 1375 4320 patri·

219 4343 344 4408 ciorum
377 4342 523 4409 consiliis
556 4345 664 4427 loqui,
704 4345 747 4410 ad
788 4365 861 4429 quse
901 4344 1111 4430 exsequenda
1143 4344 1192 4408 illi
1225 4343 1375 4410 consules

153 4430 162 4442 ’
219 4448 303 4516 alios
336 4458 537 4534 quaererent,
572 4472 637 4517 nou
672 4452 712 4517 de
743 4452 933 4518 consulibus
961 4451 1122 4517 factiones
1151 4452 1374 4519 incitantibus.

219 4555 432 4625 Manifestum
467 4565 519 4625 est
552 4560 670 4644 igitur,
704 4560 831 4624 Livium
861 4560 1048 4642 scripsisse:
1084 4559 1117 4623 si
1146 4581 1270 4626 novos
1298 4562 1375 4626 tri·
1482 4628 1487 4636 ,

219 4664 350 4733 bunos
388 4688 461 4752 par
500 4667 694 4731 fartlauls
732 4687 802 4731 saa
844 4666 1033 4733 consules
1073 4665 1302 4751 (popularibus
1341 4675 1376 4734 et
