<?xml version="1.0" encoding="UTF-8"?>
<!DOCTYPE html PUBLIC "-//W3C//DTD XHTML 1.0 Transitional//EN"
    "http://www.w3.org/TR/xhtml1/DTD/xhtml1-transitional.dtd">
<html xmlns="http://www.w3.org/1999/xhtml" xml:lang="en" lang="en">
 <head>
  <title>
</title>
<meta http-equiv="Content-Type" content="text/html;charset=utf-8" />
  <meta name='ocr-system' content='tesseract 3.04.00' />
  <meta name='ocr-capabilities' content='ocr_page ocr_carea ocr_par ocr_line ocrx_word'/>
</head>
<body>
  <div class='ocr_page' id='page_1' title='image "./emendationesliv01madvgoog_0343.png"; bbox 0 0 3060 5272; ppageno 0'>
   <div class='ocr_carea' id='block_1_1' title="bbox 219 336 830 409">
    <p class='ocr_par' dir='ltr' id='par_1_1' title="bbox 219 336 830 409">
     <span class='ocr_line' id='line_1_1' title="bbox 219 336 830 409; baseline -0.003 -2"><span class='ocrx_word' id='word_1_1' title='bbox 219 352 397 409; x_wconf 72' lang='lat' dir='ltr'><strong>nisxxrv.</strong></span> <span class='ocrx_word' id='word_1_2' title='bbox 768 336 830 398; x_wconf 79' lang='lat'><strong>334</strong></span> 
     </span>
    </p>
   </div>
   <div class='ocr_carea' id='block_1_2' title="bbox 214 520 1376 3196">
    <p class='ocr_par' dir='ltr' id='par_1_2' title="bbox 216 520 1376 2332">
     <span class='ocr_line' id='line_1_2' title="bbox 219 520 1375 606; baseline -0.005 -16"><span class='ocrx_word' id='word_1_3' title='bbox 219 533 292 590; x_wconf 84' lang='lat' dir='ltr'><strong>erat</strong></span> <span class='ocrx_word' id='word_1_4' title='bbox 320 522 493 606; x_wconf 90' lang='lat' dir='ltr'><strong>templum,</strong></span> <span class='ocrx_word' id='word_1_5' title='bbox 528 522 657 600; x_wconf 87' lang='lat' dir='ltr'><strong>Livius,</strong></span> <span class='ocrx_word' id='word_1_6' title='bbox 691 520 799 603; x_wconf 79' lang='lat' dir='ltr'><strong>figura</strong></span> <span class='ocrx_word' id='word_1_7' title='bbox 827 521 987 586; x_wconf 83' lang='lat' dir='ltr'><strong>orationis</strong></span> <span class='ocrx_word' id='word_1_8' title='bbox 1016 521 1177 587; x_wconf 81' lang='lat' dir='ltr'>invitante</span> <span class='ocrx_word' id='word_1_9' title='bbox 1200 520 1253 600; x_wconf 88' lang='lat' dir='ltr'><strong>(in</strong></span> <span class='ocrx_word' id='word_1_10' title='bbox 1275 521 1375 585; x_wconf 87' lang='lat' dir='ltr'><strong>urbe</strong></span> 
     </span>
     <span class='ocr_line' id='line_1_3' title="bbox 219 627 1375 714; baseline -0.003 -17"><span class='ocrx_word' id='word_1_11' title='bbox 219 631 351 697; x_wconf 89' lang='lat' dir='ltr'><strong>nobili</strong></span> <span class='ocrx_word' id='word_1_12' title='bbox 375 632 467 714; x_wconf 82' lang='lat' dir='ltr'><strong>ipsa</strong></span> <span class='ocrx_word' id='word_1_13' title='bbox 495 629 594 694; x_wconf 88' lang='lat' dir='ltr'><strong>urbe</strong></span> <span class='ocrx_word' id='word_1_14' title='bbox 618 628 824 709; x_wconf 82' lang='lat' dir='ltr'><strong>nobilius),</strong></span> <span class='ocrx_word' id='word_1_15' title='bbox 848 630 883 693; x_wconf 94' lang='lat' dir='ltr'><strong>in</strong></span> <span class='ocrx_word' id='word_1_16' title='bbox 900 629 980 694; x_wconf 90' lang='lat' dir='ltr'><strong>urbe</strong></span> <span class='ocrx_word' id='word_1_17' title='bbox 998 629 1098 694; x_wconf 86' lang='lat' dir='ltr'><strong>fuisse</strong></span> <span class='ocrx_word' id='word_1_18' title='bbox 1116 629 1207 694; x_wconf 86' lang='lat' dir='ltr'><strong>dixit.</strong></span> <span class='ocrx_word' id='word_1_19' title='bbox 1236 629 1275 693; x_wconf 91' lang='grc' dir='ltr'><strong>Ιιι</strong></span> <span class='ocrx_word' id='word_1_20' title='bbox 1293 627 1375 694; x_wconf 89' lang='lat' dir='ltr'><strong>urbe</strong></span> 
     </span>
     <span class='ocr_line' id='line_1_4' title="bbox 219 735 1376 822; baseline -0.004 -14"><span class='ocrx_word' id='word_1_21' title='bbox 219 763 239 808; x_wconf 85' lang='lat' dir='ltr'><strong>a</strong></span> <span class='ocrx_word' id='word_1_22' title='bbox 260 740 353 805; x_wconf 84' lang='lat' dir='ltr'><strong>Livio</strong></span> <span class='ocrx_word' id='word_1_23' title='bbox 376 737 535 821; x_wconf 91' lang='lat' dir='ltr'><strong>templum</strong></span> <span class='ocrx_word' id='word_1_24' title='bbox 558 758 630 803; x_wconf 86' lang='lat' dir='ltr'><strong>esse</strong></span> <span class='ocrx_word' id='word_1_25' title='bbox 654 738 734 815; x_wconf 90' lang='lat' dir='ltr'><strong>dici,</strong></span> <span class='ocrx_word' id='word_1_26' title='bbox 763 758 804 802; x_wconf 87' lang='lat' dir='ltr'><strong>ex</strong></span> <span class='ocrx_word' id='word_1_27' title='bbox 827 758 865 803; x_wconf 88' lang='lat' dir='ltr'><strong>co</strong></span> <span class='ocrx_word' id='word_1_28' title='bbox 889 738 991 802; x_wconf 84' lang='lat' dir='ltr'><strong>ctiam</strong></span> <span class='ocrx_word' id='word_1_29' title='bbox 1014 743 1162 820; x_wconf 83' lang='lat' dir='ltr'><strong>apparet,</strong></span> <span class='ocrx_word' id='word_1_30' title='bbox 1192 736 1281 822; x_wconf 90' lang='lat' dir='ltr'><strong>quod</strong></span> <span class='ocrx_word' id='word_1_31' title='bbox 1303 735 1376 803; x_wconf 83' lang='lat' dir='ltr'><strong>eius</strong></span> 
     </span>
     <span class='ocr_line' id='line_1_5' title="bbox 219 845 1375 931; baseline -0.005 -17"><span class='ocrx_word' id='word_1_32' title='bbox 219 848 399 931; x_wconf 81' lang='lat' dir='ltr'><strong>descriptio</strong></span> <span class='ocrx_word' id='word_1_33' title='bbox 433 846 496 911; x_wconf 91' lang='lat' dir='ltr'><strong>hoc</strong></span> <span class='ocrx_word' id='word_1_34' title='bbox 531 845 605 911; x_wconf 88' lang='lat' dir='ltr'><strong>loco</strong></span> <span class='ocrx_word' id='word_1_35' title='bbox 640 847 862 929; x_wconf 76' lang='lat' dir='ltr'><strong>interponitur</strong></span> <span class='ocrx_word' id='word_1_36' title='bbox 896 854 974 912; x_wconf 85' lang='lat' dir='ltr'><strong>ante</strong></span> <span class='ocrx_word' id='word_1_37' title='bbox 1002 849 1088 913; x_wconf 85' lang='lat' dir='ltr'><strong>ercis</strong></span> <span class='ocrx_word' id='word_1_38' title='bbox 1118 845 1375 929; x_wconf 80' lang='lat' dir='ltr'><strong>descriptionem</strong></span> 
     </span>
     <span class='ocr_line' id='line_1_6' title="bbox 219 940 1375 1040; baseline -0.002 -20"><span class='ocrx_word' id='word_1_39' title='bbox 219 955 250 1039; x_wconf 63' lang='grc' dir='ltr'><strong>(ξ</strong></span> <span class='ocrx_word' id='word_1_40' title='bbox 274 956 317 1040; x_wconf 86' lang='grc'><strong>8).</strong></span> <span class='ocrx_word' id='word_1_41' title='bbox 373 955 456 1019; x_wconf 90' lang='lat' dir='ltr'><strong>Tum</strong></span> <span class='ocrx_word' id='word_1_42' title='bbox 480 940 497 1034; x_wconf 64' lang='lat' dir='ltr'>g</span> <span class='ocrx_word' id='word_1_43' title='bbox 522 960 538 1015; x_wconf 84' lang='grc'><strong>7</strong></span> <span class='ocrx_word' id='word_1_44' title='bbox 562 955 596 1016; x_wconf 92' lang='lat' dir='ltr'><strong>in</strong></span> <span class='ocrx_word' id='word_1_45' title='bbox 626 953 748 1018; x_wconf 87' lang='lat' dir='ltr'><strong>codicis</strong></span> <span class='ocrx_word' id='word_1_46' title='bbox 776 953 802 1018; x_wconf 90' lang='lat' dir='ltr'>P</span> <span class='ocrx_word' id='word_1_47' title='bbox 825 943 932 1036; x_wconf 78' lang='lat' dir='ltr'><strong>pm&#39;ma</strong></span> <span class='ocrx_word' id='word_1_48' title='bbox 961 956 1143 1038; x_wconf 82' lang='lat' dir='ltr'><strong>scriptura:</strong></span> <span class='ocrx_word' id='word_1_49' title='bbox 1179 954 1294 1019; x_wconf 90' lang='lat' dir='ltr'><strong>cuius</strong></span> <span class='ocrx_word' id='word_1_50' title='bbox 1324 953 1375 1018; x_wconf 93' lang='lat' dir='ltr'><strong>ci·</strong></span> 
     </span>
     <span class='ocr_line' id='line_1_7' title="bbox 218 1061 1374 1144; baseline -0.003 -14"><span class='ocrx_word' id='word_1_51' title='bbox 218 1085 354 1130; x_wconf 86' lang='lat' dir='ltr'><strong>nerem</strong></span> <span class='ocrx_word' id='word_1_52' title='bbox 393 1061 507 1126; x_wconf 92' lang='lat' dir='ltr'><strong>nullo</strong></span> <span class='ocrx_word' id='word_1_53' title='bbox 548 1083 723 1144; x_wconf 85' lang='lat' dir='ltr'><strong>unquam</strong></span> <span class='ocrx_word' id='word_1_54' title='bbox 757 1062 1184 1129; x_wconf 83' lang='lat' dir='ltr'><strong>monsuentosedaros</strong></span> <span class='ocrx_word' id='word_1_55' title='bbox 1218 1068 1280 1127; x_wconf 86' lang='lat' dir='ltr'><strong>oet.</strong></span> <span class='ocrx_word' id='word_1_56' title='bbox 1314 1082 1374 1144; x_wconf 82' lang='lat' dir='ltr'><strong>sp·</strong></span> 
     </span>
     <span class='ocr_line' id='line_1_8' title="bbox 217 1168 1373 1258; baseline -0.005 -19"><span class='ocrx_word' id='word_1_57' title='bbox 217 1179 314 1258; x_wconf 88' lang='lat' dir='ltr'><strong>peret</strong></span> <span class='ocrx_word' id='word_1_58' title='bbox 340 1173 448 1237; x_wconf 90' lang='lat' dir='ltr'><strong>inesse</strong></span> <span class='ocrx_word' id='word_1_59' title='bbox 478 1169 559 1234; x_wconf 91' lang='lat' dir='ltr'><strong>illud</strong></span> <span class='ocrx_word' id='word_1_60' title='bbox 586 1170 709 1253; x_wconf 88' lang='lat' dir='ltr'><strong>ipsum,</strong></span> <span class='ocrx_word' id='word_1_61' title='bbox 744 1171 834 1253; x_wconf 90' lang='lat' dir='ltr'><strong>quod</strong></span> <span class='ocrx_word' id='word_1_62' title='bbox 858 1173 1041 1238; x_wconf 84' lang='lat' dir='ltr'><strong>Gronovius</strong></span> <span class='ocrx_word' id='word_1_63' title='bbox 1063 1171 1227 1237; x_wconf 86' lang='lat' dir='ltr'><strong>restituit:</strong></span> <span class='ocrx_word' id='word_1_64' title='bbox 1261 1168 1373 1235; x_wconf 89' lang='lat' dir='ltr'><strong>nullo</strong></span> 
     </span>
     <span class='ocr_line' id='line_1_9' title="bbox 219 1278 1374 1364; baseline -0.003 -18"><span class='ocrx_word' id='word_1_65' title='bbox 219 1301 394 1364; x_wconf 83' lang='lat' dir='ltr'><strong>unquam</strong></span> <span class='ocrx_word' id='word_1_66' title='bbox 416 1278 566 1342; x_wconf 89' lang='lat' dir='ltr'><strong>moveri</strong></span> <span class='ocrx_word' id='word_1_67' title='bbox 590 1285 718 1343; x_wconf 90' lang='lat' dir='ltr'><strong>vento.</strong></span> <span class='ocrx_word' id='word_1_68' title='bbox 771 1279 850 1344; x_wconf 88' lang='lat' dir='ltr'><strong>Sed</strong></span> <span class='ocrx_word' id='word_1_69' title='bbox 869 1300 940 1344; x_wconf 85' lang='lat' dir='ltr'><strong>erx</strong></span> <span class='ocrx_word' id='word_1_70' title='bbox 963 1288 1035 1359; x_wconf 83' lang='lat' dir='ltr'><strong>cst,</strong></span> <span class='ocrx_word' id='word_1_71' title='bbox 1057 1301 1134 1359; x_wconf 85' lang='lat' dir='ltr'><strong>non,</strong></span> <span class='ocrx_word' id='word_1_72' title='bbox 1157 1278 1246 1362; x_wconf 91' lang='lat' dir='ltr'><strong>quod</strong></span> <span class='ocrx_word' id='word_1_73' title='bbox 1268 1297 1374 1361; x_wconf 84' lang='lat' dir='ltr'><strong>nuper</strong></span> 
     </span>
     <span class='ocr_line' id='line_1_10' title="bbox 217 1385 1375 1468; baseline -0.004 -13"><span class='ocrx_word' id='word_1_74' title='bbox 217 1395 406 1455; x_wconf 84' lang='lat' dir='ltr'><strong>revocatum</strong></span> <span class='ocrx_word' id='word_1_75' title='bbox 429 1393 494 1451; x_wconf 87' lang='lat' dir='ltr'><strong>cst:</strong></span> <span class='ocrx_word' id='word_1_76' title='bbox 530 1385 671 1451; x_wconf 90' lang='lat' dir='ltr'><strong>nullus</strong></span> <span class='ocrx_word' id='word_1_77' title='bbox 700 1408 872 1468; x_wconf 83' lang='lat' dir='ltr'><strong>unquam</strong></span> <span class='ocrx_word' id='word_1_78' title='bbox 900 1394 1061 1452; x_wconf 83' lang='lat' dir='ltr'><strong>moveat</strong></span> <span class='ocrx_word' id='word_1_79' title='bbox 1084 1393 1240 1454; x_wconf 86' lang='lat' dir='ltr'><strong>ventus.</strong></span> <span class='ocrx_word' id='word_1_80' title='bbox 1297 1385 1375 1451; x_wconf 89' lang='lat' dir='ltr'><strong>Sed</strong></span> 
     </span>
     <span class='ocr_line' id='line_1_11' title="bbox 218 1494 1374 1577; baseline -0.004 -14"><span class='ocrx_word' id='word_1_81' title='bbox 218 1518 289 1564; x_wconf 84' lang='lat' dir='ltr'><strong>srx</strong></span> <span class='ocrx_word' id='word_1_82' title='bbox 318 1503 379 1561; x_wconf 87' lang='lat' dir='ltr'><strong>oet.</strong></span> <span class='ocrx_word' id='word_1_83' title='bbox 430 1494 460 1576; x_wconf 62' lang='grc' dir='ltr'><strong>(ἕ</strong></span> <span class='ocrx_word' id='word_1_84' title='bbox 491 1499 510 1558; x_wconf 87' lang='grc'>8</span> <span class='ocrx_word' id='word_1_85' title='bbox 540 1515 600 1577; x_wconf 90' lang='lat' dir='ltr'><strong>pro</strong></span> <span class='ocrx_word' id='word_1_86' title='bbox 629 1517 707 1576; x_wconf 82' lang='lat' dir='ltr'><strong>que</strong></span> <span class='ocrx_word' id='word_1_87' title='bbox 734 1495 875 1560; x_wconf 80' lang='lat' dir='ltr'><strong>fortasse</strong></span> <span class='ocrx_word' id='word_1_88' title='bbox 904 1496 967 1560; x_wconf 76' lang='lat' dir='ltr'><strong>fuit</strong></span> <span class='ocrx_word' id='word_1_89' title='bbox 1001 1496 1107 1576; x_wconf 83' lang='lat' dir='ltr'><strong>quie.</strong></span> <span class='ocrx_word' id='word_1_90' title='bbox 1154 1494 1262 1577; x_wconf 84' lang='grc'><strong>1871.)</strong></span> <span class='ocrx_word' id='word_1_91' title='bbox 1312 1494 1374 1558; x_wconf 92' lang='lat' dir='ltr'><strong>Po·</strong></span> 
     </span>
     <span class='ocr_line' id='line_1_12' title="bbox 218 1602 1375 1687; baseline -0.004 -16"><span class='ocrx_word' id='word_1_92' title='bbox 218 1613 341 1671; x_wconf 84' lang='lat' dir='ltr'><strong>stromo</strong></span> <span class='ocrx_word' id='word_1_93' title='bbox 365 1604 381 1686; x_wconf 61' lang='grc' dir='ltr'><strong>ξ</strong></span> <span class='ocrx_word' id='word_1_94' title='bbox 409 1608 446 1666; x_wconf 84' lang='grc'><strong>15</strong></span> <span class='ocrx_word' id='word_1_95' title='bbox 470 1602 677 1667; x_wconf 88' lang='lat' dir='ltr'><strong>scribendum</strong></span> <span class='ocrx_word' id='word_1_96' title='bbox 700 1611 766 1669; x_wconf 85' lang='lat' dir='ltr'><strong>cst:</strong></span> <span class='ocrx_word' id='word_1_97' title='bbox 801 1626 888 1669; x_wconf 83' lang='lat' dir='ltr'><strong>nem</strong></span> <span class='ocrx_word' id='word_1_98' title='bbox 916 1602 990 1687; x_wconf 87' lang='lat' dir='ltr'><strong>(pro</strong></span> <span class='ocrx_word' id='word_1_99' title='bbox 1018 1603 1109 1686; x_wconf 84' lang='lat' dir='ltr'><strong>iam)</strong></span> <span class='ocrx_word' id='word_1_100' title='bbox 1133 1603 1207 1669; x_wconf 88' lang='lat' dir='ltr'><strong>hoc</strong></span> <span class='ocrx_word' id='word_1_101' title='bbox 1230 1610 1273 1667; x_wconf 90' lang='lat' dir='ltr'><strong>ut</strong></span> <span class='ocrx_word' id='word_1_102' title='bbox 1294 1602 1375 1667; x_wconf 87' lang='lat' dir='ltr'><strong>sibi</strong></span> 
     </span>
     <span class='ocr_line' id='line_1_13' title="bbox 217 1710 1373 1795; baseline -0.003 -18"><span class='ocrx_word' id='word_1_103' title='bbox 217 1713 375 1789; x_wconf 85' lang='lat' dir='ltr'><strong>liceret,</strong></span> <span class='ocrx_word' id='word_1_104' title='bbox 406 1711 729 1793; x_wconf 82' lang='lat' dir='ltr'><strong>impetraverant</strong></span> <span class='ocrx_word' id='word_1_105' title='bbox 752 1712 786 1775; x_wconf 92' lang='lat' dir='ltr'><strong>ei</strong></span> <span class='ocrx_word' id='word_1_106' title='bbox 809 1712 1013 1791; x_wconf 80' lang='lat' dir='ltr'><strong>(Locrenses,</strong></span> <span class='ocrx_word' id='word_1_107' title='bbox 1043 1733 1103 1795; x_wconf 91' lang='lat' dir='ltr'><strong>pro</strong></span> <span class='ocrx_word' id='word_1_108' title='bbox 1126 1711 1179 1792; x_wconf 89' lang='lat' dir='ltr'><strong>et)</strong></span> <span class='ocrx_word' id='word_1_109' title='bbox 1203 1710 1250 1775; x_wconf 79' lang='lat' dir='ltr'><strong>ab</strong></span> <span class='ocrx_word' id='word_1_110' title='bbox 1273 1710 1373 1775; x_wconf 81' lang='lat' dir='ltr'><strong>Han-</strong></span> 
     </span>
     <span class='ocr_line' id='line_1_14' title="bbox 217 1818 1373 1903; baseline -0.003 -18"><span class='ocrx_word' id='word_1_111' title='bbox 217 1819 373 1896; x_wconf 80' lang='lat' dir='ltr'><strong>nibale,</strong></span> <span class='ocrx_word' id='word_1_112' title='bbox 411 1819 547 1882; x_wconf 91' lang='lat' dir='ltr'><strong>missis</strong></span> <span class='ocrx_word' id='word_1_113' title='bbox 588 1819 635 1883; x_wconf 82' lang='lat' dir='ltr'><strong>sd</strong></span> <span class='ocrx_word' id='word_1_114' title='bbox 674 1819 713 1882; x_wconf 92' lang='lat' dir='ltr'><strong>id</strong></span> <span class='ocrx_word' id='word_1_115' title='bbox 752 1821 884 1903; x_wconf 90' lang='lat' dir='ltr'><strong>ipsum</strong></span> <span class='ocrx_word' id='word_1_116' title='bbox 917 1821 1078 1903; x_wconf 81' lang='lat' dir='ltr'><strong>leget-is.</strong></span> <span class='ocrx_word' id='word_1_117' title='bbox 1135 1819 1232 1898; x_wconf 80' lang='lat' dir='ltr'><strong>(ism</strong></span> <span class='ocrx_word' id='word_1_118' title='bbox 1264 1818 1373 1883; x_wconf 92' lang='lat' dir='ltr'><strong>locum</strong></span> 
     </span>
     <span class='ocr_line' id='line_1_15' title="bbox 217 1926 1372 1993; baseline -0.003 0"><span class='ocrx_word' id='word_1_119' title='bbox 217 1926 356 1993; x_wconf 83' lang='lat' dir='ltr'><strong>haberet</strong></span> <span class='ocrx_word' id='word_1_120' title='bbox 396 1926 544 1990; x_wconf 84' lang='lat' dir='ltr'><strong>oratione</strong></span> <span class='ocrx_word' id='word_1_121' title='bbox 578 1928 624 1990; x_wconf 87' lang='lat' dir='ltr'><strong>sio</strong></span> <span class='ocrx_word' id='word_1_122' title='bbox 659 1928 875 1993; x_wconf 84' lang='lat' dir='ltr'><strong>conformate:</strong></span> <span class='ocrx_word' id='word_1_123' title='bbox 914 1927 1009 1992; x_wconf 84' lang='lat' dir='ltr'><strong>Nam</strong></span> <span class='ocrx_word' id='word_1_124' title='bbox 1049 1928 1123 1992; x_wconf 89' lang='lat' dir='ltr'><strong>hoc</strong></span> <span class='ocrx_word' id='word_1_125' title='bbox 1163 1929 1241 1992; x_wconf 84' lang='lat' dir='ltr'><strong>iem</strong></span> <span class='ocrx_word' id='word_1_126' title='bbox 1279 1933 1372 1991; x_wconf 83' lang='lat' dir='ltr'><strong>ante</strong></span> 
     </span>
     <span class='ocr_line' id='line_1_16' title="bbox 218 2031 1372 2119; baseline -0.001 -19"><span class='ocrx_word' id='word_1_127' title='bbox 218 2035 294 2117; x_wconf 88' lang='lat' dir='ltr'><strong>cet.)</strong></span> <span class='ocrx_word' id='word_1_128' title='bbox 357 2031 555 2115; x_wconf 86' lang='lat' dir='ltr'><strong>[Pronomen</strong></span> <span class='ocrx_word' id='word_1_129' title='bbox 596 2036 818 2101; x_wconf 83' lang='lat' dir='ltr'><strong>necessarium</strong></span> <span class='ocrx_word' id='word_1_130' title='bbox 853 2043 917 2110; x_wconf 88' lang='lat' dir='ltr'><strong>est,</strong></span> <span class='ocrx_word' id='word_1_131' title='bbox 964 2036 1055 2119; x_wconf 92' lang='lat' dir='ltr'><strong>quod</strong></span> <span class='ocrx_word' id='word_1_132' title='bbox 1093 2037 1157 2119; x_wconf 91' lang='lat' dir='ltr'><strong>ipsi</strong></span> <span class='ocrx_word' id='word_1_133' title='bbox 1190 2035 1372 2100; x_wconf 87' lang='lat' dir='ltr'><strong>Locrenses</strong></span> 
     </span>
     <span class='ocr_line' id='line_1_17' title="bbox 216 2142 1371 2227; baseline -0.001 -19"><span class='ocrx_word' id='word_1_134' title='bbox 216 2149 337 2227; x_wconf 88' lang='lat' dir='ltr'><strong>praeter</strong></span> <span class='ocrx_word' id='word_1_135' title='bbox 359 2144 486 2226; x_wconf 83' lang='lat' dir='ltr'><strong>legatos</strong></span> <span class='ocrx_word' id='word_1_136' title='bbox 515 2148 590 2207; x_wconf 80' lang='lat' dir='ltr'><strong>ante</strong></span> <span class='ocrx_word' id='word_1_137' title='bbox 619 2145 779 2208; x_wconf 83' lang='lat' dir='ltr'><strong>nominati</strong></span> <span class='ocrx_word' id='word_1_138' title='bbox 808 2165 873 2209; x_wconf 90' lang='lat' dir='ltr'><strong>non</strong></span> <span class='ocrx_word' id='word_1_139' title='bbox 904 2152 995 2224; x_wconf 89' lang='lat' dir='ltr'><strong>sunt,</strong></span> <span class='ocrx_word' id='word_1_140' title='bbox 1023 2143 1080 2209; x_wconf 89' lang='lat' dir='ltr'><strong>sed</strong></span> <span class='ocrx_word' id='word_1_141' title='bbox 1109 2142 1285 2226; x_wconf 78' lang='lat' dir='ltr'><strong>significati</strong></span> <span class='ocrx_word' id='word_1_142' title='bbox 1312 2163 1371 2207; x_wconf 92' lang='lat' dir='ltr'><strong>no-</strong></span> 
     </span>
     <span class='ocr_line' id='line_1_18' title="bbox 217 2248 503 2332; baseline -0.007 -16"><span class='ocrx_word' id='word_1_143' title='bbox 217 2253 303 2317; x_wconf 89' lang='lat' dir='ltr'><strong>mine</strong></span> <span class='ocrx_word' id='word_1_144' title='bbox 328 2248 503 2332; x_wconf 82' lang='lat' dir='ltr'><strong>Locros]</strong></span> 
     </span>
    </p>

    <p class='ocr_par' dir='ltr' id='par_1_3' title="bbox 214 2358 1374 3089">
     <span class='ocr_line' id='line_1_19' title="bbox 303 2358 1374 2443; baseline 0 -18"><span class='ocrx_word' id='word_1_145' title='bbox 303 2359 381 2443; x_wconf 81' lang='lat' dir='ltr'><strong>Cap.</strong></span> <span class='ocrx_word' id='word_1_146' title='bbox 400 2365 430 2436; x_wconf 84' lang='lat'><strong>4,</strong></span> <span class='ocrx_word' id='word_1_147' title='bbox 468 2363 481 2420; x_wconf 89' lang='lat' dir='ltr'>l</span> <span class='ocrx_word' id='word_1_148' title='bbox 508 2366 543 2424; x_wconf 90' lang='lat' dir='ltr'><strong>et</strong></span> <span class='ocrx_word' id='word_1_149' title='bbox 566 2363 584 2423; x_wconf 81' lang='lat'>2</span> <span class='ocrx_word' id='word_1_150' title='bbox 608 2360 642 2422; x_wconf 93' lang='lat' dir='ltr'><strong>in</strong></span> <span class='ocrx_word' id='word_1_151' title='bbox 665 2358 777 2423; x_wconf 85' lang='lat' dir='ltr'><strong>codice</strong></span> <span class='ocrx_word' id='word_1_152' title='bbox 800 2358 825 2422; x_wconf 93' lang='lat' dir='ltr'>P</span> <span class='ocrx_word' id='word_1_153' title='bbox 849 2359 1022 2425; x_wconf 82' lang='lat' dir='ltr'><strong>scribitur:</strong></span> <span class='ocrx_word' id='word_1_154' title='bbox 1045 2395 1089 2404; x_wconf 88' lang='lat'><em>-</em></span> <span class='ocrx_word' id='word_1_155' title='bbox 1107 2361 1283 2425; x_wconf 84' lang='lat' dir='ltr'><strong>laturum</strong></span> <span class='ocrx_word' id='word_1_156' title='bbox 1307 2379 1374 2425; x_wconf 83' lang='lat' dir='ltr'><strong>se·</strong></span> 
     </span>
     <span class='ocr_line' id='line_1_20' title="bbox 217 2467 1374 2551; baseline -0.001 -19"><span class='ocrx_word' id='word_1_157' title='bbox 217 2468 342 2532; x_wconf 79' lang='lat' dir='ltr'><strong>ctssit</strong></span> <span class='ocrx_word' id='word_1_158' title='bbox 371 2467 590 2548; x_wconf 86' lang='lat' dir='ltr'><strong>ingenium,</strong></span> <span class='ocrx_word' id='word_1_159' title='bbox 622 2488 723 2549; x_wconf 78' lang='lat' dir='ltr'><strong>supra</strong></span> <span class='ocrx_word' id='word_1_160' title='bbox 751 2486 789 2528; x_wconf 81' lang='lat' dir='ltr'><strong>ee</strong></span> <span class='ocrx_word' id='word_1_161' title='bbox 819 2468 927 2550; x_wconf 90' lang='lat' dir='ltr'><strong>posito</strong></span> <span class='ocrx_word' id='word_1_162' title='bbox 957 2487 988 2545; x_wconf 81' lang='lat' dir='ltr'><strong>s,</strong></span> <span class='ocrx_word' id='word_1_163' title='bbox 1017 2489 1117 2551; x_wconf 79' lang='lat' dir='ltr'><strong>supra</strong></span> <span class='ocrx_word' id='word_1_164' title='bbox 1146 2487 1187 2530; x_wconf 81' lang='grc' dir='ltr'><strong>ιιι</strong></span> <span class='ocrx_word' id='word_1_165' title='bbox 1214 2474 1251 2530; x_wconf 82' lang='lat' dir='ltr'><strong>te</strong></span> <span class='ocrx_word' id='word_1_166' title='bbox 1274 2488 1374 2533; x_wconf 83' lang='lat' dir='ltr'><strong>menn</strong></span> 
     </span>
     <span class='ocr_line' id='line_1_21' title="bbox 216 2573 1369 2658; baseline 0.001 -18"><span class='ocrx_word' id='word_1_167' title='bbox 216 2582 273 2640; x_wconf 82' lang='lat' dir='ltr'><strong>aut</strong></span> <span class='ocrx_word' id='word_1_168' title='bbox 303 2575 409 2658; x_wconf 83' lang='lat' dir='ltr'><strong>prima</strong></span> <span class='ocrx_word' id='word_1_169' title='bbox 443 2581 501 2637; x_wconf 86' lang='lat' dir='ltr'><strong>aut</strong></span> <span class='ocrx_word' id='word_1_170' title='bbox 530 2573 647 2638; x_wconf 83' lang='lat' dir='ltr'><strong>altera.</strong></span> <span class='ocrx_word' id='word_1_171' title='bbox 703 2573 787 2639; x_wconf 88' lang='lat' dir='ltr'><strong>Hinc</strong></span> <span class='ocrx_word' id='word_1_172' title='bbox 810 2575 966 2641; x_wconf 85' lang='lat' dir='ltr'><strong>efficitur:</strong></span> <span class='ocrx_word' id='word_1_173' title='bbox 1001 2576 1092 2640; x_wconf 83' lang='lat' dir='ltr'><strong>Eam</strong></span> <span class='ocrx_word' id='word_1_174' title='bbox 1121 2582 1295 2654; x_wconf 82' lang='lat' dir='ltr'><strong>oetatem,</strong></span> <span class='ocrx_word' id='word_1_175' title='bbox 1328 2574 1369 2641; x_wconf 91' lang='lat' dir='ltr'><strong>id</strong></span> 
     </span>
     <span class='ocr_line' id='line_1_22' title="bbox 215 2681 1369 2767; baseline 0.002 -22"><span class='ocrx_word' id='word_1_176' title='bbox 215 2681 420 2764; x_wconf 81' lang='lat' dir='ltr'><strong>ingenium</strong></span> <span class='ocrx_word' id='word_1_177' title='bbox 443 2688 605 2745; x_wconf 85' lang='lat' dir='ltr'><strong>tutores</strong></span> <span class='ocrx_word' id='word_1_178' title='bbox 629 2688 754 2764; x_wconf 83' lang='lat' dir='ltr'><strong>atque</strong></span> <span class='ocrx_word' id='word_1_179' title='bbox 777 2684 897 2748; x_wconf 83' lang='lat' dir='ltr'><strong>amici</strong></span> <span class='ocrx_word' id='word_1_180' title='bbox 919 2718 963 2728; x_wconf 95' lang='lat'><em>-</em></span> <span class='ocrx_word' id='word_1_181' title='bbox 985 2690 1243 2767; x_wconf 79' lang='lat' dir='ltr'><strong>acceperunt.</strong></span> <span class='ocrx_word' id='word_1_182' title='bbox 1277 2683 1369 2761; x_wconf 85' lang='lat' dir='ltr'><strong>Eam,</strong></span> 
     </span>
     <span class='ocr_line' id='line_1_23' title="bbox 215 2789 1372 2873; baseline 0.002 -20"><span class='ocrx_word' id='word_1_183' title='bbox 215 2809 288 2872; x_wconf 86' lang='lat' dir='ltr'><strong>quse</strong></span> <span class='ocrx_word' id='word_1_184' title='bbox 316 2789 409 2871; x_wconf 86' lang='lat' dir='ltr'><strong>pueri</strong></span> <span class='ocrx_word' id='word_1_185' title='bbox 431 2789 560 2852; x_wconf 90' lang='lat' dir='ltr'><strong>nomine</strong></span> <span class='ocrx_word' id='word_1_186' title='bbox 583 2791 649 2854; x_wconf 81' lang='lat' dir='ltr'><strong>iam</strong></span> <span class='ocrx_word' id='word_1_187' title='bbox 672 2789 853 2871; x_wconf 83' lang='lat' dir='ltr'><strong>significata</strong></span> <span class='ocrx_word' id='word_1_188' title='bbox 876 2798 936 2869; x_wconf 90' lang='lat' dir='ltr'><strong>est,</strong></span> <span class='ocrx_word' id='word_1_189' title='bbox 966 2799 1107 2870; x_wconf 86' lang='lat' dir='ltr'><strong>aetetem,</strong></span> <span class='ocrx_word' id='word_1_190' title='bbox 1139 2791 1173 2856; x_wconf 93' lang='lat' dir='ltr'><strong>id</strong></span> <span class='ocrx_word' id='word_1_191' title='bbox 1195 2791 1372 2873; x_wconf 83' lang='lat' dir='ltr'><strong>ingenium,</strong></span> 
     </span>
     <span class='ocr_line' id='line_1_24' title="bbox 214 2895 1374 2982; baseline 0.002 -21"><span class='ocrx_word' id='word_1_192' title='bbox 214 2895 304 2981; x_wconf 88' lang='lat' dir='ltr'><strong>quod</strong></span> <span class='ocrx_word' id='word_1_193' title='bbox 329 2897 380 2959; x_wconf 85' lang='lat' dir='ltr'><strong>vix</strong></span> <span class='ocrx_word' id='word_1_194' title='bbox 403 2895 591 2961; x_wconf 81' lang='lat' dir='ltr'><strong>libertatem</strong></span> <span class='ocrx_word' id='word_1_195' title='bbox 615 2897 743 2963; x_wconf 87' lang='lat' dir='ltr'><strong>modice</strong></span> <span class='ocrx_word' id='word_1_196' title='bbox 762 2897 905 2965; x_wconf 82' lang='lat' dir='ltr'><strong>laturum</strong></span> <span class='ocrx_word' id='word_1_197' title='bbox 923 2906 1004 2979; x_wconf 83' lang='lat' dir='ltr'><strong>erat,</strong></span> <span class='ocrx_word' id='word_1_198' title='bbox 1031 2906 1158 2964; x_wconf 86' lang='lat' dir='ltr'><strong>tutores</strong></span> <span class='ocrx_word' id='word_1_199' title='bbox 1176 2904 1374 2982; x_wconf 82' lang='lat' dir='ltr'><strong>acceperunt</strong></span> 
     </span>
     <span class='ocr_line' id='line_1_25' title="bbox 215 3003 1372 3089; baseline 0.001 -20"><span class='ocrx_word' id='word_1_200' title='bbox 215 3003 553 3088; x_wconf 82' lang='lat' dir='ltr'><strong>adpraecipitandum.</strong></span> <span class='ocrx_word' id='word_1_201' title='bbox 578 3004 626 3070; x_wconf 89' lang='lat' dir='ltr'><strong>Et</strong></span> <span class='ocrx_word' id='word_1_202' title='bbox 638 3006 729 3087; x_wconf 88' lang='lat' dir='ltr'><strong>(ante</strong></span> <span class='ocrx_word' id='word_1_203' title='bbox 747 3008 920 3089; x_wconf 79' lang='lat' dir='ltr'><strong>tutores)</strong></span> <span class='ocrx_word' id='word_1_204' title='bbox 933 3015 1194 3073; x_wconf 80' lang='lat' dir='ltr'><strong>extnstumcst.</strong></span> <span class='ocrx_word' id='word_1_205' title='bbox 1214 3005 1372 3088; x_wconf 80' lang='lat'>(1862.)¹)</span> 
     </span>
    </p>

    <p class='ocr_par' dir='ltr' id='par_1_4' title="bbox 301 3111 1369 3196">
     <span class='ocr_line' id='line_1_26' title="bbox 301 3111 1369 3196; baseline 0.003 -20"><span class='ocrx_word' id='word_1_206' title='bbox 301 3111 378 3195; x_wconf 87' lang='lat' dir='ltr'><strong>Cap.</strong></span> <span class='ocrx_word' id='word_1_207' title='bbox 404 3116 437 3191; x_wconf 78' lang='grc' dir='ltr'><strong>ὁ,</strong></span> <span class='ocrx_word' id='word_1_208' title='bbox 470 3117 501 3176; x_wconf 93' lang='lat' dir='ltr'><strong>l:</strong></span> <span class='ocrx_word' id='word_1_209' title='bbox 538 3112 608 3177; x_wconf 88' lang='lat' dir='ltr'><strong>Vix</strong></span> <span class='ocrx_word' id='word_1_210' title='bbox 638 3114 799 3195; x_wconf 90' lang='lat' dir='ltr'><strong>quidem</strong></span> <span class='ocrx_word' id='word_1_211' title='bbox 827 3115 905 3179; x_wconf 92' lang='lat' dir='ltr'><strong>ulli</strong></span> <span class='ocrx_word' id='word_1_212' title='bbox 934 3115 1036 3181; x_wconf 95' lang='lat' dir='ltr'><strong>bono</strong></span> <span class='ocrx_word' id='word_1_213' title='bbox 1067 3115 1369 3196; x_wconf 85' lang='lat' dir='ltr'><strong>moderatoque</strong></span> 
     </span>
    </p>
   </div>
   <div class='ocr_carea' id='block_1_3' title="bbox 130 3210 1459 3306">
    <p class='ocr_par' dir='ltr' id='par_1_5' title="bbox 130 3210 1459 3306">
     <span class='ocr_line' id='line_1_27' title="bbox 130 3210 1459 3306; baseline -0.008 -11"><span class='ocrx_word' id='word_1_214' title='bbox 130 3238 201 3306; x_wconf 77' lang='lat'>(274)</span> <span class='ocrx_word' id='word_1_215' title='bbox 220 3223 307 3304; x_wconf 85' lang='lat' dir='ltr'><strong>regi</strong></span> <span class='ocrx_word' id='word_1_216' title='bbox 335 3219 478 3285; x_wconf 84' lang='lat' dir='ltr'><strong>facilis</strong></span> <span class='ocrx_word' id='word_1_217' title='bbox 508 3230 596 3286; x_wconf 80' lang='lat' dir='ltr'><strong>crat</strong></span> <span class='ocrx_word' id='word_1_218' title='bbox 624 3219 738 3287; x_wconf 87' lang='lat' dir='ltr'><strong>favor</strong></span> <span class='ocrx_word' id='word_1_219' title='bbox 767 3223 871 3306; x_wconf 81' lang='lat' dir='ltr'><strong>opud</strong></span> <span class='ocrx_word' id='word_1_220' title='bbox 902 3222 1199 3306; x_wconf 85' lang='lat' dir='ltr'><strong>Syracusanos,</strong></span> <span class='ocrx_word' id='word_1_221' title='bbox 1234 3243 1372 3287; x_wconf 87' lang='lat' dir='ltr'><strong>succe·</strong></span> <span class='ocrx_word' id='word_1_222' title='bbox 1455 3210 1459 3218; x_wconf 75' lang='grc'><strong>’</strong></span> 
     </span>
    </p>
   </div>
   <div class='ocr_carea' id='block_1_4' title="bbox 243 3491 1370 4242">
    <p class='ocr_par' dir='ltr' id='par_1_6' title="bbox 243 3491 1370 4242">
     <span class='ocr_line' id='line_1_28' title="bbox 243 3491 1366 3564; baseline 0.001 -18"><span class='ocrx_word' id='word_1_223' title='bbox 243 3495 267 3559; x_wconf 90' lang='lat'><strong>¹)</strong></span> <span class='ocrx_word' id='word_1_224' title='bbox 285 3495 350 3563; x_wconf 78' lang='lat' dir='ltr'><strong>Cap.</strong></span> <span class='ocrx_word' id='word_1_225' title='bbox 363 3496 387 3559; x_wconf 83' lang='lat'><strong>4,</strong></span> <span class='ocrx_word' id='word_1_226' title='bbox 409 3491 481 3545; x_wconf 83' lang='lat' dir='ltr'><strong>tW.</strong></span> <span class='ocrx_word' id='word_1_227' title='bbox 501 3493 602 3547; x_wconf 85' lang='lat' dir='ltr'><strong>edidit:</strong></span> <span class='ocrx_word' id='word_1_228' title='bbox 629 3494 848 3562; x_wconf 82' lang='lat' dir='ltr'><strong>iuvenemque</strong></span> <span class='ocrx_word' id='word_1_229' title='bbox 874 3495 944 3549; x_wconf 82' lang='lat' dir='ltr'><strong>suis</strong></span> <span class='ocrx_word' id='word_1_230' title='bbox 966 3495 1182 3564; x_wconf 83' lang='lat' dir='ltr'><strong>potissimum</strong></span> <span class='ocrx_word' id='word_1_231' title='bbox 1203 3493 1366 3562; x_wconf 83' lang='lat' dir='ltr'><strong>vestigiis</strong></span> 
     </span>
     <span class='ocr_line' id='line_1_29' title="bbox 282 3577 1369 3649; baseline 0.001 -18"><span class='ocrx_word' id='word_1_232' title='bbox 282 3579 445 3632; x_wconf 83' lang='lat' dir='ltr'><strong>insistere</strong></span> <span class='ocrx_word' id='word_1_233' title='bbox 467 3578 601 3633; x_wconf 86' lang='lat' dir='ltr'><strong>vellent</strong></span> <span class='ocrx_word' id='word_1_234' title='bbox 624 3578 826 3649; x_wconf 74' lang='lat' dir='ltr'><strong>disciplinae</strong></span> <span class='ocrx_word' id='word_1_235' title='bbox 849 3580 890 3646; x_wconf 87' lang='lat' dir='ltr'><strong>(P,</strong></span> <span class='ocrx_word' id='word_1_236' title='bbox 915 3580 998 3647; x_wconf 82' lang='lat' dir='ltr'><strong>vulgo</strong></span> <span class='ocrx_word' id='word_1_237' title='bbox 1017 3578 1311 3648; x_wconf 71' lang='lat' dir='ltr'><strong>disciplinaeque),</strong></span> <span class='ocrx_word' id='word_1_238' title='bbox 1334 3577 1369 3631; x_wconf 87' lang='lat' dir='ltr'><strong>in</strong></span> 
     </span>
     <span class='ocr_line' id='line_1_30' title="bbox 282 3663 1368 3732; baseline -0.002 -14"><span class='ocrx_word' id='word_1_239' title='bbox 282 3682 347 3732; x_wconf 78' lang='lat' dir='ltr'><strong>qua</strong></span> <span class='ocrx_word' id='word_1_240' title='bbox 374 3663 522 3716; x_wconf 86' lang='lat' dir='ltr'><strong>eductus</strong></span> <span class='ocrx_word' id='word_1_241' title='bbox 549 3670 650 3718; x_wconf 85' lang='lat' dir='ltr'><strong>esset.</strong></span> <span class='ocrx_word' id='word_1_242' title='bbox 696 3664 862 3732; x_wconf 84' lang='lat' dir='ltr'><strong>Aeyndeton</strong></span> <span class='ocrx_word' id='word_1_243' title='bbox 889 3666 918 3719; x_wconf 91' lang='lat' dir='ltr'><strong>in</strong></span> <span class='ocrx_word' id='word_1_244' title='bbox 942 3664 996 3719; x_wconf 82' lang='lat' dir='ltr'><strong>hec</strong></span> <span class='ocrx_word' id='word_1_245' title='bbox 1019 3664 1117 3718; x_wconf 80' lang='lat' dir='ltr'><strong>seduts</strong></span> <span class='ocrx_word' id='word_1_246' title='bbox 1144 3664 1272 3718; x_wconf 79' lang='lat' dir='ltr'><strong>oratione</strong></span> <span class='ocrx_word' id='word_1_247' title='bbox 1294 3669 1322 3716; x_wconf 90' lang='lat' dir='ltr'><strong>et</strong></span> <span class='ocrx_word' id='word_1_248' title='bbox 1339 3663 1368 3716; x_wconf 90' lang='lat' dir='ltr'><strong>in</strong></span> 
     </span>
     <span class='ocr_line' id='line_1_31' title="bbox 282 3748 1370 3819; baseline -0.001 -16"><span class='ocrx_word' id='word_1_249' title='bbox 282 3748 481 3803; x_wconf 88' lang='lat' dir='ltr'><strong>coniunctione</strong></span> <span class='ocrx_word' id='word_1_250' title='bbox 508 3748 696 3801; x_wconf 86' lang='lat' dir='ltr'><strong>membrorum</strong></span> <span class='ocrx_word' id='word_1_251' title='bbox 723 3750 902 3817; x_wconf 84' lang='lat' dir='ltr'><strong>inaequelinm</strong></span> <span class='ocrx_word' id='word_1_252' title='bbox 927 3751 1014 3804; x_wconf 85' lang='lat' dir='ltr'><strong>verbo</strong></span> <span class='ocrx_word' id='word_1_253' title='bbox 1038 3750 1204 3819; x_wconf 87' lang='lat' dir='ltr'><strong>interposito</strong></span> <span class='ocrx_word' id='word_1_254' title='bbox 1229 3753 1370 3818; x_wconf 78' lang='lat' dir='ltr'><strong>separetu-</strong></span> 
     </span>
     <span class='ocr_line' id='line_1_32' title="bbox 283 3834 1369 3903; baseline 0 -16"><span class='ocrx_word' id='word_1_255' title='bbox 283 3851 344 3887; x_wconf 86' lang='lat' dir='ltr'><strong>rum</strong></span> <span class='ocrx_word' id='word_1_256' title='bbox 369 3838 469 3887; x_wconf 83' lang='lat' dir='ltr'><strong>contra</strong></span> <span class='ocrx_word' id='word_1_257' title='bbox 492 3835 627 3886; x_wconf 83' lang='lat' dir='ltr'><strong>sermonis</strong></span> <span class='ocrx_word' id='word_1_258' title='bbox 646 3840 774 3887; x_wconf 76' lang='lat' dir='ltr'><strong>naturam</strong></span> <span class='ocrx_word' id='word_1_259' title='bbox 793 3841 900 3889; x_wconf 87' lang='lat' dir='ltr'><strong>temere</strong></span> <span class='ocrx_word' id='word_1_260' title='bbox 919 3834 1047 3903; x_wconf 82' lang='lat' dir='ltr'><strong>tingitur;</strong></span> <span class='ocrx_word' id='word_1_261' title='bbox 1076 3835 1181 3889; x_wconf 83' lang='lat' dir='ltr'><strong>excidit</strong></span> <span class='ocrx_word' id='word_1_262' title='bbox 1198 3842 1231 3888; x_wconf 90' lang='lat' dir='ltr'><strong>et</strong></span> <span class='ocrx_word' id='word_1_263' title='bbox 1248 3838 1313 3903; x_wconf 87' lang='lat' dir='ltr'><strong>post</strong></span> <span class='ocrx_word' id='word_1_264' title='bbox 1330 3838 1369 3887; x_wconf 87' lang='lat' dir='ltr'><strong>nt</strong></span> 
     </span>
     <span class='ocr_line' id='line_1_33' title="bbox 282 3917 1367 3989; baseline 0.001 -17"><span class='ocrx_word' id='word_1_265' title='bbox 282 3919 347 3987; x_wconf 86' lang='lat' dir='ltr'><strong>(vid.</strong></span> <span class='ocrx_word' id='word_1_266' title='bbox 376 3919 411 3971; x_wconf 86' lang='lat' dir='ltr'><strong>sd</strong></span> <span class='ocrx_word' id='word_1_267' title='bbox 438 3917 478 3984; x_wconf 86' lang='lat' dir='ltr'><strong>X,</strong></span> <span class='ocrx_word' id='word_1_268' title='bbox 505 3920 551 3982; x_wconf 79' lang='lat'><strong>21,</strong></span> <span class='ocrx_word' id='word_1_269' title='bbox 578 3920 611 3984; x_wconf 91' lang='grc'><strong>6).</strong></span> <span class='ocrx_word' id='word_1_270' title='bbox 661 3917 725 3972; x_wconf 79' lang='lat' dir='ltr'><strong>Non</strong></span> <span class='ocrx_word' id='word_1_271' title='bbox 752 3920 849 3987; x_wconf 80' lang='lat' dir='ltr'><strong>paucis</strong></span> <span class='ocrx_word' id='word_1_272' title='bbox 877 3920 945 3974; x_wconf 87' lang='lat' dir='ltr'><strong>locis</strong></span> <span class='ocrx_word' id='word_1_273' title='bbox 973 3919 1109 3989; x_wconf 79' lang='lat' dir='ltr'><strong>asyndets</strong></span> <span class='ocrx_word' id='word_1_274' title='bbox 1135 3919 1311 3976; x_wconf 83' lang='lat' dir='ltr'><strong>incredibilis</strong></span> <span class='ocrx_word' id='word_1_275' title='bbox 1337 3918 1367 3973; x_wconf 89' lang='lat' dir='ltr'><strong>in</strong></span> 
     </span>
     <span class='ocr_line' id='line_1_34' title="bbox 279 4002 1365 4074; baseline -0.001 -16"><span class='ocrx_word' id='word_1_276' title='bbox 279 4005 354 4058; x_wconf 87' lang='lat' dir='ltr'><strong>Livii</strong></span> <span class='ocrx_word' id='word_1_277' title='bbox 379 4004 537 4057; x_wconf 78' lang='lat' dir='ltr'><strong>orationem</strong></span> <span class='ocrx_word' id='word_1_278' title='bbox 559 4002 639 4056; x_wconf 80' lang='lat' dir='ltr'><strong>illuto</strong></span> <span class='ocrx_word' id='word_1_279' title='bbox 662 4009 727 4057; x_wconf 86' lang='lat' dir='ltr'><strong>sunt</strong></span> <span class='ocrx_word' id='word_1_280' title='bbox 749 4010 865 4073; x_wconf 86' lang='lat' dir='ltr'><strong>propter</strong></span> <span class='ocrx_word' id='word_1_281' title='bbox 887 4021 995 4058; x_wconf 82' lang='lat' dir='ltr'><strong>errores</strong></span> <span class='ocrx_word' id='word_1_282' title='bbox 1019 4006 1137 4074; x_wconf 88' lang='lat' dir='ltr'><strong>codicis,</strong></span> <span class='ocrx_word' id='word_1_283' title='bbox 1166 4006 1214 4074; x_wconf 89' lang='lat' dir='ltr'><strong>qui</strong></span> <span class='ocrx_word' id='word_1_284' title='bbox 1233 4004 1299 4058; x_wconf 75' lang='lat' dir='ltr'><strong>alibi</strong></span> <span class='ocrx_word' id='word_1_285' title='bbox 1316 4021 1365 4057; x_wconf 88' lang='lat' dir='ltr'><strong>ne·</strong></span> 
     </span>
     <span class='ocr_line' id='line_1_35' title="bbox 281 4089 1365 4160; baseline -0.003 -16"><span class='ocrx_word' id='word_1_286' title='bbox 281 4089 403 4144; x_wconf 74' lang='lat' dir='ltr'><strong>cesse-rio</strong></span> <span class='ocrx_word' id='word_1_287' title='bbox 422 4089 612 4157; x_wconf 76' lang='lat' dir='ltr'><strong>corriguntur;</strong></span> <span class='ocrx_word' id='word_1_288' title='bbox 640 4090 806 4157; x_wconf 79' lang='lat' dir='ltr'><strong>conquirere</strong></span> <span class='ocrx_word' id='word_1_289' title='bbox 829 4107 862 4144; x_wconf 85' lang='lat' dir='ltr'><strong>es</strong></span> <span class='ocrx_word' id='word_1_290' title='bbox 879 4089 1061 4159; x_wconf 79' lang='lat' dir='ltr'><strong>supersede03</strong></span> <span class='ocrx_word' id='word_1_291' title='bbox 1089 4090 1218 4160; x_wconf 88' lang='lat' dir='ltr'><strong>exemplo</strong></span> <span class='ocrx_word' id='word_1_292' title='bbox 1237 4106 1296 4144; x_wconf 84' lang='lat' dir='ltr'><strong>rem</strong></span> <span class='ocrx_word' id='word_1_293' title='bbox 1314 4105 1365 4143; x_wconf 93' lang='lat' dir='ltr'><strong>no·</strong></span> 
     </span>
     <span class='ocr_line' id='line_1_36' title="bbox 281 4173 521 4242; baseline -0.008 -15"><span class='ocrx_word' id='word_1_294' title='bbox 281 4173 398 4227; x_wconf 76' lang='lat' dir='ltr'><strong>tendam</strong></span> <span class='ocrx_word' id='word_1_295' title='bbox 416 4173 521 4242; x_wconf 87' lang='lat' dir='ltr'><strong>putsvi.</strong></span> 
     </span>
    </p>
   </div>
   <div class='ocr_carea' id='block_1_5' title="bbox 0 0 1534 5272">
    <p class='ocr_par' dir='ltr' id='par_1_7' title="bbox 0 0 1534 5272">
     <span class='ocr_line' id='line_1_37' title="bbox 0 0 1534 5272; baseline 0 2"><span class='ocrx_word' id='word_1_296' title='bbox 0 0 1534 5272; x_wconf 95' lang='lat' dir='ltr'><strong> </strong></span> 
     </span>
    </p>
   </div>
  </div>
 </body>
</html>
