3060 5272
727 859 746 921 9

151 1041 341 1122 licentiam,
369 1065 391 1109 a
418 1043 644 1128 superioribus
672 1042 855 1109 editoribus
876 1064 942 1109 non
964 1043 1085 1126 ubique
1109 1046 1314 1128 castigatam,

155 1171 265 1236 nuper
290 1150 424 1234 quidam
452 1152 564 1216 nescio
586 1171 654 1234 qua
675 1152 909 1236 superstitione
932 1159 966 1218 et
986 1154 1205 1237 ignoratione,
1233 1153 1313 1238 quid

158 1260 195 1324 in
232 1258 296 1325 hoo
323 1279 441 1342 genere
474 1260 633 1325 momenti
667 1258 796 1325 codices
829 1259 991 1341 iacerent,
1032 1282 1118 1346 saepe
1152 1261 1313 1327 serviliter

159 1367 263 1432 sacnti
285 1373 375 1446 suut,
410 1367 606 1452 excogitatis
635 1367 735 1432 ctiam
762 1368 854 1433 miris
877 1369 1053 1434 enarrandi
1076 1377 1111 1435 et
1132 1369 1312 1436 excusandi

157 1473 321 1556 artificiis,
353 1475 522 1540 interdum
555 1477 718 1560 pravitate
751 1475 903 1542 deterriti
936 1476 1047 1542 subito
1075 1499 1096 1543 a
1125 1478 1314 1543 constantia

156 1581 321 1648 deficiunt
373 1582 479 1660 Quam
505 1584 540 1648 in
568 1583 762 1666 quotidiano
785 1585 1006 1650 Romanorum
1030 1606 1178 1651 sermone
1201 1585 1311 1668 aliquo

155 1699 303 1775 tempore
330 1692 365 1756 in
394 1713 461 1757 una
488 1691 660 1776 alteraque
688 1691 856 1757 locutione
884 1714 924 1757 ex
945 1693 1181 1778 pronuntiandi
1202 1693 1310 1777 negle-

154 1800 269 1883 gentia
291 1800 392 1874 ctiam
414 1799 580 1865 scribendi
603 1800 769 1865 interdum
790 1799 958 1866 licentiam
979 1801 1082 1868 fuisse
1096 1801 1193 1867 Gellii
1216 1801 1255 1884 (Ι,
1277 1801 1312 1884 7)

155 1908 363 1991 aliorumque
406 1909 697 1991 grammaticorum
733 1909 958 1974 testimonium
996 1910 1311 1994 inscriptionumque

156 2018 341 2082 auotoritas
363 2015 516 2095 ostendit,
544 2017 646 2082 utin
668 2022 916 2101 potestatem
938 2038 1027 2083 esse
1049 2039 1110 2103 pro
1133 2019 1174 2082 in
1196 2026 1312 2103 pote·

158 2131 269 2190 atate
301 2130 336 2189 et
368 2124 489 2190 similia
522 2124 584 2190 sub
617 2124 781 2190 calamum
814 2127 976 2207 venirent,
1011 2146 1085 2191 eam
1113 2126 1257 2192 breviter
1278 2129 1312 2192 in

154 2235 372 2317 grammatica
392 2232 512 2298 Latina
539 2231 556 2317 ᾗ
580 2237 644 2298 230
665 2241 733 2299 not.
756 2237 776 2296 2
798 2236 1051 2300 commemoravi
1080 2235 1312 2320 admonuique,

154 2363 223 2425 quo
249 2350 443 2426 argumento
472 2341 685 2407 conciderent
712 2343 823 2407 omnia
849 2341 908 2406 illu
937 2341 1094 2423 artificia,
1128 2344 1249 2426 quibus
1278 2352 1313 2411 et

154 2452 191 2515 in
217 2449 270 2516 his
298 2449 457 2534 exemplis
487 2448 739 2535 significationis
761 2447 954 2515 discrimina
975 2452 1257 2519 constituerentur
1279 2461 1313 2520 et

155 2557 200 2623 ad
228 2558 296 2624 alia
323 2579 364 2624 ca
392 2557 661 2624 transferrentur.
716 2556 802 2622 Nam
833 2558 873 2623 in
907 2558 1044 2625 urbem
1078 2566 1112 2624 et
1144 2561 1183 2625 in
1213 2563 1312 2629 urbo

155 2672 346 2752 permutata
367 2673 465 2732 acute
487 2667 631 2749 quidam,
660 2672 698 2731 ut
721 2665 785 2731 sibi
807 2665 971 2746 videntur,
994 2667 1181 2752 expediunt,
1204 2671 1312 2738 Gellio

155 2774 290 2842 homine
312 2775 446 2840 minime
469 2781 568 2840 acuto
590 2780 772 2860 praeeunte,
800 2775 842 2838 in
870 2773 991 2840 urbes
1020 2777 1114 2862 etin
1138 2778 1312 2845 urbibus

158 2889 348 2967 permutata
374 2904 441 2948 non
468 2882 663 2963 ostendunt,
695 2904 737 2948 ne
765 2883 804 2947 in
835 2882 1026 2967 oppidum
1054 2885 1187 2967 quidem
1215 2889 1312 2954 etin

159 2991 310 3076 oppido
332 2992 397 3057 nisi
419 3012 507 3057 raro.
552 2990 648 3057 Hanc
669 2992 771 3075 igitur
791 2992 990 3076 pravitatem
1014 2993 1081 3058 sive
1103 2994 1138 3059 in
1160 2994 1312 3063 addenda

158 3100 227 3165 sive
252 3100 288 3164 in
316 3098 522 3166 detrahenda
548 3107 629 3165 nota
650 3099 737 3182 (qua
759 3101 793 3165 in
816 3098 879 3179 111,
907 3104 962 3181 51,
991 3105 1011 3165 8
1033 3102 1172 3183 eminet,
1200 3105 1234 3169 in
1257 3109 1308 3186 54,
1326 3114 1364 3182 (a)

162 3212 200 3272 12
223 3215 258 3275 et
276 3212 326 3288 59,
352 3213 365 3272 l
385 3208 477 3287 latet,
500 3208 588 3291 quod
610 3209 830 3292 progenies
854 3216 962 3274 ortum
986 3217 1036 3275 est
1058 3231 1097 3275 ex
1119 3214 1311 3296 progenie

159 3338 219 3401 pro
243 3317 480 3402 progeniem
502 3317 655 3402 posito¹),
683 3316 776 3383 inde
799 3339 839 3382 cx
861 3317 926 3382 ide
949 3339 1009 3402 pro
1032 3317 1144 3400 idem,
1168 3320 1231 3386 hoc
1253 3328 1312 3402 est,

159 3424 293 3507 iidem)
328 3425 370 3491 ad
405 3447 518 3491 omnes
551 3425 681 3492 codices
715 3431 775 3492 aut
802 3426 920 3491 saltem
950 3426 992 3491 ad
1015 3448 1128 3493 omnes
1151 3428 1255 3495 bonos
1278 3438 1312 3496 et

159 3534 325 3617 principes
353 3555 393 3599 cx
422 3533 601 3619 archetypo
624 3540 842 3618 propagatam
863 3534 1018 3600 adnotavi
1041 3537 1075 3600 in
1096 3536 1181 3603 libro
1204 3539 1312 3621 primo

148 3630 210 3707 ⁸his
232 3642 314 3706 locis
336 3641 411 3723 (nec
433 3641 563 3722 dubito,
598 3644 678 3726 quin
705 3643 817 3726 plures
845 3644 879 3708 in
906 3643 1044 3726 legendo
1068 3646 1310 3729 praeterierim):

160 3770 187 3814 c.
210 3753 258 3830 18,
281 3754 300 3815 6
323 3750 377 3832 (in
398 3749 575 3834 lapidem
598 3750 795 3830 consedit,
818 3772 883 3816 uno
907 3758 1064 3834 sequente
1081 3752 1312 3835 Alschefskio),

160 3879 187 3922 c.
210 3862 266 3938 25,
294 3862 313 3922 6
341 3859 429 3923 vice
453 3859 572 3924 unius
595 3857 699 3942 (quod
722 3878 836 3923 omnes
857 3865 988 3938 tenent,
1023 3867 1134 3942 spreta
1156 3860 1311 3926 Gronovii

157 3964 432 4049 admonitionc)²),
456 3987 483 4032 o.
505 3969 555 4047 39,
580 3971 594 4031 l
621 3966 870 4052 (prodigium
893 3966 1042 4049 visum),
1066 3987 1093 4030 c.
1112 3971 1161 4047 56,
1184 3972 1203 4031 2
1224 3969 1311 4051 (sub

164 4121 383 4131 --——-—-.

190 4219 208 4287 ¹)
228 4218 291 4289 [Cir.
309 4219 401 4288 XXII,
423 4223 465 4288 22,
489 4224 505 4274 5
524 4221 553 4275 in
571 4221 633 4278 Put
654 4224 694 4279 ad
711 4223 1090 4279 Romanasscoietatcm
1109 4243 1143 4280 cx
1160 4225 1311 4283 Romana

225 4322 278 4374 pro
294 4305 499 4376 Romanam]

187 4390 208 4457 ¹)
226 4390 305 4445 Verti
323 4391 420 4446 video:
439 4409 556 4462 wagan
573 4393 634 4448 der
648 4392 754 4463 Lage;
772 4410 869 4448 verum
883 4413 917 4449 ea
930 4395 1097 4464 significatio
1114 4396 1154 4449 illi
1169 4399 1308 4454 vocabulo

226 4474 297 4532 salso
315 4475 474 4546 affingitur3
498 4477 677 4534 sollicitus
695 4478 845 4533 alicuius
864 4480 975 4535 vicem
993 4481 1094 4535 Latine
1112 4481 1151 4535 ita
1169 4482 1257 4553 dicor,
1275 4491 1308 4539 ut

225 4563 317 4618 vicem
345 4563 405 4617 cius
433 4565 555 4633 quodam
578 4564 664 4619 modo
692 4565 807 4620 subeam
827 4581 936 4634 proque
954 4582 989 4620 eo
1006 4565 1144 4622 sollicitus
1162 4569 1214 4623 sim
1237 4569 1308 4637 (eius

226 4648 287 4704 vico
309 4649 339 4702 in
361 4648 551 4705 sollicitudine
573 4648 712 4720 fungens).
754 4650 852 4718 Longe
875 4649 958 4704 aliter
975 4650 1080 4706 dicitnr
1097 4657 1306 4710 commoveri

225 4734 301 4789 vioe
320 4733 466 4791 fortune
485 4735 556 4804 (Vll,
573 4737 616 4803 81,
633 4737 669 4804 6),
687 4735 742 4791 hoc
760 4741 812 4803 est,
831 4734 1032 4793 vicissitudine.
