<?xml version="1.0" encoding="UTF-8"?>
<!DOCTYPE html PUBLIC "-//W3C//DTD XHTML 1.0 Transitional//EN"
    "http://www.w3.org/TR/xhtml1/DTD/xhtml1-transitional.dtd">
<html xmlns="http://www.w3.org/1999/xhtml" xml:lang="en" lang="en">
 <head>
  <title>
</title>
<meta http-equiv="Content-Type" content="text/html;charset=utf-8" />
  <meta name='ocr-system' content='tesseract 3.04.00' />
  <meta name='ocr-capabilities' content='ocr_page ocr_carea ocr_par ocr_line ocrx_word'/>
</head>
<body>
  <div class='ocr_page' id='page_1' title='image "./emendationesliv01madvgoog_0210.png"; bbox 0 0 3008 4756; ppageno 0'>
   <div class='ocr_carea' id='block_1_1' title="bbox 735 356 1341 422">
    <p class='ocr_par' dir='ltr' id='par_1_1' title="bbox 735 356 1341 422">
     <span class='ocr_line' id='line_1_1' title="bbox 735 356 1341 422; baseline 0.01 -6"><span class='ocrx_word' id='word_1_1' title='bbox 735 356 795 416; x_wconf 77' lang='lat'>201</span> <span class='ocrx_word' id='word_1_2' title='bbox 1186 367 1248 422; x_wconf 87' lang='lat' dir='ltr'><strong>Lib.</strong></span> <span class='ocrx_word' id='word_1_3' title='bbox 1267 367 1341 422; x_wconf 87' lang='lat' dir='ltr'>VIII.</span> 
     </span>
    </p>
   </div>
   <div class='ocr_carea' id='block_1_2' title="bbox 192 539 1342 623">
    <p class='ocr_par' dir='ltr' id='par_1_2' title="bbox 192 539 1342 623">
     <span class='ocr_line' id='line_1_2' title="bbox 192 539 1342 623; baseline 0.002 -21"><span class='ocrx_word' id='word_1_4' title='bbox 192 561 285 621; x_wconf 87' lang='lat' dir='ltr'>pars</span> <span class='ocrx_word' id='word_1_5' title='bbox 315 543 426 622; x_wconf 88' lang='lat' dir='ltr'>parti</span> <span class='ocrx_word' id='word_1_6' title='bbox 454 541 621 605; x_wconf 85' lang='lat' dir='ltr'>abscisa</span> <span class='ocrx_word' id='word_1_7' title='bbox 648 548 746 605; x_wconf 84' lang='lat' dir='ltr'>erat.</span> <span class='ocrx_word' id='word_1_8' title='bbox 793 540 857 604; x_wconf 85' lang='lat' dir='ltr'>Sed</span> <span class='ocrx_word' id='word_1_9' title='bbox 881 561 1080 623; x_wconf 86' lang='lat' dir='ltr'>quamquam</span> <span class='ocrx_word' id='word_1_10' title='bbox 1105 539 1278 621; x_wconf 80' lang='lat' dir='ltr'>diligenter</span> <span class='ocrx_word' id='word_1_11' title='bbox 1300 539 1342 604; x_wconf 86' lang='lat' dir='ltr'>ad</span> 
     </span>
    </p>
   </div>
   <div class='ocr_carea' id='block_1_3' title="bbox 191 648 1485 732">
    <p class='ocr_par' dir='ltr' id='par_1_3' title="bbox 191 648 1485 732">
     <span class='ocr_line' id='line_1_3' title="bbox 191 648 1485 732; baseline 0.002 -23"><span class='ocrx_word' id='word_1_12' title='bbox 191 669 277 723; x_wconf 78' lang='lat' dir='ltr'>eam,</span> <span class='ocrx_word' id='word_1_13' title='bbox 313 669 410 728; x_wconf 88' lang='lat' dir='ltr'>quam</span> <span class='ocrx_word' id='word_1_14' title='bbox 439 649 528 714; x_wconf 90' lang='lat' dir='ltr'>soleo</span> <span class='ocrx_word' id='word_1_15' title='bbox 552 649 734 732; x_wconf 84' lang='lat' dir='ltr'>appellare,</span> <span class='ocrx_word' id='word_1_16' title='bbox 769 648 1016 730; x_wconf 87' lang='lat' dir='ltr'>significationis</span> <span class='ocrx_word' id='word_1_17' title='bbox 1040 649 1286 713; x_wconf 88' lang='lat' dir='ltr'>conversionem</span> <span class='ocrx_word' id='word_1_18' title='bbox 1308 649 1340 711; x_wconf 94' lang='lat' dir='ltr'>in</span> <span class='ocrx_word' id='word_1_19' title='bbox 1445 674 1450 684; x_wconf 68' lang='lat'>¹</span> <span class='ocrx_word' id='word_1_20' title='bbox 1482 682 1485 689; x_wconf 92' lang='lat'>·</span> 
     </span>
    </p>
   </div>
   <div class='ocr_carea' id='block_1_4' title="bbox 182 754 1340 4295">
    <p class='ocr_par' dir='ltr' id='par_1_4' title="bbox 189 754 1340 1381">
     <span class='ocr_line' id='line_1_4' title="bbox 190 754 1340 839; baseline 0.003 -23"><span class='ocrx_word' id='word_1_21' title='bbox 190 756 296 819; x_wconf 86' lang='lat' dir='ltr'>verbis</span> <span class='ocrx_word' id='word_1_22' title='bbox 331 757 456 821; x_wconf 88' lang='lat' dir='ltr'>attendi</span> <span class='ocrx_word' id='word_1_23' title='bbox 488 757 575 837; x_wconf 75' lang='lat' dir='ltr'>(cfr,</span> <span class='ocrx_word' id='word_1_24' title='bbox 609 779 682 839; x_wconf 78' lang='lat' dir='ltr'>quae</span> <span class='ocrx_word' id='word_1_25' title='bbox 710 756 777 819; x_wconf 85' lang='lat' dir='ltr'>dixi</span> <span class='ocrx_word' id='word_1_26' title='bbox 805 756 846 819; x_wconf 89' lang='lat' dir='ltr'>ad</span> <span class='ocrx_word' id='word_1_27' title='bbox 875 756 917 834; x_wconf 89' lang='lat' dir='ltr'>V,</span> <span class='ocrx_word' id='word_1_28' title='bbox 946 761 1003 835; x_wconf 78' lang='lat'>46,</span> <span class='ocrx_word' id='word_1_29' title='bbox 1033 754 1081 837; x_wconf 84' lang='lat'>9),</span> <span class='ocrx_word' id='word_1_30' title='bbox 1116 755 1198 819; x_wconf 87' lang='lat' dir='ltr'>nihil</span> <span class='ocrx_word' id='word_1_31' title='bbox 1230 762 1340 820; x_wconf 86' lang='lat' dir='ltr'>temen</span> 
     </span>
     <span class='ocr_line' id='line_1_5' title="bbox 191 863 1339 949; baseline 0 -23"><span class='ocrx_word' id='word_1_32' title='bbox 191 863 265 927; x_wconf 88' lang='lat' dir='ltr'>huic</span> <span class='ocrx_word' id='word_1_33' title='bbox 289 865 395 929; x_wconf 88' lang='lat' dir='ltr'>simile</span> <span class='ocrx_word' id='word_1_34' title='bbox 417 866 558 948; x_wconf 82' lang='lat' dir='ltr'>repperi,</span> <span class='ocrx_word' id='word_1_35' title='bbox 587 865 676 949; x_wconf 85' lang='lat' dir='ltr'>qnod</span> <span class='ocrx_word' id='word_1_36' title='bbox 700 866 922 943; x_wconf 85' lang='lat' dir='ltr'>mumimenta‚</span> <span class='ocrx_word' id='word_1_37' title='bbox 946 865 1066 948; x_wconf 91' lang='lat' dir='ltr'>quibus</span> <span class='ocrx_word' id='word_1_38' title='bbox 1090 864 1216 945; x_wconf 86' lang='lat' dir='ltr'>aliquid</span> <span class='ocrx_word' id='word_1_39' title='bbox 1240 864 1339 927; x_wconf 91' lang='lat' dir='ltr'>inter·</span> 
     </span>
     <span class='ocr_line' id='line_1_6' title="bbox 190 956 1340 1056; baseline 0.001 -22"><span class='ocrx_word' id='word_1_40' title='bbox 190 973 339 1055; x_wconf 75' lang='lat' dir='ltr'>saepitur,</span> <span class='ocrx_word' id='word_1_41' title='bbox 380 975 452 1056; x_wconf 85' lang='lat' dir='ltr'>ipso</span> <span class='ocrx_word' id='word_1_42' title='bbox 490 956 686 1056; x_wconf 72' lang='lat' dir='ltr'>intersaepiri</span> <span class='ocrx_word' id='word_1_43' title='bbox 727 973 895 1049; x_wconf 78' lang='lat' dir='ltr'>dicuntur,</span> <span class='ocrx_word' id='word_1_44' title='bbox 936 973 1128 1054; x_wconf 87' lang='lat' dir='ltr'>Liviumque</span> <span class='ocrx_word' id='word_1_45' title='bbox 1168 973 1340 1055; x_wconf 84' lang='lat' dir='ltr'>scripsisse</span> 
     </span>
     <span class='ocr_line' id='line_1_7' title="bbox 190 1079 1340 1162; baseline 0.001 -19"><span class='ocrx_word' id='word_1_46' title='bbox 190 1082 322 1162; x_wconf 86' lang='lat' dir='ltr'>opinor:</span> <span class='ocrx_word' id='word_1_47' title='bbox 363 1082 579 1162; x_wconf 68' lang='lat' dir='ltr'>intersaepti</span> <span class='ocrx_word' id='word_1_48' title='bbox 618 1082 891 1158; x_wconf 85' lang='lat' dir='ltr'>munimentis,</span> <span class='ocrx_word' id='word_1_49' title='bbox 932 1080 963 1143; x_wconf 90' lang='lat' dir='ltr'>id</span> <span class='ocrx_word' id='word_1_50' title='bbox 998 1086 1110 1144; x_wconf 85' lang='lat' dir='ltr'>antem</span> <span class='ocrx_word' id='word_1_51' title='bbox 1142 1102 1163 1143; x_wconf 87' lang='lat' dir='ltr'>a</span> <span class='ocrx_word' id='word_1_52' title='bbox 1195 1079 1340 1144; x_wconf 83' lang='lat' dir='ltr'>librariis</span> 
     </span>
     <span class='ocr_line' id='line_1_8' title="bbox 189 1187 1339 1270; baseline -0.001 -19"><span class='ocrx_word' id='word_1_53' title='bbox 189 1195 353 1252; x_wconf 90' lang='lat' dir='ltr'>mutatum</span> <span class='ocrx_word' id='word_1_54' title='bbox 376 1211 463 1268; x_wconf 83' lang='lat' dir='ltr'>esse,</span> <span class='ocrx_word' id='word_1_55' title='bbox 495 1191 627 1254; x_wconf 87' lang='lat' dir='ltr'>minime</span> <span class='ocrx_word' id='word_1_56' title='bbox 658 1210 734 1252; x_wconf 87' lang='lat' dir='ltr'>rara</span> <span class='ocrx_word' id='word_1_57' title='bbox 760 1188 823 1252; x_wconf 84' lang='lat' dir='ltr'>hac</span> <span class='ocrx_word' id='word_1_58' title='bbox 852 1188 955 1252; x_wconf 89' lang='lat' dir='ltr'>totius</span> <span class='ocrx_word' id='word_1_59' title='bbox 985 1197 1018 1252; x_wconf 91' lang='lat' dir='ltr'>et</span> <span class='ocrx_word' id='word_1_60' title='bbox 1041 1189 1182 1270; x_wconf 90' lang='lat' dir='ltr'>partium</span> <span class='ocrx_word' id='word_1_61' title='bbox 1206 1187 1339 1270; x_wconf 89' lang='lat' dir='ltr'>copula-</span> 
     </span>
     <span class='ocr_line' id='line_1_9' title="bbox 190 1295 1214 1381; baseline -0.002 -21"><span class='ocrx_word' id='word_1_62' title='bbox 190 1298 278 1361; x_wconf 91' lang='lat' dir='ltr'>tione</span> <span class='ocrx_word' id='word_1_63' title='bbox 302 1297 557 1381; x_wconf 81' lang='lat' dir='ltr'>(Intersaepti</span> <span class='ocrx_word' id='word_1_64' title='bbox 578 1332 622 1341; x_wconf 92' lang='lat'><em>-</em></span> <span class='ocrx_word' id='word_1_65' title='bbox 644 1319 736 1379; x_wconf 87' lang='lat' dir='ltr'>pars</span> <span class='ocrx_word' id='word_1_66' title='bbox 758 1296 882 1379; x_wconf 87' lang='lat' dir='ltr'>parti)</span> <span class='ocrx_word' id='word_1_67' title='bbox 906 1295 1046 1360; x_wconf 87' lang='lat' dir='ltr'>offensis.</span> <span class='ocrx_word' id='word_1_68' title='bbox 1091 1296 1214 1376; x_wconf 77' lang='lat'>(1875.)</span> 
     </span>
    </p>

    <p class='ocr_par' dir='ltr' id='par_1_5' title="bbox 184 1403 1339 2784">
     <span class='ocr_line' id='line_1_10' title="bbox 242 1403 1339 1487; baseline 0 -21"><span class='ocrx_word' id='word_1_69' title='bbox 242 1419 247 1428; x_wconf 86' lang='lat'><strong>·</strong></span> <span class='ocrx_word' id='word_1_70' title='bbox 276 1403 413 1486; x_wconf 65' lang='lat' dir='ltr'>dapes,</span> <span class='ocrx_word' id='word_1_71' title='bbox 428 1411 462 1468; x_wconf 84' lang='lat'>2:</span> <span class='ocrx_word' id='word_1_72' title='bbox 481 1404 711 1486; x_wconf 84' lang='lat' dir='ltr'>L.l&#39;apirius</span> <span class='ocrx_word' id='word_1_73' title='bbox 729 1406 761 1467; x_wconf 90' lang='lat' dir='ltr'>is</span> <span class='ocrx_word' id='word_1_74' title='bbox 778 1403 872 1482; x_wconf 82' lang='lat' dir='ltr'>fuit3</span> <span class='ocrx_word' id='word_1_75' title='bbox 897 1405 961 1468; x_wconf 90' lang='lat' dir='ltr'>cui</span> <span class='ocrx_word' id='word_1_76' title='bbox 980 1426 1094 1487; x_wconf 91' lang='lat' dir='ltr'>quum</span> <span class='ocrx_word' id='word_1_77' title='bbox 1114 1403 1339 1467; x_wconf 82' lang='lat' dir='ltr'>scO.Publi-</span> 
     </span>
     <span class='ocr_line' id='line_1_11' title="bbox 190 1512 1339 1595; baseline 0.001 -20"><span class='ocrx_word' id='word_1_78' title='bbox 190 1513 329 1575; x_wconf 88' lang='lat' dir='ltr'>lius-</span> <span class='ocrx_word' id='word_1_79' title='bbox 347 1534 485 1576; x_wconf 90' lang='lat' dir='ltr'>nexum</span> <span class='ocrx_word' id='word_1_80' title='bbox 505 1512 707 1590; x_wconf 85' lang='lat' dir='ltr'>dedisset,</span> <span class='ocrx_word' id='word_1_81' title='bbox 731 1533 816 1595; x_wconf 78' lang='lat' dir='ltr'>qum</span> <span class='ocrx_word' id='word_1_82' title='bbox 840 1519 935 1577; x_wconf 83' lang='lat' dir='ltr'>aetas</span> <span class='ocrx_word' id='word_1_83' title='bbox 958 1512 1169 1595; x_wconf 86' lang='lat' dir='ltr'>formaque</span> <span class='ocrx_word' id='word_1_84' title='bbox 1187 1513 1339 1576; x_wconf 90' lang='lat' dir='ltr'>miseri·</span> 
     </span>
     <span class='ocr_line' id='line_1_12' title="bbox 190 1619 1339 1704; baseline 0.001 -21"><span class='ocrx_word' id='word_1_85' title='bbox 190 1621 368 1684; x_wconf 87' lang='lat' dir='ltr'>cordiam</span> <span class='ocrx_word' id='word_1_86' title='bbox 387 1621 539 1684; x_wconf 85' lang='lat' dir='ltr'>elicere</span> <span class='ocrx_word' id='word_1_87' title='bbox 557 1626 726 1703; x_wconf 86' lang='lat' dir='ltr'>poterat</span> <span class='ocrx_word' id='word_1_88' title='bbox 744 1619 820 1701; x_wconf 88' lang='lat' dir='ltr'>(scr.</span> <span class='ocrx_word' id='word_1_89' title='bbox 835 1643 910 1684; x_wconf 90' lang='lat' dir='ltr'>cnm</span> <span class='ocrx_word' id='word_1_90' title='bbox 927 1621 1036 1684; x_wconf 60' lang='lat' dir='ltr'>licut</span> <span class='ocrx_word' id='word_1_91' title='bbox 1055 1620 1272 1704; x_wconf 85' lang='lat' dir='ltr'>poteraut),</span> <span class='ocrx_word' id='word_1_92' title='bbox 1291 1621 1339 1684; x_wconf 89' lang='lat' dir='ltr'>ad</span> 
     </span>
     <span class='ocr_line' id='line_1_13' title="bbox 189 1728 1338 1808; baseline 0.001 -17"><span class='ocrx_word' id='word_1_93' title='bbox 189 1728 402 1792; x_wconf 89' lang='lat' dir='ltr'>libidinem</span> <span class='ocrx_word' id='word_1_94' title='bbox 445 1735 484 1792; x_wconf 90' lang='lat' dir='ltr'>ot</span> <span class='ocrx_word' id='word_1_95' title='bbox 519 1728 804 1792; x_wconf 83' lang='lat' dir='ltr'>contumelium</span> <span class='ocrx_word' id='word_1_96' title='bbox 847 1729 1017 1793; x_wconf 89' lang='lat' dir='ltr'>animum</span> <span class='ocrx_word' id='word_1_97' title='bbox 1047 1729 1338 1808; x_wconf 88' lang='lat' dir='ltr'>accenderunt;</span> 
     </span>
     <span class='ocr_line' id='line_1_14' title="bbox 189 1835 1337 1918; baseline -0.001 -18"><span class='ocrx_word' id='word_1_98' title='bbox 189 1835 258 1918; x_wconf 87' lang='lat' dir='ltr'>[ut]</span> <span class='ocrx_word' id='word_1_99' title='bbox 284 1837 428 1902; x_wconf 86' lang='lat' dir='ltr'>florem</span> <span class='ocrx_word' id='word_1_100' title='bbox 446 1837 582 1900; x_wconf 71' lang='lat' dir='ltr'>aetatis</span> <span class='ocrx_word' id='word_1_101' title='bbox 601 1837 877 1901; x_wconf 90' lang='lat' dir='ltr'>eiusfruotnm</span> <span class='ocrx_word' id='word_1_102' title='bbox 895 1837 1173 1900; x_wconf 85' lang='lat' dir='ltr'>adventicium</span> <span class='ocrx_word' id='word_1_103' title='bbox 1191 1837 1337 1901; x_wconf 90' lang='lat' dir='ltr'>crediti</span> 
     </span>
     <span class='ocr_line' id='line_1_15' title="bbox 187 1945 1337 2028; baseline -0.001 -20"><span class='ocrx_word' id='word_1_104' title='bbox 187 1952 302 2008; x_wconf 86' lang='lat' dir='ltr'>retus</span> <span class='ocrx_word' id='word_1_105' title='bbox 336 1946 464 2028; x_wconf 87' lang='lat' dir='ltr'>primo</span> <span class='ocrx_word' id='word_1_106' title='bbox 498 1945 696 2028; x_wconf 88' lang='lat' dir='ltr'>pellicere</span> <span class='ocrx_word' id='word_1_107' title='bbox 734 1945 1038 2009; x_wconf 78' lang='lat' dir='ltr'>adolescentem</span> <span class='ocrx_word' id='word_1_108' title='bbox 1066 1965 1249 2008; x_wconf 89' lang='lat' dir='ltr'>sermone</span> <span class='ocrx_word' id='word_1_109' title='bbox 1278 1945 1337 2007; x_wconf 91' lang='lat' dir='ltr'>in-</span> 
     </span>
     <span class='ocr_line' id='line_1_16' title="bbox 188 2051 1336 2134; baseline -0.001 -18"><span class='ocrx_word' id='word_1_110' title='bbox 188 2060 300 2117; x_wconf 90' lang='lat' dir='ltr'>cesto</span> <span class='ocrx_word' id='word_1_111' title='bbox 330 2060 391 2117; x_wconf 88' lang='lat' dir='ltr'>est</span> <span class='ocrx_word' id='word_1_112' title='bbox 419 2059 589 2117; x_wconf 90' lang='lat' dir='ltr'>conatus</span> <span class='ocrx_word' id='word_1_113' title='bbox 612 2059 673 2116; x_wconf 89' lang='lat' dir='ltr'>cet.</span> <span class='ocrx_word' id='word_1_114' title='bbox 719 2052 838 2117; x_wconf 88' lang='lat' dir='ltr'>Notavi</span> <span class='ocrx_word' id='word_1_115' title='bbox 860 2074 982 2130; x_wconf 85' lang='lat' dir='ltr'>vocem,</span> <span class='ocrx_word' id='word_1_116' title='bbox 1011 2074 1084 2134; x_wconf 86' lang='lat' dir='ltr'>quae</span> <span class='ocrx_word' id='word_1_117' title='bbox 1107 2051 1254 2115; x_wconf 86' lang='lat' dir='ltr'>tollenda</span> <span class='ocrx_word' id='word_1_118' title='bbox 1276 2058 1336 2129; x_wconf 86' lang='lat' dir='ltr'>est,</span> 
     </span>
     <span class='ocr_line' id='line_1_17' title="bbox 188 2158 1337 2243; baseline -0.002 -19"><span class='ocrx_word' id='word_1_119' title='bbox 188 2168 262 2225; x_wconf 90' lang='lat' dir='ltr'>orta</span> <span class='ocrx_word' id='word_1_120' title='bbox 287 2183 327 2224; x_wconf 88' lang='lat' dir='ltr'>ex</span> <span class='ocrx_word' id='word_1_121' title='bbox 349 2161 472 2224; x_wconf 85' lang='lat' dir='ltr'>ultimis</span> <span class='ocrx_word' id='word_1_122' title='bbox 496 2160 616 2224; x_wconf 89' lang='lat' dir='ltr'>litteris</span> <span class='ocrx_word' id='word_1_123' title='bbox 639 2160 729 2223; x_wconf 88' lang='lat' dir='ltr'>verbi</span> <span class='ocrx_word' id='word_1_124' title='bbox 752 2161 1032 2225; x_wconf 87' lang='lat' dir='ltr'>accenderunt</span> <span class='ocrx_word' id='word_1_125' title='bbox 1049 2158 1337 2243; x_wconf 85' lang='lat' dir='ltr'>(quemadmodum</span> 
     </span>
     <span class='ocr_line' id='line_1_18' title="bbox 188 2267 1336 2356; baseline -0.002 -23"><span class='ocrx_word' id='word_1_126' title='bbox 188 2270 242 2356; x_wconf 70' lang='lat' dir='ltr'>Ill,</span> <span class='ocrx_word' id='word_1_127' title='bbox 259 2275 288 2347; x_wconf 83' lang='lat'>2,</span> <span class='ocrx_word' id='word_1_128' title='bbox 313 2269 357 2349; x_wconf 79' lang='lat'>4).</span> <span class='ocrx_word' id='word_1_129' title='bbox 403 2268 454 2332; x_wconf 93' lang='lat' dir='ltr'>Ut</span> <span class='ocrx_word' id='word_1_130' title='bbox 477 2274 595 2331; x_wconf 83' lang='lat' dir='ltr'>ratus</span> <span class='ocrx_word' id='word_1_131' title='bbox 618 2289 677 2351; x_wconf 91' lang='lat' dir='ltr'>pro</span> <span class='ocrx_word' id='word_1_132' title='bbox 696 2276 810 2332; x_wconf 84' lang='lat' dir='ltr'>ratus</span> <span class='ocrx_word' id='word_1_133' title='bbox 829 2269 884 2348; x_wconf 90' lang='lat' dir='ltr'>(ut</span> <span class='ocrx_word' id='word_1_134' title='bbox 902 2269 967 2349; x_wconf 90' lang='lat' dir='ltr'>qui</span> <span class='ocrx_word' id='word_1_135' title='bbox 985 2267 1164 2351; x_wconf 86' lang='lat' dir='ltr'>putaret)</span> <span class='ocrx_word' id='word_1_136' title='bbox 1185 2268 1336 2332; x_wconf 90' lang='lat' dir='ltr'>Latinum</span> 
     </span>
     <span class='ocr_line' id='line_1_19' title="bbox 187 2374 1337 2459; baseline -0.001 -19"><span class='ocrx_word' id='word_1_137' title='bbox 187 2400 250 2442; x_wconf 95' lang='lat' dir='ltr'>non</span> <span class='ocrx_word' id='word_1_138' title='bbox 291 2386 357 2455; x_wconf 84' lang='lat' dir='ltr'>est3</span> <span class='ocrx_word' id='word_1_139' title='bbox 399 2377 586 2459; x_wconf 86' lang='lat' dir='ltr'>superiores</span> <span class='ocrx_word' id='word_1_140' title='bbox 627 2376 770 2441; x_wconf 89' lang='lat' dir='ltr'>editores</span> <span class='ocrx_word' id='word_1_141' title='bbox 804 2376 894 2457; x_wconf 90' lang='lat' dir='ltr'>(ante</span> <span class='ocrx_word' id='word_1_142' title='bbox 928 2375 1182 2457; x_wconf 78' lang='lat' dir='ltr'>Alsclresskium)</span> <span class='ocrx_word' id='word_1_143' title='bbox 1217 2374 1337 2440; x_wconf 89' lang='lat' dir='ltr'>substi-</span> 
     </span>
     <span class='ocr_line' id='line_1_20' title="bbox 186 2484 1336 2567; baseline -0.002 -17"><span class='ocrx_word' id='word_1_144' title='bbox 186 2493 321 2550; x_wconf 84' lang='lat' dir='ltr'>tuerent</span> <span class='ocrx_word' id='word_1_145' title='bbox 349 2494 402 2564; x_wconf 90' lang='lat' dir='ltr'>et;</span> <span class='ocrx_word' id='word_1_146' title='bbox 436 2485 494 2549; x_wconf 89' lang='lat' dir='ltr'>sed</span> <span class='ocrx_word' id='word_1_147' title='bbox 523 2485 625 2549; x_wconf 89' lang='lat' dir='ltr'>multo</span> <span class='ocrx_word' id='word_1_148' title='bbox 654 2486 777 2549; x_wconf 89' lang='lat' dir='ltr'>rectius</span> <span class='ocrx_word' id='word_1_149' title='bbox 806 2486 876 2549; x_wconf 89' lang='lat' dir='ltr'>siue</span> <span class='ocrx_word' id='word_1_150' title='bbox 905 2484 1068 2567; x_wconf 88' lang='lat' dir='ltr'>particula</span> <span class='ocrx_word' id='word_1_151' title='bbox 1095 2485 1242 2549; x_wconf 89' lang='lat' dir='ltr'>narratio</span> <span class='ocrx_word' id='word_1_152' title='bbox 1272 2485 1336 2548; x_wconf 88' lang='lat' dir='ltr'>sin-</span> 
     </span>
     <span class='ocr_line' id='line_1_21' title="bbox 184 2593 1336 2677; baseline -0.003 -18"><span class='ocrx_word' id='word_1_153' title='bbox 184 2596 333 2677; x_wconf 90' lang='lat' dir='ltr'>gulorum</span> <span class='ocrx_word' id='word_1_154' title='bbox 362 2595 521 2658; x_wconf 78' lang='lat' dir='ltr'>universae</span> <span class='ocrx_word' id='word_1_155' title='bbox 548 2594 596 2657; x_wconf 88' lang='lat' dir='ltr'>rei</span> <span class='ocrx_word' id='word_1_156' title='bbox 620 2593 850 2675; x_wconf 88' lang='lat' dir='ltr'>significationi</span> <span class='ocrx_word' id='word_1_157' title='bbox 873 2593 935 2674; x_wconf 82' lang='lat' dir='ltr'>(ad</span> <span class='ocrx_word' id='word_1_158' title='bbox 958 2593 1074 2657; x_wconf 92' lang='lat' dir='ltr'>libid.</span> <span class='ocrx_word' id='word_1_159' title='bbox 1097 2629 1140 2638; x_wconf 93' lang='lat'><strong>—</strong></span> <span class='ocrx_word' id='word_1_160' title='bbox 1162 2594 1336 2657; x_wconf 88' lang='lat' dir='ltr'>animum</span> 
     </span>
     <span class='ocr_line' id='line_1_22' title="bbox 186 2682 699 2784; baseline -0.008 -16"><span class='ocrx_word' id='word_1_161' title='bbox 186 2682 477 2783; x_wconf 85' lang='lat' dir='ltr'>accenderunt)</span> <span class='ocrx_word' id='word_1_162' title='bbox 500 2702 699 2784; x_wconf 86' lang='lat' dir='ltr'>adiungitur.</span> 
     </span>
    </p>

    <p class='ocr_par' dir='ltr' id='par_1_6' title="bbox 182 2809 1336 4295">
     <span class='ocr_line' id='line_1_23' title="bbox 272 2809 1334 2894; baseline -0.002 -19"><span class='ocrx_word' id='word_1_163' title='bbox 272 2809 350 2894; x_wconf 86' lang='lat' dir='ltr'>Cap.</span> <span class='ocrx_word' id='word_1_164' title='bbox 375 2815 430 2888; x_wconf 70' lang='lat'>29,</span> <span class='ocrx_word' id='word_1_165' title='bbox 463 2814 518 2872; x_wconf 88' lang='lat'>13:</span> <span class='ocrx_word' id='word_1_166' title='bbox 553 2809 762 2874; x_wconf 90' lang='lat' dir='ltr'>Postremo</span> <span class='ocrx_word' id='word_1_167' title='bbox 793 2811 845 2891; x_wconf 89' lang='lat' dir='ltr'>(D.</span> <span class='ocrx_word' id='word_1_168' title='bbox 870 2810 983 2874; x_wconf 90' lang='lat' dir='ltr'>Iunius</span> <span class='ocrx_word' id='word_1_169' title='bbox 1012 2809 1133 2873; x_wconf 89' lang='lat' dir='ltr'>Brutus</span> <span class='ocrx_word' id='word_1_170' title='bbox 1161 2809 1277 2873; x_wconf 89' lang='lat' dir='ltr'>consul</span> <span class='ocrx_word' id='word_1_171' title='bbox 1306 2830 1334 2873; x_wconf 86' lang='lat' dir='ltr'>a.</span> 
     </span>
     <span class='ocr_line' id='line_1_24' title="bbox 186 2917 1335 3001; baseline 0.001 -22"><span class='ocrx_word' id='word_1_172' title='bbox 186 2926 247 2982; x_wconf 72' lang='lat'>325</span> <span class='ocrx_word' id='word_1_173' title='bbox 271 2941 300 2981; x_wconf 85' lang='lat' dir='ltr'>a.</span> <span class='ocrx_word' id='word_1_174' title='bbox 325 2918 400 2981; x_wconf 83' lang='lat' dir='ltr'>Chr.</span> <span class='ocrx_word' id='word_1_175' title='bbox 425 2917 546 2980; x_wconf 88' lang='lat' dir='ltr'>bellum</span> <span class='ocrx_word' id='word_1_176' title='bbox 569 2918 603 2980; x_wconf 94' lang='lat' dir='ltr'>in</span> <span class='ocrx_word' id='word_1_177' title='bbox 626 2917 771 2982; x_wconf 88' lang='lat' dir='ltr'>Vestinis</span> <span class='ocrx_word' id='word_1_178' title='bbox 794 2919 924 3001; x_wconf 87' lang='lat' dir='ltr'>gerens)</span> <span class='ocrx_word' id='word_1_179' title='bbox 948 2918 1099 3001; x_wconf 89' lang='lat' dir='ltr'>oppida</span> <span class='ocrx_word' id='word_1_180' title='bbox 1122 2939 1277 3001; x_wconf 87' lang='lat' dir='ltr'>quoque</span> <span class='ocrx_word' id='word_1_181' title='bbox 1299 2918 1335 2980; x_wconf 89' lang='lat' dir='ltr'>vi</span> 
     </span>
     <span class='ocr_line' id='line_1_25' title="bbox 186 3023 1336 3108; baseline 0 -20"><span class='ocrx_word' id='word_1_182' title='bbox 186 3046 419 3108; x_wconf 83' lang='lat' dir='ltr'>expugnare</span> <span class='ocrx_word' id='word_1_183' title='bbox 449 3023 626 3102; x_wconf 87' lang='lat' dir='ltr'>adortus,</span> <span class='ocrx_word' id='word_1_184' title='bbox 649 3027 776 3106; x_wconf 86' lang='lat' dir='ltr'>primo</span> <span class='ocrx_word' id='word_1_185' title='bbox 800 3024 988 3089; x_wconf 85' lang='lat' dir='ltr'>Cutinam</span> <span class='ocrx_word' id='word_1_186' title='bbox 1011 3026 1168 3107; x_wconf 86' lang='lat' dir='ltr'>ingenti</span> <span class='ocrx_word' id='word_1_187' title='bbox 1192 3024 1336 3088; x_wconf 89' lang='lat' dir='ltr'>ardore</span> 
     </span>
     <span class='ocr_line' id='line_1_26' title="bbox 185 3130 1335 3215; baseline -0.001 -20"><span class='ocrx_word' id='word_1_188' title='bbox 185 3132 361 3195; x_wconf 90' lang='lat' dir='ltr'>militum</span> <span class='ocrx_word' id='word_1_189' title='bbox 390 3136 459 3194; x_wconf 89' lang='lat' dir='ltr'>aut</span> <span class='ocrx_word' id='word_1_190' title='bbox 486 3130 694 3196; x_wconf 87' lang='lat' dir='ltr'>vulnerum</span> <span class='ocrx_word' id='word_1_191' title='bbox 723 3133 794 3210; x_wconf 84' lang='lat' dir='ltr'>ira,</span> <span class='ocrx_word' id='word_1_192' title='bbox 828 3131 932 3215; x_wconf 93' lang='lat' dir='ltr'>qnod</span> <span class='ocrx_word' id='word_1_193' title='bbox 966 3131 1074 3195; x_wconf 89' lang='lat' dir='ltr'>haud</span> <span class='ocrx_word' id='word_1_194' title='bbox 1108 3133 1192 3195; x_wconf 87' lang='lat' dir='ltr'>sere</span> <span class='ocrx_word' id='word_1_195' title='bbox 1226 3132 1335 3212; x_wconf 88' lang='lat' dir='ltr'>quis·</span> 
     </span>
     <span class='ocr_line' id='line_1_27' title="bbox 186 3237 1336 3322; baseline -0.002 -19"><span class='ocrx_word' id='word_1_196' title='bbox 186 3261 301 3322; x_wconf 72' lang='lat' dir='ltr'>(luam</span> <span class='ocrx_word' id='word_1_197' title='bbox 330 3239 490 3320; x_wconf 87' lang='lat' dir='ltr'>integer</span> <span class='ocrx_word' id='word_1_198' title='bbox 518 3238 675 3321; x_wconf 90' lang='lat' dir='ltr'>proelio</span> <span class='ocrx_word' id='word_1_199' title='bbox 708 3238 820 3321; x_wconf 88' lang='lat' dir='ltr'>(paulo</span> <span class='ocrx_word' id='word_1_200' title='bbox 849 3244 925 3301; x_wconf 90' lang='lat' dir='ltr'>aute</span> <span class='ocrx_word' id='word_1_201' title='bbox 953 3237 1055 3318; x_wconf 84' lang='lat' dir='ltr'>facto)</span> <span class='ocrx_word' id='word_1_202' title='bbox 1085 3245 1336 3315; x_wconf 81' lang='lat' dir='ltr'>excesserat,</span> 
     </span>
     <span class='ocr_line' id='line_1_28' title="bbox 185 3344 1335 3428; baseline -0.001 -17"><span class='ocrx_word' id='word_1_203' title='bbox 185 3347 313 3411; x_wconf 84' lang='lat' dir='ltr'>scalis</span> <span class='ocrx_word' id='word_1_204' title='bbox 342 3347 459 3428; x_wconf 90' lang='lat' dir='ltr'>cepit.</span> <span class='ocrx_word' id='word_1_205' title='bbox 510 3346 595 3410; x_wconf 89' lang='lat' dir='ltr'>Mira</span> <span class='ocrx_word' id='word_1_206' title='bbox 623 3351 675 3410; x_wconf 88' lang='lat' dir='ltr'>est</span> <span class='ocrx_word' id='word_1_207' title='bbox 704 3344 773 3408; x_wconf 85' lang='lat' dir='ltr'>heeo</span> <span class='ocrx_word' id='word_1_208' title='bbox 803 3345 996 3426; x_wconf 89' lang='lat' dir='ltr'>compositio</span> <span class='ocrx_word' id='word_1_209' title='bbox 1019 3367 1058 3410; x_wconf 88' lang='lat' dir='ltr'>ac</span> <span class='ocrx_word' id='word_1_210' title='bbox 1082 3346 1241 3410; x_wconf 90' lang='lat' dir='ltr'>diiunctio</span> <span class='ocrx_word' id='word_1_211' title='bbox 1264 3346 1335 3426; x_wconf 87' lang='lat' dir='ltr'>(ar-</span> 
     </span>
     <span class='ocr_line' id='line_1_29' title="bbox 185 3451 1334 3544; baseline 0.002 -27"><span class='ocrx_word' id='word_1_212' title='bbox 185 3454 279 3518; x_wconf 90' lang='lat' dir='ltr'>dore</span> <span class='ocrx_word' id='word_1_213' title='bbox 303 3454 476 3517; x_wconf 91' lang='lat' dir='ltr'>militum</span> <span class='ocrx_word' id='word_1_214' title='bbox 500 3460 569 3518; x_wconf 88' lang='lat' dir='ltr'>aut</span> <span class='ocrx_word' id='word_1_215' title='bbox 591 3453 799 3517; x_wconf 89' lang='lat' dir='ltr'>vulnerum</span> <span class='ocrx_word' id='word_1_216' title='bbox 822 3451 905 3534; x_wconf 85' lang='lat' dir='ltr'>ira),</span> <span class='ocrx_word' id='word_1_217' title='bbox 934 3454 1028 3544; x_wconf 84' lang='lat' dir='ltr'>quasi</span> <span class='ocrx_word' id='word_1_218' title='bbox 1051 3453 1195 3518; x_wconf 84' lang='lat' dir='ltr'>dubitari</span> <span class='ocrx_word' id='word_1_219' title='bbox 1219 3456 1334 3537; x_wconf 79' lang='lat' dir='ltr'>possit,</span> 
     </span>
     <span class='ocr_line' id='line_1_30' title="bbox 184 3561 1334 3644; baseline 0.003 -21"><span class='ocrx_word' id='word_1_220' title='bbox 184 3568 292 3625; x_wconf 89' lang='lat' dir='ltr'>utrum</span> <span class='ocrx_word' id='word_1_221' title='bbox 315 3562 424 3638; x_wconf 85' lang='lat' dir='ltr'>fuerit,</span> <span class='ocrx_word' id='word_1_222' title='bbox 459 3568 493 3626; x_wconf 89' lang='lat' dir='ltr'>et</span> <span class='ocrx_word' id='word_1_223' title='bbox 527 3563 622 3644; x_wconf 87' lang='lat' dir='ltr'>quasi</span> <span class='ocrx_word' id='word_1_224' title='bbox 655 3562 866 3625; x_wconf 83' lang='lat' dir='ltr'>vulnerum</span> <span class='ocrx_word' id='word_1_225' title='bbox 899 3561 959 3624; x_wconf 85' lang='lat' dir='ltr'>ira</span> <span class='ocrx_word' id='word_1_226' title='bbox 994 3583 1014 3624; x_wconf 88' lang='lat' dir='ltr'>a</span> <span class='ocrx_word' id='word_1_227' title='bbox 1047 3561 1251 3626; x_wconf 86' lang='lat' dir='ltr'>militibus</span> <span class='ocrx_word' id='word_1_228' title='bbox 1285 3584 1334 3627; x_wconf 90' lang='lat' dir='ltr'>se-</span> 
     </span>
     <span class='ocr_line' id='line_1_31' title="bbox 184 3669 1334 3753; baseline 0.002 -20"><span class='ocrx_word' id='word_1_229' title='bbox 184 3671 296 3734; x_wconf 88' lang='lat' dir='ltr'>iuncta</span> <span class='ocrx_word' id='word_1_230' title='bbox 314 3671 374 3748; x_wconf 89' lang='lat' dir='ltr'>sit;</span> <span class='ocrx_word' id='word_1_231' title='bbox 392 3669 519 3748; x_wconf 88' lang='lat' dir='ltr'>mirum,</span> <span class='ocrx_word' id='word_1_232' title='bbox 536 3670 693 3751; x_wconf 90' lang='lat' dir='ltr'>ingenti</span> <span class='ocrx_word' id='word_1_233' title='bbox 711 3670 917 3734; x_wconf 87' lang='lat' dir='ltr'>vulnerum</span> <span class='ocrx_word' id='word_1_234' title='bbox 937 3671 998 3734; x_wconf 88' lang='lat' dir='ltr'>ira</span> <span class='ocrx_word' id='word_1_235' title='bbox 1015 3671 1088 3753; x_wconf 88' lang='lat' dir='ltr'>capi</span> <span class='ocrx_word' id='word_1_236' title='bbox 1106 3670 1229 3735; x_wconf 88' lang='lat' dir='ltr'>urbem.</span> <span class='ocrx_word' id='word_1_237' title='bbox 1259 3671 1334 3735; x_wconf 81' lang='lat' dir='ltr'>l&#39;er·</span> 
     </span>
     <span class='ocr_line' id='line_1_32' title="bbox 184 3777 1333 3862; baseline 0.002 -20"><span class='ocrx_word' id='word_1_238' title='bbox 184 3779 332 3860; x_wconf 90' lang='lat' dir='ltr'>spicuum</span> <span class='ocrx_word' id='word_1_239' title='bbox 356 3784 419 3855; x_wconf 88' lang='lat' dir='ltr'>est,</span> <span class='ocrx_word' id='word_1_240' title='bbox 455 3778 570 3842; x_wconf 87' lang='lat' dir='ltr'>urbem</span> <span class='ocrx_word' id='word_1_241' title='bbox 599 3778 696 3843; x_wconf 84' lang='lat' dir='ltr'>scalis</span> <span class='ocrx_word' id='word_1_242' title='bbox 725 3785 856 3862; x_wconf 87' lang='lat' dir='ltr'>captam</span> <span class='ocrx_word' id='word_1_243' title='bbox 885 3777 950 3842; x_wconf 92' lang='lat' dir='ltr'>dici</span> <span class='ocrx_word' id='word_1_244' title='bbox 973 3779 1096 3861; x_wconf 86' lang='lat' dir='ltr'>ingenti</span> <span class='ocrx_word' id='word_1_245' title='bbox 1119 3780 1258 3843; x_wconf 89' lang='lat' dir='ltr'>militnm</span> <span class='ocrx_word' id='word_1_246' title='bbox 1282 3793 1333 3844; x_wconf 83' lang='lat' dir='ltr'>ar·-</span> 
     </span>
     <span class='ocr_line' id='line_1_33' title="bbox 185 3885 1333 3970; baseline 0.003 -21"><span class='ocrx_word' id='word_1_247' title='bbox 185 3885 279 3964; x_wconf 85' lang='lat' dir='ltr'>dore,</span> <span class='ocrx_word' id='word_1_248' title='bbox 315 3907 387 3949; x_wconf 91' lang='lat' dir='ltr'>eum</span> <span class='ocrx_word' id='word_1_249' title='bbox 410 3892 520 3950; x_wconf 87' lang='lat' dir='ltr'>autem</span> <span class='ocrx_word' id='word_1_250' title='bbox 543 3886 695 3951; x_wconf 88' lang='lat' dir='ltr'>ardorem</span> <span class='ocrx_word' id='word_1_251' title='bbox 718 3908 757 3951; x_wconf 83' lang='lat' dir='ltr'>ex</span> <span class='ocrx_word' id='word_1_252' title='bbox 779 3887 950 3950; x_wconf 83' lang='lat' dir='ltr'>vulnerum</span> <span class='ocrx_word' id='word_1_253' title='bbox 972 3887 1022 3950; x_wconf 85' lang='lat' dir='ltr'>ira</span> <span class='ocrx_word' id='word_1_254' title='bbox 1044 3894 1160 3952; x_wconf 90' lang='lat' dir='ltr'>ortum.</span> <span class='ocrx_word' id='word_1_255' title='bbox 1216 3888 1333 3970; x_wconf 87' lang='lat' dir='ltr'>Itaque</span> 
     </span>
     <span class='ocr_line' id='line_1_34' title="bbox 184 3993 1332 4076; baseline 0.003 -19"><span class='ocrx_word' id='word_1_256' title='bbox 184 3994 363 4076; x_wconf 82' lang='lat' dir='ltr'>scripserat</span> <span class='ocrx_word' id='word_1_257' title='bbox 387 3993 511 4058; x_wconf 90' lang='lat' dir='ltr'>Livius:</span> <span class='ocrx_word' id='word_1_258' title='bbox 541 3995 698 4076; x_wconf 88' lang='lat' dir='ltr'>ingenti</span> <span class='ocrx_word' id='word_1_259' title='bbox 721 3995 866 4060; x_wconf 87' lang='lat' dir='ltr'>ardore</span> <span class='ocrx_word' id='word_1_260' title='bbox 889 3993 1064 4058; x_wconf 92' lang='lat' dir='ltr'>militum</span> <span class='ocrx_word' id='word_1_261' title='bbox 1088 4014 1105 4055; x_wconf 81' lang='lat' dir='ltr'>a</span> <span class='ocrx_word' id='word_1_262' title='bbox 1128 3996 1332 4060; x_wconf 83' lang='lat' dir='ltr'>vulnerum</span> 
     </span>
     <span class='ocr_line' id='line_1_35' title="bbox 183 4101 1333 4185; baseline 0.005 -21"><span class='ocrx_word' id='word_1_263' title='bbox 183 4102 254 4179; x_wconf 86' lang='lat' dir='ltr'>ire,</span> <span class='ocrx_word' id='word_1_264' title='bbox 285 4123 343 4165; x_wconf 89' lang='lat' dir='ltr'>suo</span> <span class='ocrx_word' id='word_1_265' title='bbox 366 4101 422 4165; x_wconf 92' lang='lat' dir='ltr'>illo</span> <span class='ocrx_word' id='word_1_266' title='bbox 445 4103 687 4185; x_wconf 73' lang='lat' dir='ltr'>praepositionis</span> <span class='ocrx_word' id='word_1_267' title='bbox 711 4103 757 4167; x_wconf 88' lang='lat' dir='ltr'>ab</span> <span class='ocrx_word' id='word_1_268' title='bbox 781 4124 852 4180; x_wconf 85' lang='lat' dir='ltr'>usu,</span> <span class='ocrx_word' id='word_1_269' title='bbox 878 4123 943 4184; x_wconf 87' lang='lat' dir='ltr'>quo</span> <span class='ocrx_word' id='word_1_270' title='bbox 966 4102 1006 4166; x_wconf 89' lang='lat' dir='ltr'>de</span> <span class='ocrx_word' id='word_1_271' title='bbox 1029 4123 1129 4166; x_wconf 84' lang='lat' dir='ltr'>causa</span> <span class='ocrx_word' id='word_1_272' title='bbox 1151 4111 1184 4169; x_wconf 89' lang='lat' dir='ltr'>et</span> <span class='ocrx_word' id='word_1_273' title='bbox 1208 4105 1333 4185; x_wconf 86' lang='lat' dir='ltr'>origine</span> 
     </span>
     <span class='ocr_line' id='line_1_36' title="bbox 182 4209 1331 4295; baseline 0.006 -21"><span class='ocrx_word' id='word_1_274' title='bbox 182 4210 324 4295; x_wconf 90' lang='lat' dir='ltr'>ponitur.</span> <span class='ocrx_word' id='word_1_275' title='bbox 362 4209 532 4276; x_wconf 88' lang='lat' dir='ltr'>Simillime</span> <span class='ocrx_word' id='word_1_276' title='bbox 555 4209 638 4276; x_wconf 84' lang='lat' dir='ltr'>dixit</span> <span class='ocrx_word' id='word_1_277' title='bbox 658 4211 773 4292; x_wconf 85' lang='lat' dir='ltr'>XXIV,</span> <span class='ocrx_word' id='word_1_278' title='bbox 796 4217 846 4291; x_wconf 85' lang='lat'>30,</span> <span class='ocrx_word' id='word_1_279' title='bbox 874 4215 906 4274; x_wconf 94' lang='lat' dir='ltr'>l:</span> <span class='ocrx_word' id='word_1_280' title='bbox 931 4211 1331 4281; x_wconf 85' lang='lat' dir='ltr'>Marcellus-tanto</span> 
     </span>
    </p>
   </div>
   <div class='ocr_carea' id='block_1_5' title="bbox 0 0 1508 4756">
    <p class='ocr_par' dir='ltr' id='par_1_7' title="bbox 0 0 1508 4756">
     <span class='ocr_line' id='line_1_37' title="bbox 0 0 1508 4756; baseline 0 2"><span class='ocrx_word' id='word_1_281' title='bbox 0 0 1508 4756; x_wconf 95' lang='lat' dir='ltr'> </span> 
     </span>
    </p>
   </div>
  </div>
 </body>
</html>
