3060 5272
234 371 297 426 Lib.
316 370 401 427 XLII.
780 359 841 418 640

236 543 312 623 (vid.
337 544 379 607 ad
402 543 458 621 ΙΙΙ,
484 548 510 609 1.
536 542 568 622 5)
591 541 876 607 Weissenbornius
906 542 1080 608 emendare
1103 542 1388 623 voluit,'scribens

235 652 458 717 advocatus
482 660 519 715 et
542 650 813 715 centuriones.
860 649 924 714 Sed
946 651 1041 715 nimis
1064 652 1149 716 nude
1175 652 1296 717 dicitur
1319 651 1384 717 ad·

235 768 401 825 vocatus
436 769 468 823 ct
491 780 589 842 prave
618 766 694 823 ante
724 759 812 841 ipsos
842 759 1049 824 centuriones
1072 760 1249 825 advocatus
1272 780 1387 825 eorum

234 869 430 934 nominatur.
475 867 591 951 ltaque
617 866 798 931 Gronovius
823 867 1045 932 advocatus
1074 867 1387 934 centurionibus

235 977 334 1042 scribi
353 976 467 1054 voluit;
502 975 559 1040 sed
587 976 633 1039 sio
664 975 726 1058 ipsi
750 976 957 1040 centuriones
985 997 1120 1059 prorsus
1143 976 1387 1042 submoventur.

235 1085 372 1150 Accedit
395 1084 438 1148 ad
461 1092 580 1160 cetere,
603 1104 675 1164 quae
699 1082 940 1148 dubitationem
962 1083 1099 1163 habent,
1122 1085 1209 1168 quod
1233 1086 1315 1151 satis
1337 1085 1386 1149 in·
1430 1139 1433 1143 ,

235 1194 404 1259 corumode
427 1194 568 1277 primum
591 1191 632 1255 ll.
656 1190 814 1274 Popillius
839 1191 1017 1256 advocatus
1040 1194 1228 1258 nominatur
1258 1201 1291 1258 et
1314 1194 1386 1258 uni·

236 1325 327 1368 verse
351 1302 530 1366 consularis
553 1299 747 1383 appellatur,
783 1299 900 1364 deinde
929 1307 1003 1383 post
1032 1301 1113 1366 duos
1137 1322 1262 1379 versus,
1292 1303 1387 1386 quemi

236 1412 380 1477 nondum
403 1408 605 1492 significatus
630 1409 680 1483 sit,
704 1410 751 1472 sic
768 1408 949 1472 inducitur:
975 1408 1047 1473 Pro
1071 1409 1387 1475 centurionibus

236 1517 279 1582 M.
303 1518 516 1601 Popillius,
550 1517 617 1599 qui
652 1517 811 1591 biennio
846 1526 938 1580 ante
973 1518 1116 1582 consul
1146 1519 1293 1593 fuerat,
1327 1519 1388 1583 ita

237 1626 358 1691 verba
380 1625 489 1691 lecit.
524 1624 601 1689 Haec
624 1624 703 1688 mihi
727 1624 948 1689 consideranti
968 1624 1079 1689 Livius
1100 1626 1228 1690 videtur
1245 1627 1387 1710 primum

236 1734 462 1799 tantummodo
485 1755 540 1797 eos
563 1733 757 1813 nominasse,
783 1754 865 1816 quos
888 1735 974 1797 inter
997 1732 1200 1798 certabatur:
1224 1734 1277 1798 Eo
1301 1755 1387 1799 cen·

237 1843 419 1906 turioncs
443 1849 480 1906 et
504 1840 648 1906 consul
672 1852 878 1909 venerunt,
903 1840 1029 1919 deinde,
1052 1842 1249 1923 procedente
1274 1864 1386 1906 narra-

237 1951 342 2029 tione,
377 1970 477 2032 quum
511 1950 674 2013 contionis
705 1949 870 2014 advocatae
893 1950 1014 2013 mentio
1044 1950 1132 2013 lacta
1154 1959 1254 2029 esset,
1278 1950 1387 2034 Popil-

237 2058 316 2123 lium
350 2078 630 2122 commemorasse.
676 2057 842 2121 Librarius
876 2055 1010 2139 aliquis,
1046 2058 1101 2141 qui
1136 2079 1246 2122 omnes
1280 2058 1387 2141 primo

238 2168 350 2232 statim
373 2165 446 2230 loco
469 2166 629 2230 nominari
653 2165 764 2241 vellet,
788 2165 930 2230 addidit:
966 2165 1008 2230 M.
1032 2166 1122 2250 Pop.
1148 2165 1387 2230 consularis

239 2275 478 2352 advocatus,
511 2272 561 2338 vel
584 2275 694 2357 potius
719 2272 780 2338 hoc
808 2281 912 2338 totum
943 2295 982 2338 ex
1006 2275 1219 2339 adnotat-ione
1249 2273 1388 2356 margini

239 2382 280 2447 ad
304 2390 530 2465 argumentum
554 2381 765 2446 indicandum
787 2382 969 2466 adscripta,
1005 2382 1119 2465 quales
1149 2379 1331 2465 permultas
1355 2383 1387 2445 in

239 2491 345 2575 prima
372 2489 494 2554 decade
522 2490 819 2570 animadvertimus,
843 2500 950 2555 ortum
972 2497 1030 2555 est.
1081 2489 1165 2554 Nam
1195 2489 1385 2554 huiusmodi

240 2598 464 2662 adnotationis
492 2596 633 2661 alterum
662 2597 844 2681 exemplum
872 2598 1174 2662 manifestissimum
1202 2606 1332 2662 tenetur
1354 2599 1389 2661 iu

239 2705 295 2769 lib.
330 2704 425 2781 XLV,
454 2709 504 2783 tl,
531 2709 544 2766 1
578 2706 625 2768 sic
655 2704 736 2767 Livii
769 2705 876 2770 verbis
910 2706 1389 2788 intermixtae:Quamqua1n

240 2813 287 2879 ol)
312 2833 425 2895 quam
448 2812 479 2876 h.
503 2813 626 2896 [saulo
651 2815 756 2877 ratio
780 2813 891 2889 (scrib.
915 2813 951 2881 L.
975 2813 1089 2878 Pauli
1113 2814 1260 2895 oratio)
1284 2814 1334 2877 ad
1358 2837 1389 2897 p.

239 2942 264 2985 r.
289 2919 512 2985 felicitate.

154 3009 227 3078 (⁵²9)
331 3028 408 3113 Cap.
433 3033 481 3107 34,
507 3033 544 3092 15
568 3030 614 3109 (in
637 3030 783 3094 oratioue
813 3029 866 3113 Sp.
894 3030 1057 3113 Ligustini
1087 3031 1303 3107 centurionis,
1334 3029 1392 3094 ubi

240 3139 477 3204 commilitones
494 3137 696 3221 adloquitur)
721 3160 785 3202 non
807 3139 911 3217 vide0,
935 3139 1012 3222 quid
1035 3138 1142 3203 iuliis
1165 3137 1287 3203 verbis:
1311 3137 1394 3202 etsi

241 3247 545 3332 appellationis
573 3245 686 3310 vobis
709 3248 921 3329 usurpatis
954 3248 1015 3311 ius
1039 3246 1167 3311 dativus
1191 3246 1392 3329 pronominis

242 3356 304 3421 sibi
338 3355 432 3434 velit,
465 3375 525 3418 nec
559 3353 803 3418 centurionibus
836 3355 1001 3438 peculiare
1030 3354 1091 3419 fuit
1114 3354 1303 3439 appellandi
1326 3355 1388 3432 ius,

241 3463 330 3546 quod
353 3471 559 3546 usurparent.
605 3460 715 3526 Codex
737 3461 851 3527 habet:
876 3463 951 3526 etsi
974 3461 1295 3545 appellationem
1321 3483 1393 3527 uos

241 3571 452 3655 usurpatis
490 3571 569 3649 ius,
612 3569 817 3635 efficiendum
862 3577 948 3634 erat:
990 3571 1068 3634 etsi
1108 3570 1395 3655 appellatione

242 3686 428 3745 uestrum
451 3678 668 3760 usurpatis
696 3679 805 3757 ius.¹)

268 3881 294 3946 ¹)
314 3880 345 3935 In
369 3879 419 3949 §9
447 3897 509 3949 quae
536 3881 623 3935 verba
649 3880 791 3935 Dukerum
819 3879 995 3935 offenderunt
1022 3881 1198 3950 (deinceps
1225 3882 1294 3947 bis,
1323 3898 1397 3950 qnae

312 3983 421 4020 annua
439 3966 621 4019 merebant
638 3966 813 4035 legiones,
832 3965 1016 4035 stipendia
1038 3966 1134 4031 leci),
1153 3983 1185 4018 ea
1203 3966 1398 4035 intellegenda

312 4058 380 4121 puto
409 4053 443 4105 de
469 4052 571 4105 militia
592 4053 623 4105 in
651 4052 684 4104 iis
710 4052 883 4121 legionibus,
910 4069 972 4121 quae
999 4052 1028 4104 in
1053 4049 1139 4103 Italia
1166 4052 1315 4118 quotannis
1345 4051 1396 4104 ad·

314 4154 409 4191 versus
428 4136 523 4190 Gallos
541 4136 715 4206 Liguresque
735 4144 763 4191 et
781 4144 812 4191 ut
830 4138 866 4192 ad
885 4138 980 4192 urbem
995 4145 1101 4205 paratae
1118 4142 1219 4203 essent,
1239 4136 1400 4191 scribeban-

314 4234 360 4276 tur
379 4228 407 4275 et
425 4227 524 4276 aestate
542 4223 713 4277 circumacta
731 4223 957 4290 dimittebantur,
982 4238 1068 4289 eaque
1088 4221 1228 4291 stipendia
1246 4222 1281 4277 ab
1301 4221 1335 4276 iis
1353 4240 1397 4277 sc·
