3060 5272
240 362 302 418 Lib.
319 361 407 418 XLII.
788 351 849 414 652

241 536 521 601 Alexandrum
543 535 769 615 vocabant,
797 537 1017 604 naturalis
1048 544 1151 604 erat.
1197 534 1325 603 Codex:
1348 532 1397 601 fi·

240 643 322 709 lios
345 643 455 725 duos,
479 645 595 710 cuius
618 645 681 711 vel
699 665 869 728 quorum
888 668 986 731 pars
1009 645 1237 730 Philippus
1259 650 1331 724 cet,
1355 663 1397 709 ex

241 772 308 836 que
322 751 408 830 ,alia
425 752 552 818 Livium
571 753 742 837 scripsisse
758 761 859 837 atque
878 754 975 838 vulgo
994 754 1175 838 legantur“,
1188 757 1279 819 recte
1290 752 1397 818 Weis-

242 859 437 927 senbornius
452 859 626 940 iudicavit3
650 862 832 945 scripserat
849 869 967 943 autem,
990 863 1115 945 opinor,
1138 863 1199 927 sic:
1221 859 1397 928 —filios

241 968 361 1048 duos,
386 969 506 1034 ouius
529 969 634 1051 paule
656 968 882 1054 Philippus
912 977 1066 1036 natura
1088 970 1241 1048 frater,
1264 968 1396 1054 adob-

239 1079 358 1143 tione
388 1076 526 1156 filius,
554 1079 686 1143 minor
709 1085 769 1143 cet.
814 1078 893 1144 Par
916 1078 1058 1145 filiorum
1081 1085 1209 1162 patrem
1233 1078 1395 1163 cingebat.

242 1183 403 1270 Corrupto
426 1187 545 1271 paris
567 1188 714 1264 nomine,
733 1205 834 1271 quum
857 1188 975 1252 cuius
994 1187 1037 1252 ad
1060 1186 1182 1253 filios
1201 1186 1305 1252 duos
1322 1186 1397 1251 viti·

242 1315 297 1361 ose
319 1294 436 1360 referri
458 1294 642 1371 rideretur,
672 1294 787 1360 addita
814 1296 1003 1362 coniectura
1025 1302 1092 1361 est:
1116 1296 1181 1360 vel
1215 1315 1396 1380 quorum.

241 1401 431 1486 Philippum
453 1403 609 1467 maiorem
631 1402 741 1482 fuisse,
765 1409 881 1470 notate-
903 1404 937 1468 in
961 1403 1066 1471 altero
1091 1411 1172 1469 aetas
1187 1405 1268 1470 satis
1285 1410 1395 1468 osten·

242 1509 351 1590 debat,
375 1518 413 1574 ut
436 1511 545 1576 omitti
567 1512 697 1595 maior
720 1518 810 1577 recte
833 1519 953 1597 posset.

329 1617 408 1702 Cap.
433 1622 483 1699 53,
509 1624 543 1683 1:
578 1619 704 1698 Quum
734 1640 983 1703 peromnem
1007 1621 1244 1686 orationem
1268 1618 1395 1702 (Persei

242 1725 332 1810 apud
354 1727 547 1810 exercitum)
578 1730 684 1793 satis
706 1727 927 1813 frequenti
951 1728 1136 1793 adsensu
1160 1729 1396 1794 succlama-

242 1842 324 1900 tum
348 1841 465 1913 esset,
488 1841 574 1900 tum
596 1856 688 1902 vero
712 1858 758 1903 ea
776 1837 1028 1903 vociferatio
1048 1835 1166 1901 simul
1182 1835 1396 1920 indignan-

242 1945 340 2008 tium
373 1944 734 2028 minitantiumque
767 1980 810 1990 -
843 1952 983 2011 exorta
1012 1951 1087 2024 est,
1111 1953 1154 2010 ut
1177 1950 1240 2010 cet.
1284 1943 1397 2026 Miror,

241 2053 299 2135 qui
322 2072 434 2118 omnes
457 2051 625 2133 fefellerit,
649 2060 726 2138 post
747 2061 828 2119 tum
856 2074 949 2120 rere
973 2053 1154 2119 desiderari
1178 2055 1248 2119 eius
1269 2059 1397 2137 tempo·

240 2161 287 2225 ris
310 2162 423 2245 puncti
446 2160 733 2244 significationem,
765 2185 832 2247 quo
863 2184 990 2229 summa
1018 2162 1210 2228 uociferatio
1242 2168 1317 2229 orta
1350 2162 1396 2228 sit

241 2266 455 2350 (contrarium
482 2256 564 2335 illis:
599 2292 668 2355 per
702 2291 852 2336 omnem
885 2271 1135 2351 orationem);
1169 2290 1278 2354 neque
1307 2271 1394 2335 enim

241 2384 321 2442 tum
344 2399 435 2444 vero
459 2384 511 2445 est
532 2387 614 2444 tum
637 2401 726 2446 vero
751 2386 845 2458 tum,
869 2380 957 2463 quod
975 2381 1086 2463 'ipsum
1108 2377 1247 2444 ridicule
1271 2377 1396 2444 dicere·

241 2493 304 2552 tur.
349 2486 481 2552 Excidit
503 2487 617 2571 igitur:
652 2487 701 2552 ad
728 2486 809 2552 haec
838 2493 1020 2552 extrema
1049 2495 1107 2552 aut
1130 2487 1235 2552 simile
1258 2486 1394 2572 aliquid.

327 2592 404 2679 Gap.
429 2600 478 2675 54,
502 2599 520 2659 3
545 2593 599 2675 (de
623 2595 868 2679 oppugnatione
893 2595 1005 2679 oppidi
1027 2594 1219 2678 Mylarum):
1253 2595 1397 2661 Multi-

240 2702 337 2768 tudo
359 2701 620 2768 Macedonum
642 2702 693 2767 ad
716 2701 967 2768 subeundum
986 2703 1025 2766 in
1048 2703 1171 2768 vicem
1194 2704 1397 2787 proelium

239 2808 349 2875 haud
372 2810 611 2875 difficulter
634 2811 892 2876 succedebat.
928 2809 1014 2888 Quid
1037 2811 1081 2879 sit
1103 2812 1324 2879 succedere
1346 2811 1397 2878 ad

240 2918 491 2984 subeundum
513 2918 692 3003 proelium,
716 2920 843 3000 nescio;
875 2919 1092 2986 succedere
1123 2920 1281 3004 proelio
1305 2921 1397 3001 novi3

241 3026 417 3092 difficultas
440 3028 572 3111 quidem
596 3028 790 3095 succedendi
813 3030 1001 3095 necessario
1025 3030 1168 3112 pertinet
1186 3028 1229 3094 ad
1249 3027 1314 3094 leci
1337 3029 1397 3093 ini·

241 3137 416 3221 quitatem,
441 3157 506 3202 non
529 3136 572 3202 ad
594 3139 798 3220 paucitatem
825 3137 1120 3203 multitudinemve.
1166 3135 1277 3202 Codex
1297 3136 1400 3202 habet

240 3244 424 3312 sedebat.
470 3245 686 3312 Scribendum
709 3267 780 3312 esse
804 3253 862 3311 aut
891 3246 1146 3330 suppetebat
1180 3253 1238 3311 aut
1272 3244 1397 3312 suffi-

240 3353 389 3434 ciebat,
413 3355 622 3438 perspicuum
646 3361 695 3419 est
718 3356 817 3420 etiam
841 3375 880 3419 ex
903 3354 1064 3421 similibus
1082 3352 1173 3423 locis.
1196 3354 1254 3419 ubi
1272 3375 1398 3439 oppug-

153 3472 224 3540 (540)
243 3465 393 3528 nantium
432 3462 743 3548 defendentiumquc
781 3464 887 3546 impar
920 3483 1073 3527 numerus
1113 3469 1398 3530 commemoratur.

238 3569 395 3652 Sequitur
418 3570 449 3654 (ξ
472 3571 521 3653 4);
556 3572 766 3655 oppidani,
802 3570 965 3655 depulsi
995 3571 1140 3649 muris,
1169 3571 1218 3636 ad
1240 3577 1399 3656 portam

234 3679 427 3745 tuendam
456 3664 718 3745 concurrunt.
764 3680 902 3744 Frustra
930 3678 1079 3762 profecto
1107 3687 1238 3762 portam
1266 3684 1398 3745 tueren-

234 3791 306 3865 tur,
343 3788 371 3851 si
392 3787 507 3853 hostes
529 3788 596 3852 iam
624 3789 725 3854 muris
747 3789 847 3872 potiti
870 3794 997 3864 essent,
1032 3808 1091 3852 nec
1120 3794 1238 3872 postes
1267 3787 1398 3853 demum

234 3894 264 3978 (ἓ
284 3895 316 3977 5)
339 3917 411 3979 per
434 3902 640 3979 patentem
663 3905 819 3980 portam
841 3895 955 3963 hostes
976 3896 1103 3979 accepti
1119 3901 1239 3974 essent,
1264 3897 1292 3960 si
1310 3917 1399 3961 nune
1440 3953 1447 3964 .

232 4004 298 4068 iam
317 4006 420 4069 muris
445 4004 627 4090 oppidanos
651 4004 864 4088 depulissent.
894 4004 932 4068 In
957 4003 1068 4069 codice
1091 4002 1261 4067 scribitur:
1287 4005 1399 4088 oppi·

234 4111 330 4177 dani
354 4112 611 4197 depulmoris
643 4112 690 4178 ad
721 4118 882 4195 portam
912 4121 973 4177 cet.
1020 4113 1131 4177 Livius
1159 4112 1275 4193 igitur,
1308 4111 1400 4196 quod

239 4240 292 4285 res
315 4220 478 4303 postulat,
507 4220 681 4306 depulsum
705 4222 807 4286 muris
835 4221 996 4304 impetum
1023 4220 1187 4299 narravit;
1221 4219 1399 4285 verborum
