3060 5272
237 385 298 440 Lib.
316 385 412 439 XLIV.
780 375 841 436 698

233 557 431 623 Macedones
455 565 588 641 possent
611 581 815 643 quorumque
846 558 1091 624 multitudinem
1114 560 1176 643 ipsi
1199 582 1267 625 non
1289 562 1385 627 time·

228 674 315 730 rent:
349 666 586 749 Apparebat
608 667 807 746 omnibus,
841 667 1066 733 mercedem
1096 667 1383 735 multitudinis

227 774 371 839 timere
393 795 465 839 nec
487 775 707 857 quidquam
726 775 855 854 aliud3
878 776 945 840 sed
964 797 1083 858 quum
1103 776 1275 842 suadere
1293 798 1382 843 con·

227 880 380 947 sulenti
413 903 523 947 nemo
558 883 746 962 auderet,
780 884 1012 949 remittitur
1045 884 1285 967 Antigonus,
1319 893 1380 951 cet.

228 989 371 1054 Primum
394 992 428 1055 in
458 991 571 1055 codice
607 991 776 1056 scribitur:
810 992 1032 1057 mercedem
1066 991 1380 1075 multitudinem,

111 1105 118 1121 ⁴
226 1120 265 1163 ex
288 1119 353 1181 quo
376 1098 505 1164 facilius
528 1098 578 1164 fit:
614 1099 836 1165 mercedem
870 1101 909 1163 in
939 1100 1207 1166 multitudine
1235 1102 1380 1169 timere

225 1207 293 1289 (bei
327 1207 387 1271 der
419 1207 559 1289 Menge,-
580 1209 607 1272 si
648 1207 863 1273 multitutudo
904 1207 1170 1289 conduceretur);
1204 1209 1381 1276 videndum

226 1324 394 1398 praeterea,
417 1337 457 1380 ne
476 1317 613 1381 timeri
636 1317 745 1382 Livius
763 1317 945 1400 scripserim
968 1317 1061 1381 valde
1080 1317 1166 1380 enim
1184 1318 1265 1382 dure
1282 1320 1379 1383 omit·

224 1425 306 1488 titur
329 1445 421 1489 eum.
468 1425 532 1490 Sed
555 1426 684 1506 gravius
707 1426 848 1491 alterurn
870 1425 1033 1489 mendum.
1068 1424 1101 1489 Si
1125 1427 1214 1490 enim
1237 1425 1376 1493 Perseus

223 1553 338 1616 reapse
372 1555 448 1598 suos
482 1533 708 1610 consuluisset,
743 1534 850 1597 minus
884 1541 956 1598 erat
978 1533 1282 1617 reprehendendum
1316 1556 1378 1600 nec

132 1641 207 1709 (5⁷9l
227 1640 429 1724 intellegitur
447 1632 697 1723 significatui-ve,
721 1661 780 1705 cur
802 1663 897 1705 nemo
921 1663 1021 1706 ausus
1041 1643 1084 1705 sit
1102 1641 1285 1706 consulenti
1302 1662 1377 1707 sua·

224 1748 314 1828 dere;
340 1749 454 1814 saltem
478 1770 572 1814 vera
595 1750 770 1814 suadere
794 1749 968 1813 dicendum
992 1757 1077 1828 erat3
1101 1748 1159 1813 sed
1178 1751 1248 1832 ipse
1265 1749 1376 1815 Livius

223 1855 405 1940 (superiore
428 1857 574 1943 capite§
600 1855 652 1938 12)
676 1858 868 1942 apparuisse
892 1857 1012 1921 Perseo
1036 1857 1127 1934 dixit,
1150 1858 1229 1939 quid
1253 1879 1374 1938 omnes,

201 2014 204 2021 .
223 1966 251 2028 si
274 1965 468 2043 consuleret,
493 1967 620 2031 suasuri
643 1972 752 2031 essent
774 1966 834 2047 (ut,
857 1966 945 2047 quod
967 1964 1110 2042 nolebat,
1134 1967 1273 2048 pecunia
1296 1965 1375 2030 data

223 2073 392 2139 Gallorum
415 2097 515 2159 opera
538 2072 709 2154 uteretur).
743 2074 859 2156 Itaque
882 2074 1064 2138 consulenti
1087 2075 1155 2156 regi
1179 2080 1212 2138 et
1236 2074 1373 2140 suadere

222 2188 255 2245 et
273 2203 350 2247 vera
368 2182 506 2248 suadere
529 2185 637 2266 parati
660 2190 763 2247 erant.
798 2182 983 2265 Scripserat
1001 2182 1126 2246 Livius:
1146 2204 1262 2265 quum
1280 2203 1373 2246 sua·

222 2290 315 2356 dere
332 2310 403 2354 m
418 2293 648 2358 consulenti
665 2313 775 2357 nemo
795 2291 976 2357 auderet.
996 2290 1373 2374 Hocipsumdicit,Per·

220 2420 286 2471 sea,
305 2422 403 2482 quum
423 2403 531 2480 sciret,
549 2423 661 2466 omnes
673 2402 874 2465 contrarium
892 2401 931 2471 ei,
949 2399 1038 2482 quod
1058 2406 1198 2481 optaret,
1215 2420 1371 2465 suasuros

220 2528 298 2586 esse,
312 2516 506 2592 exprompta
519 2511 625 2592 ipsum
638 2510 783 2574 oratione
797 2508 836 2594 de
851 2508 1021 2573 Gallorum
1035 2507 1173 2590 perfidia
1184 2514 1217 2572 et
1229 2507 1371 2587 feritate,

219 2636 283 2680 non
317 2616 517 2681 consulendo
551 2624 668 2682 contra
701 2616 831 2681 dicendi
865 2617 974 2680 locum
1007 2636 1071 2679 non
1101 2614 1239 2680 dedisse.
1284 2615 1313 2679 N
1322 2637 1370 2680 on

219 2730 297 2787 ante
321 2744 390 2788 con
415 2726 525 2789 omissi
549 2745 611 2789 non
636 2745 713 2788 rara
735 2725 885 2807 exempla
906 2731 982 2788 sunt
1005 2731 1037 2788 et
1065 2724 1097 2787 in
1121 2724 1260 2788 aliorum
1282 2723 1371 2788 codi-

218 2830 312 2897 cibus
347 2840 380 2897 et
412 2833 445 2896 in
471 2833 568 2912 Livii,
604 2838 641 2897 ut
673 2832 713 2912 II,
743 2838 794 2905 45,
824 2838 843 2896 4
871 2833 904 2896 in
927 2833 1021 2911 Med,
1051 2833 1083 2896 in
1107 2830 1246 2895 Vindob.
1271 2830 1370 2909 XLII,

223 2946 270 3019 14,
293 2938 359 3020 8.¹)
405 2941 452 3006 De
482 2943 648 3007 contrario
678 2962 788 3006 errore
822 2941 889 3006 dixi
924 2941 963 3006 ad
994 2941 1047 3019 IV,
1070 2946 1098 3019 4,
1122 2945 1140 3004 9
1164 2963 1195 3023 p.
1220 2944 1271 3006 90.
1304 2939 1370 3003 Ex·

220 3219 265 3284 .¹)
283 3219 316 3273 ln
335 3219 475 3275 Ciceroris
503 3220 670 3275 Cluentiano
696 3238 718 3276 c.
738 3223 781 3287 45,
805 3223 852 3274 127
880 3222 1024 3275 verissime
1048 3220 1201 3273 Lambinus
1229 3221 1368 3276 restituit:
1390 3296 1392 3301 Ι

285 3308 352 3359 Ant
379 3306 468 3359 illud
495 3306 670 3373 adferant,
691 3306 826 3375 aliquid
853 3323 941 3372 sese,
970 3305 1060 3375 quod
1088 3305 1126 3358 de
1153 3305 1205 3358 his
1233 3306 1367 3360 duobus

284 3391 477 3445 habuerint
495 3396 723 3460 compertum,
751 3392 790 3445 de
810 3392 942 3446 ceteris
961 3409 1027 3445 non
1051 3392 1275 3459 comperisse,
1297 3410 1365 3462 pro:

285 3477 324 3530 de
343 3477 475 3532 ceteris
495 3478 716 3546 comperisse.
755 3476 880 3530 Postulat
900 3476 1006 3544 Cicero,
1027 3483 1058 3530 ut
1076 3476 1249 3544 ostendatur,
1268 3494 1367 3546 reapse

282 3580 412 3617 censores
440 3562 545 3632 aliquid
573 3563 713 3632 singulare
741 3564 769 3615 in
797 3562 907 3616 duobus
939 3563 992 3616 illis
1020 3562 1166 3627 iudicibus,
1194 3580 1265 3631 quos
1293 3563 1367 3618 solos

283 3649 454 3714 notaverint,
484 3648 665 3717 comperisse;
694 3648 816 3716 alioquin
843 3665 873 3702 ss
892 3646 1101 3701 adfirmatumm
1121 3646 1273 3716 significat,
1297 3649 1367 3702 nibil

284 3732 376 3785 valere
403 3732 478 3786 illam
502 3735 609 3788 incerto
636 3751 750 3787 rumore
773 3750 933 3803 expressam
958 3735 1140 3787 notationem.
1181 3730 1366 3801 Negationem

283 3817 442 3873 addendam
466 3837 540 3886 esse,
565 3819 609 3873 vel
633 3819 720 3872 solnm
740 3837 895 3888 pronomen
923 3819 1059 3889 aliquid
1078 3819 1210 3885 ostendit,
1238 3837 1291 3889 pro
1310 3836 1365 3889 quo

282 3905 407 3975 alioquin
433 3905 520 3959 idem
548 3905 697 3959 dicendum
717 3910 783 3959 erat.
821 3903 877 3959 Sed
904 3920 1018 3974 prorsus
1038 3904 1185 3959 ridiculum
1206 3911 1249 3958 est
1265 3914 1365 3974 postu·

281 3990 348 4056 lars,
368 3997 399 4044 ut
418 4008 548 4046 censores
572 3990 709 4055 adferant,
729 4007 759 4043 se
780 3991 856 4046 idem
879 3990 1046 4060 comperisse
1074 3989 1108 4042 de
1126 3991 1175 4046 iis,
1204 3990 1237 4043 de
1265 3991 1366 4061 quibus

282 4077 334 4141 ipsi
363 4077 506 4131 contraria
533 4076 689 4129 statuerint
727 4076 809 4146 Apnd
837 4077 972 4131 Senecam
999 4075 1079 4130 Rbet.
1108 4074 1237 4128 Contror.
1265 4075 1303 4141 Il,
1334 4079 1365 4130 12

281 4180 307 4232 p.
337 4166 385 4217 173
403 4163 464 4232 Bip.
493 4161 566 4231 [cum
587 4159 774 4230 Schultingio]
801 4163 992 4217 scribendum:
1019 4161 1056 4215 ln
1080 4161 1141 4214 hnc
1161 4167 1364 4216 controver-

281 4249 333 4302 sia
351 4249 457 4302 Latro
472 4249 680 4303 contrariam
700 4265 767 4302 rem
786 4265 852 4302 non
868 4248 1117 4303 controversie
1136 4247 1172 4314 (v.
1193 4264 1265 4301 rem
1284 4264 1362 4301 con·
