3008 4756
690 365 750 424 481
1107 375 1168 429 mu
1187 352 1300 431 xxxnss

146 567 249 610 causa
276 548 385 612 nescio
415 547 493 630 quid
521 547 592 611 ritii
617 546 789 626 odoratum
822 567 897 611 nam
925 548 958 610 in
987 547 1143 630 mancipii
1170 547 1300 611 nomine

146 674 324 735 numquam
347 676 408 719 usu
431 653 587 736 loquendi
611 674 650 718 ea
675 653 868 736 significatio
892 661 952 731 est,
975 673 1073 734 quam
1095 653 1299 717 lastinianus

147 760 350 842 etymologia
381 760 625 840 accommodam
659 762 770 844 itaque
800 762 930 844 captiva
957 760 1121 842 mancipia
1147 759 1299 822 universe

147 866 315 946 dicuntum
350 889 390 932 ea
419 868 581 951 quomodo
610 868 734 934 Setiam
763 868 926 944 venerint,
960 864 1163 949 significatur
1190 864 1298 929 verbis

146 975 194 1038 ab
229 974 343 1039 Setia
382 981 516 1059 empta
555 997 602 1039 ex
642 975 784 1059 pracda.
848 975 975 1055 (Vacua
1009 975 1131 1056 spatia,
1173 974 1299 1037 omissis

145 1082 263 1160 verbis,
288 1082 366 1146 Bin
384 1104 410 1146 c.
430 1086 471 1145 24
495 1083 560 1146 tria
583 1081 692 1159 habet,
717 1081 782 1146 duo
806 1081 907 1146 rerba
929 1082 997 1145 sine
1020 1081 1128 1163 spatio
1152 1079 1298 1159 omittit.)

148 1187 213 1251 Sed
247 1190 353 1254 oratio
389 1189 430 1253 ab
464 1188 631 1253 homiuum
665 1189 973 1253 commemoratione
1007 1186 1049 1252 ad
1082 1209 1150 1252 rem
1184 1187 1226 1251 ab
1260 1187 1299 1250 iis

146 1301 255 1359 aetam
278 1298 442 1361 transiens
464 1296 650 1360 necessario
674 1297 865 1378 pronomine
888 1294 1059 1359 vincienda
1082 1300 1213 1359 estant
1236 1295 1297 1358 sie:

146 1438 188 1446 —
212 1404 430 1487 mancipia3
466 1424 510 1466 ea
539 1424 655 1486 quum
685 1403 971 1467 coniuratione
1000 1408 1061 1466 cet.
1085 1409 1143 1466 aut
1171 1402 1233 1466 sic:
1256 1437 1299 1445 -

147 1511 364 1592 mancipia;
412 1530 495 1574 cum
536 1511 587 1573 iis
621 1530 737 1591 quum
772 1510 1102 1576 coniurationem
1137 1507 1297 1589 (obsides)

146 1623 206 1680 cet.
254 1616 378 1697 (1803.)

234 1723 311 1806 Cap.
336 1728 387 1802 28,
413 1730 447 1787 ll
473 1725 588 1788 vitiose
612 1723 733 1788 editur:
768 1745 940 1808 praeesse
964 1723 1076 1802 idem,
1106 1724 1174 1807 qui
1195 1744 1298 1807 prae·

147 1839 235 1895 erat
258 1831 398 1908 classi,
427 1832 461 1894 L.
487 1831 707 1907 Quinctius
732 1831 987 1895 Flamininus
1010 1832 1156 1895 iussus.
1213 1829 1297 1894 Nam

145 1938 284 2002 ridicule
314 1938 430 2003 classis
460 1939 631 2021 imperium
660 1944 694 2002 et
717 1940 878 2004 sociorum
901 1938 1065 2003 navalium
1088 1939 1298 2002 coniunctum

147 2045 285 2121 (licitur,
314 2046 409 2126 quasi
433 2047 580 2127 separari
604 2047 758 2128 potuerit.
810 2045 851 2108 B:
881 2066 1055 2127 praeesse
1079 2045 1205 2109 eidem
1228 2045 1297 2125 qui

146 2159 319 2234 praerat
342 2158 414 2230 cet,
438 2173 455 2216 e
479 2175 544 2235 quo
568 2152 710 2218 efficitur
727 2173 853 2217 verum:
878 2173 1050 2234 praeesse
1073 2151 1210 2229 eidem,
1234 2152 1296 2214 cui

147 2267 334 2341 praerat,
368 2260 402 2322 L.
435 2257 652 2335 Quinctius
688 2259 940 2323 Flamininus
974 2259 1121 2323 iussus.
1179 2258 1297 2336 LiriuS,

145 2374 399 2431 commemorato
428 2367 656 2449 supplemento
686 2367 847 2430 sociorum
875 2366 1056 2445 navalium,
1085 2367 1226 2430 classem
1247 2366 1296 2448 ip-

147 2493 216 2536 sam
239 2495 374 2538 numero
397 2475 527 2538 navium
551 2474 687 2538 eandem
710 2476 871 2539 mansisse
894 2474 982 2538 dicit.
1028 2471 1187 2554 (1863.)¹)

232 2580 310 2662 Cap.
335 2585 389 2659 31,
422 2585 564 2664 ssquum
593 2582 669 2645 olim
700 2602 852 2664 perverse
881 2581 1094 2646 scriberetur:
1130 2580 1295 2644 Litterae

145 2686 353 2751 consulum
388 2708 408 2751 a
441 2687 577 2752 Gallia
611 2688 656 2753 (le
690 2691 821 2771 gestis
855 2710 1050 2772 prospere
1085 2687 1156 2753 sub
1191 2687 1295 2752 idem

144 2800 302 2874 tempus
336 2794 494 2858 Romam
528 2797 692 2874 adlatae,
732 2817 817 2860 nuno
852 2818 869 2859 e
903 2796 929 2859 B
963 2796 1087 2861 editur:
1129 2794 1294 2860 L'itterae

144 2900 352 2963 consulum
397 2900 602 2965 amborum
648 2903 694 2965 de
739 2903 858 2967 rebus
904 2905 942 2966 in
984 2903 1121 2966 Gallia
1162 2903 1293 2985 gestis

145 3027 341 3089 prospere
375 3007 446 3070 sub
480 3008 587 3071 idem
614 3016 769 3090 tempus
799 3009 957 3073 Romam
987 3009 1149 3086 adlatae,
1185 3015 1294 3072 cetera

144 3114 314 3194 perspicue
343 3119 432 3177 recte
456 3113 512 3193 (-
534 3134 610 3177 uam
638 3104 672 3176 id
702 3115 808 3196 ipsum
836 3121 986 3192 notetur,
1021 3115 1192 3195 utriusque
1218 3135 1293 3178 con·

145 3220 239 3298 sulis‚
273 3240 372 3301 quum
402 3220 539 3284 dirersis
567 3220 649 3284 locis
679 3242 747 3283 rem
777 3223 969 3302 gessissent,
1004 3222 1118 3286 eodem
1147 3228 1294 3303 tempore

142 3326 269 3390 litteras
298 3326 428 3391 adlatas
458 3348 529 3391 esse
558 3325 629 3405 —);
663 3328 697 3390 in
732 3327 887 3393 adverbio
917 3348 1110 3411 prospere
1138 3328 1292 3392 mendum

143 3435 250 3515 arguit
279 3455 400 3517 pravus
428 3433 521 3498 locus
544 3435 574 3497 ei
597 3434 792 3526 adsignatus
816 3434 875 3514 (de
903 3435 1024 3499 rebus
1053 3437 1178 3517 gestis
1201 3457 1287 3519 pro·

143 3562 273 3624 spere,
309 3542 504 3624 interposito
538 3543 721 3624 praesertim
754 3543 793 3605 in
826 3542 993 3622 Gallia);
1027 3545 1138 3627 itaque
1173 3543 1291 3626 Kreys-

142 3713 176 3721 ᾳ
230 3716 258 3720 ..-
262 3713 370 3721 -...----

170 3814 195 3876 ¹)
214 3811 280 3880 Cap.
301 3814 348 3878 30,
375 3813 403 3865 8:
437 3811 525 3865 inid
550 3810 639 3865 sides
663 3813 741 3866 data
764 3814 902 3868 consuli
926 3821 989 3881 est,
1020 3815 1111 3868 utin
1135 3816 1207 3868 acie
1231 3821 1290 3867 aut

210 3899 438 3964 quiescerent
460 3901 531 3964 aut,
557 3897 583 3949 si
608 3914 674 3964 qua
697 3899 799 3951 etiam
822 3900 958 3952 occasio
982 3899 1124 3964 fnisset,
1148 3899 1289 3952 adiuva·

209 3989 285 4034 rent
303 3981 479 4035 Romanos.
518 3981 624 4034 Vellem
642 3981 737 4035 Livius
756 3983 927 4052 scripsisset:
955 3992 1013 4037 aut
1037 3985 1154 4048 etiam,
1180 3984 1288 4051 siqua

210 4067 349 4119 occasio
368 4066 508 4132 inisset,
534 4065 741 4119 adiuvarent
759 4066 937 4121 Romanos.
981 4068 1155 4122 Codd.recc.
1177 4069 1290 4136 siqua

127 4183 132 4191 ·
207 4155 244 4202 ut
262 4151 334 4203 iam.
371 4151 471 4216 (1863.)

1025 4256 1057 4308 31
