3060 5272
238 336 301 391 Lib.
320 335 406 390 XXII.
790 324 851 384 304

239 509 343 574 traria
365 507 553 573 referuntur
574 527 696 590 neque,
726 497 814 589 qued
836 513 938 590 caput
961 513 1019 587 est,
1049 507 1118 574 ullo
1142 507 1241 574 modo
1263 508 1401 576 verbum

239 637 423 682 manasse
457 616 588 680 variata
622 621 792 679 structura
822 621 857 679 et
887 616 1130 698 significatione
1157 615 1202 682 ad
1230 615 1295 682 dno
1324 617 1401 683 sub·

240 725 327 788 iecta
359 723 475 789 referri
508 724 543 788 in
577 723 718 788 duorum
750 722 975 806 prodigiorum
1009 723 1248 807 significatione
1277 732 1399 809 potest.

239 831 458 897 Desideratur
481 832 583 913 igitur
604 830 750 911 verbum,
773 829 862 914 quod
885 829 929 895 ad
952 831 1045 914 signa
1066 829 1251 897 referatur:
1284 833 1402 917 Itaque

239 939 441 1020 dubitanter,
472 939 531 1005 sed
554 940 703 1023 suspicor
725 945 835 1002 tamen
859 937 1067 1004 scribendum
1091 956 1176 1005 esse:
1210 946 1251 1005 ct
1273 941 1400 1009 multe

238 1069 381 1113 cruore
410 1049 526 1131 signa
552 1048 592 1112 in
622 1045 784 1112 Sabinis
812 1046 986 1126 sudasse,
1027 1053 1063 1109 et
1097 1068 1224 1130 aquas
1252 1055 1329 1130 cet,
1358 1056 1401 1114 ut

239 1163 415 1240 utrumque
453 1155 641 1240 prodigium
681 1155 715 1218 in
749 1154 880 1220 Sabinis
921 1153 1046 1219 lactum
1085 1162 1230 1239 putetur.
1292 1156 1401 1223 Semel

240 1265 364 1347 scripto
399 1284 477 1328 sex
509 1262 702 1328 udasseet
735 1263 815 1327 oriri
848 1267 982 1345 poterat
1010 1262 1156 1343 caedes,
1191 1265 1254 1329 etsi
1281 1263 1401 1330 vellem

239 1374 374 1456 propius
397 1371 440 1436 ad
462 1371 592 1436 litteras
617 1370 783 1436 accedere.
830 1369 955 1451 (1872.)

155 1492 224 1561 (249)
330 1479 427 1562 *Cap
453 1483 508 1557 38,
538 1482 556 1541 3
586 1478 653 1542 dixi
681 1485 756 1542 ante
786 1478 907 1543 multos
931 1477 1190 1562 annes.(0pusc.
1215 1479 1317 1545 Acad.
1340 1481 1400 1546 alt.

240 1611 272 1671 p.
296 1587 371 1668 360)
394 1586 604 1652 scribendum
628 1607 714 1651 esse:
738 1586 805 1650 ubi
829 1585 877 1649 ad
900 1584 1196 1652 decuriandum
1218 1596 1291 1654 aut
1313 1609 1400 1654 cen·

239 1694 479 1761 turiandum
503 1695 797 1759 convenissent
820 1715 880 1777 pro
904 1714 953 1773 eo,
976 1693 1065 1777 quod
1083 1694 1214 1761 codices
1232 1703 1265 1761 et
1282 1696 1400 1762 editio-

240 1824 297 1867 nes
320 1801 458 1868 habent:
483 1803 530 1867 ad
553 1803 808 1868 decuriatum
831 1809 901 1865 aut
927 1802 1215 1884 centuriatum,
1240 1804 1400 1886 gerundia

240 1911 368 1994 passive
386 1917 522 1993 accepto
541 1909 598 1990 (ut
615 1911 937 1975 decuriarentur
954 1917 1025 1975 aut
1041 1911 1400 1993 centuriarentur)‚

240 2040 302 2084 nec
337 2019 534 2084 sententiam
573 2025 674 2083 mute.
740 2017 824 2082 Nam
869 2017 957 2100 qued
995 2018 1100 2082 multa
1139 2017 1296 2084 dicuntur
1329 2041 1400 2085 esse

241 2125 429 2191 huiusmodi
464 2126 685 2203 substantiva,
727 2147 799 2210 quse
833 2148 897 2190 nno
932 2133 1061 2190 tantum
1095 2133 1154 2191 aut
1187 2126 1291 2192 altero
1325 2126 1399 2192 loco

239 2236 462 2318 reperiantur,
501 2234 536 2298 id
575 2233 616 2297 de
650 2233 794 2298 ablativo
830 2254 903 2298 cum
937 2235 1087 2315 genetivo
1121 2240 1179 2299 aut
1206 2235 1399 2318 prenomine

241 2344 348 2426 posito
377 2363 488 2406 verum
516 2348 581 2420 est3
616 2343 643 2406 si
678 2341 919 2406 decuriatus
952 2349 1011 2406 ant
1045 2342 1309 2407 centuriatus
1337 2363 1398 2427 pre

212 2452 325 2514 ,reris
349 2450 565 2515 substantivis
596 2448 657 2529 (ad
685 2448 767 2513 dec.
791 2447 1028 2530 convenire)
1057 2449 1098 2514 de
1121 2449 1262 2514 militum
1283 2450 1318 2514 in
1341 2450 1398 2515 de·

240 2559 349 2622 curias
384 2557 617 2640 centuriasque
651 2556 873 2639 descriptione
907 2557 1032 2641 usitata
1064 2557 1221 2636 luissent,
1254 2558 1308 2622 vix
1334 2558 1399 2624 hec

240 2686 305 2729 uno
328 2664 402 2730 loeo
424 2665 658 2748 reperirentur.
710 2663 823 2744 (Initio
852 2665 972 2747 capitis
996 2664 1172 2730 editiones:
1208 2665 1396 2731 consules

240 2792 394 2855 paucos
422 2773 571 2837 morati
600 2772 701 2850 dies,
736 2772 824 2837 dum
852 2773 955 2838 socii
984 2772 1032 2837 ab
1061 2774 1224 2839 nemine
1248 2772 1395 2838 Latino

239 2880 434 2945 venirent.
468 2879 624 2945 Milites
646 2886 728 2944 tum
750 2877 873 2959 (tunc)
898 2885 971 2959 eet,
995 2880 1129 2959 vitiose3
1152 2900 1229 2945 nam
1255 2887 1290 2946 et
1311 2901 1397 2946 nova

238 2987 402 3052 sententia
424 3009 444 3053 a
466 2995 548 3053 tum
570 2989 715 3070 incipere
739 2986 837 3052 debet
860 2993 894 3051 et
916 2989 1017 3052 socii
1036 3008 1057 3052 a
1073 2989 1232 3052 nomine
1249 2987 1395 3055 Latino

238 3116 321 3160 nove
349 3118 410 3179 pro
440 3096 568 3161 Latinis
597 3095 761 3161 dicuntur.
816 3094 889 3159 Put.
920 3093 1034 3160 habet:
1070 3094 1158 3160 dum
1192 3096 1319 3162 sociis
1347 3096 1395 3161 ab

237 3204 396 3268 nomine
419 3204 564 3269 Latino
587 3203 775 3268 venirent
796 3202 951 3267 milites
972 3210 1064 3268 tum.
1116 3201 1282 3268 Efficitur:
1307 3203 1395 3269 dum

237 3312 282 3373 sb
315 3313 442 3377 sociis
471 3319 513 3374 'sc
543 3333 640 3376 nom.
665 3311 746 3376 Lat.
770 3312 960 3375 venirent
988 3311 1151 3376 milites.
1207 3311 1303 3376 Tum
1331 3317 1394 3376 cet.

238 3416 255 3500 ᾗ
283 3423 303 3481 4
327 3417 498 3503 Ussingius
531 3417 765 3484 animadvertit
796 3419 909 3503 inepte
937 3419 1087 3502 copulari
1117 3419 1198 3483 nisi
1225 3419 1299 3484 teli
1329 3439 1394 3506 spu·

237 3526 371 3591 mendi
401 3533 469 3591 aut
498 3526 667 3609 petendi
690 3532 819 3591 etant
841 3526 975 3592 hostis
997 3525 1180 3592 feriendi
1203 3532 1272 3590 aut
1295 3525 1394 3591 civis

238 3634 427 3698 servandi
468 3654 591 3698 causa
630 3633 890 3717 particulamque
930 3640 968 3697 et
1006 3641 1097 3698 reete
1135 3634 1169 3698 in
1209 3632 1281 3697 edd.
1315 3637 1393 3699 vett.

237 3741 355 3806 omitti.
412 3741 477 3807 Sed
511 3747 672 3824 praterea
699 3747 758 3806 aut
786 3741 1029 3807 substantivum
1059 3740 1184 3806 excidit
1210 3741 1299 3824 apud
1327 3762 1393 3825 pe-

235 3847 353 3913 tendi
392 3857 451 3913 aut
484 3869 558 3913 curu
592 3848 746 3914 Creverio
780 3848 989 3914 scribendum
1023 3849 1256 3932 repetendi;
1295 3850 1393 3915 nimis

236 3956 322 4020 enim
345 3956 463 4039 putida
487 3963 538 4021 est
560 3956 709 4021 sumendi
733 3958 791 4021 teli
815 3962 849 4022 et
871 3956 1004 4040 petendi
1027 3956 1205 4022 distinctio.
1242 3954 1349 4037 1862.)

323 4062 403 4148 Cap.
440 4067 495 4144 39,
535 4066 553 4127 3
588 4063 636 4145 (in
659 4065 824 4144 eratione,
858 4085 925 4150 qua
958 4064 995 4142 Q.
1024 4064 1147 4130 Fabius
1169 4064 1332 4129 Maximus
1355 4060 1390 4125 L.

235 4169 404 4237 AEmilium
437 4171 577 4236 Paulum
612 4171 830 4254 adloquitur):
876 4180 1011 4238 tecum
1044 4208 1087 4220 -
1119 4192 1231 4255 quem
1271 4170 1391 4236 videa
