3060 5272
245 351 307 408 Lib.
326 353 425 408 XXVI.
789 344 851 405 384

243 524 374 604 stilia,
403 545 520 607 quum
548 526 744 605 fecerint,
773 526 1033 608 indignatur?
1068 524 1122 591 Sic
1150 527 1237 591 anim
1265 525 1397 593 codices

243 630 292 712 (P,
316 640 386 697 tum
408 633 452 711 M,
476 632 578 713 Voss,
602 634 683 715 alii),
706 634 830 712 addita,
855 655 927 718 quac
950 632 1045 716 uulgo
1069 632 1294 714 omittebatur,
1316 653 1397 699 roca

242 747 397 822 portas.
449 739 494 805 Ut
517 741 672 806 Gronovii
702 749 735 808 et
758 741 899 806 Rubenii
927 747 1064 806 conatus
1094 741 1261 820 omittam,
1289 741 1397 807 Weis-

243 847 445 927 senbornius,
467 847 702 915 Boettcherum
726 856 867 928 secutus,
889 848 999 914 locum
1016 854 1187 932 tamquam
1203 846 1398 933 lacunosum

242 955 290 1019 sic
324 954 503 1040 supplerit:
542 957 605 1021 sin
634 963 768 1023 autem
797 957 1060 1022 desciverunt
1089 977 1110 1020 a
1143 956 1292 1040 populo
1321 957 1398 1022 Ilo·

241 1084 370 1141 mano,
409 1063 598 1129 hostibus
632 1071 884 1148 aperuerunt
923 1070 1083 1148 portas,
1127 1062 1288 1147 lagatos
1327 1084 1397 1130 no·

242 1177 353 1237 atros
376 1178 447 1251 cet,
469 1172 503 1236 in
527 1193 591 1256 quo
615 1173 842 1257 supplemento
864 1173 953 1237 inter
975 1171 1191 1237 defectionem
1214 1177 1248 1236 et
1269 1170 1397 1254 legatos

241 1278 408 1345 Romanos
453 1281 553 1345 armis
598 1283 722 1364 petitos
765 1280 970 1345 incommode
1013 1279 1213 1345 interiicitur
1251 1279 1398 1345 hostium

241 1387 364 1452 mentio
394 1394 428 1452 ct
455 1408 573 1470 parum
600 1396 677 1472 apte
705 1395 830 1472 apertae
857 1386 1008 1452 hostibus
1038 1392 1142 1470 porta
1165 1393 1242 1451 ante
1265 1387 1398 1453 moenia

241 1494 357 1559 clausa
385 1502 697 1575 commemorantur,
732 1502 895 1578 praecepto
924 1496 1004 1574 iam,
1037 1494 1126 1576 quod
1148 1499 1264 1577 postea
1284 1493 1396 1559 serbis

242 1602 429 1666 exercitu
463 1600 866 1686 Carthaginiensium
900 1601 1112 1684 significatur.
1175 1599 1394 1667 Scribendum

241 1708 385 1773 videtur:
421 1710 483 1773 siu
511 1716 643 1775 autem
674 1711 941 1775 desciverunt
969 1730 1042 1792 ap.
1065 1710 1146 1786 Ro,
1176 1709 1211 1773 si
1233 1709 1397 1792 legatos

241 1822 406 1882 nostros
435 1816 544 1882 ferro
574 1824 696 1902 atque
727 1819 845 1882 armis
868 1818 1082 1900 petierunt
1112 1822 1189 1894 cet,
1219 1822 1257 1881 ut
1279 1836 1319 1881 ex
1340 1816 1396 1882 lit·

241 1926 321 1989 teris
346 1925 487 2008 aprosi
511 1932 621 1991 ortum
643 1926 726 1991 illud
749 1931 893 2009 portas
916 1924 1098 2009 putetur.¹)

152 2044 226 2111 (314)
331 2031 409 2116 Cap.
434 2036 485 2112 33,
510 2038 528 2096 3
552 2033 607 2115 (de
630 2033 835 2117 Campanisl:
870 2034 980 2097 cives
1002 2032 1217 2110 Romanos,
1247 2029 1398 2097 adfini·

242 2142 401 2207 tatibus
429 2141 650 2225 plerosque
680 2149 719 2206 ct
740 2140 982 2224 propinquis
1005 2140 1167 2204 iamiam
1190 2140 1396 2223 cognatio·

242 2250 360 2315 nibus
383 2272 428 2315 ex
451 2248 654 2315 connubio
677 2256 840 2314 vetusto
864 2248 1037 2313 iunctos.
1078 2247 1151 2312 Non
1173 2246 1297 2312 bonum
1319 2248 1397 2312 iam

240 2357 343 2440 (quod
366 2358 410 2422 ad
431 2364 580 2423 nostram
603 2364 734 2422 atatem
757 2356 882 2420 editum
906 2355 984 2436 est);
1007 2376 1110 2438 prava
1131 2361 1182 2419 est
1204 2355 1291 2419 enim
1313 2362 1395 2420 tem·

240 2466 330 2547 poris
359 2464 406 2545 (et
432 2465 481 2529 rei
504 2470 637 2530 mutatae
660 2471 718 2530 aut
740 2464 875 2528 maioris
898 2461 1032 2543 futurae)
1055 2461 1268 2546 significati03
1296 2462 1395 2546 plane

240 2591 430 2654 perversum
469 2572 640 2649 iamiam,
680 2572 769 2654 quod
807 2569 1031 2637 festinationis
1072 2578 1105 2636 et
1139 2569 1318 2635 celeritatis
1351 2569 1395 2635 ad

240 2675 386 2741 futurum
416 2679 596 2761 spectantis
625 2676 898 2760 significationem
927 2677 1037 2743 habet.
1089 2678 1123 2760 (J
1131 2684 1215 2743 etat
1237 2676 1394 2743 beraits

240 2805 348 2868 neque
370 2790 460 2850 recte
482 2786 621 2849 vertitur
642 2786 801 2849 iamiam
823 2806 947 2868 neque,
977 2807 1042 2868 quo
1066 2787 1232 2870 pertineat
1253 2786 1302 2852 rei
1325 2807 1394 2850 am·

204 2968 207 2973 .
240 2891 356 2975 plicris
389 2892 508 2957 futurae
543 2892 755 2976 significatiO,
789 2893 1015 2977 intellegitur.)
1076 2893 1184 2958 Unum
1218 2894 1283 2959 dici
1317 2900 1394 2978 apte

239 3006 385 3082 poterat:
421 3000 718 3066 adfinitatibus
746 3001 969 3085 plerosque
1000 3008 1039 3066 et
1066 3000 1169 3085 (quod
1198 3002 1306 3066 maius
1329 3000 1394 3083 est)

240 3109 484 3190 propinquis
513 3109 628 3171 etlam
652 3109 967 3193 cognationibus
988 3144 1033 3154 -
1053 3109 1232 3174 iunctos.
1278 3109 1393 3191 (Grou.

239 3216 315 3280 iam
349 3215 534 3298 etiam.)²)
590 3217 692 3283 Paulo
726 3224 804 3301 post
833 3216 864 3299 (ἓ
894 3217 926 3297 7)
960 3215 1084 3281 Dulreri
1117 3216 1158 3282 de
1192 3215 1293 3282 verbo
1327 3237 1394 3281 ar·

238 3322 371 3389 bitror
406 3324 606 3390 dubitationi
639 3346 756 3409 parum
785 3325 969 3390 occurritur
997 3345 1017 3390 a
1044 3324 1309 3390 Weissenbornio
1338 3323 1394 3390 de·

239 3433 431 3498 monstratis
455 3433 584 3498 duobus
600 3433 684 3498 Livii
706 3432 789 3498 locis
807 3431 878 3514 (ΙΙΙ,
904 3436 952 3513 13,
976 3436 1004 3512 3,
1027 3432 1085 3497 ubi
1102 3433 1253 3498 Volscius
1276 3452 1395 3498 casum

238 3558 349 3622 pugno
372 3560 393 3605 a
416 3538 548 3605 Caesone
571 3539 707 3605 fratrem
729 3541 814 3606 scire
838 3545 984 3623 poterat,
1012 3547 1179 3605 mortuum
1202 3561 1242 3605 ex
1265 3561 1304 3606 eo
1326 3541 1395 3605 ictu

267 3742 290 3810 ¹)
310 3741 326 3812 ξ
344 3746 362 3798 4
380 3760 457 3810 rem,
478 3742 554 3811 quod
575 3747 653 3798 recta
666 3742 915 3797 Weissenborniua
936 3743 1091 3811 requisivit,
1110 3742 1217 3799 excidit
1234 3746 1303 3813 post
1321 3758 1395 3798 cra·

307 3829 428 3884 darem
447 3827 634 3896 (crederem
657 3826 747 3894 ram).
791 3827 885 3881 Senes.
905 3825 941 3881 de
957 3827 1052 3884 Bonas.
1071 3827 1121 3896 VI,
1145 3830 1163 3883 8
1182 3832 1251 3883 extr.
1271 3826 1395 3884 scriban-

307 3914 386 3968 dum:
417 3915 454 3968 in
481 3931 580 3968 uuum
605 3917 736 3967 testem
759 3917 888 3968 temere
912 3929 982 3967 rem
1005 3913 1174 3981 demittit;
1206 3911 1268 3967 eod.
1293 3909 1395 3966 Nasus.

307 3998 476 4053 demerem
495 3997 660 4053 demittit.

265 4081 290 4150 ¹)
309 4082 341 4137 In
366 4083 501 4137 iamiam
526 4088 636 4141 erratur
658 4082 744 4138 etiam
761 4082 848 4152 XLII,
873 4086 914 4152 11,
939 4085 963 4138 5.
1005 4082 1073 4153 [cie.
1091 4083 1212 4154 Philipp.
1231 4081 1269 4152 11,
1287 4084 1321 4138 at
1341 4097 1395 4152 pro

307 4170 447 4223 iamiam
480 4169 625 4225 minime.
645 4168 753 4223 miror
781 4173 815 4223 ta
844 4169 950 4224 otium
977 4171 1187 4238 perturbare
1214 4166 1395 4224 scribendum

308 4254 372 4308 iam
390 4255 547 4323 minime,
566 4253 593 4309 h
613 4271 645 4323 e,
664 4254 762 4310 desino
781 4254 838 4309 iam
855 4252 972 4323 mirari]
