3060 5272
240 356 304 413 Lib.
322 356 409 411 xxii
505 432 513 443 Ι
789 346 853 406 294

242 529 446 594 considerate
470 530 613 613 scripsit,
635 529 693 593 sed
717 528 852 594 confuse
875 537 909 593 et
930 530 1165 594 inconstanter.
1203 529 1351 595 Primum
1371 532 1402 596 si

242 639 351 701 omnia
374 637 517 719 virgulta
539 639 711 716 arsissent,
745 659 811 702 non
840 658 924 702 rano
952 643 1080 702 terrore
1103 637 1207 720 (quod
1229 645 1302 703 tota
1323 658 1402 703 nar·

240 747 327 810 ratio
360 745 552 828 significat),
595 745 654 810 sed
686 767 763 811 vero
796 766 836 810 ac
870 746 962 827 gravi
995 745 1142 827 periculo
1175 743 1402 811 conflictatum

240 852 424 917 Romanum
451 852 642 937 praesidium
670 862 766 919 esset.
817 852 933 936 Neque
962 852 1126 936 proiecto,
1153 854 1181 918 si
1204 853 1315 918 omnia
1335 853 1402 917 vir·

240 960 335 1042 golta
356 962 526 1037 arsissent,
551 959 691 1025 flammae
712 960 889 1027 arboribus
912 962 1135 1044 pepercissent
1153 962 1201 1042 (in
1222 981 1288 1042 quo
1304 960 1401 1025 haesit

241 1069 343 1132 etiam
380 1068 688 1149 Weissenbornius).
744 1068 811 1134 Sed
843 1069 925 1132 nihil
958 1070 1094 1148 arsisse,
1128 1069 1193 1133 nisi
1226 1068 1334 1133 fasces
1365 1068 1401 1133 in

241 1176 395 1241 cornibus
424 1177 524 1242 boum
552 1184 586 1240 et
608 1179 751 1259 speciem
773 1184 902 1241 tantum
925 1177 1068 1241 incendii
1089 1177 1208 1254 fuisse,
1241 1184 1276 1240 et
1296 1176 1401 1241 ceteri

241 1285 420 1367 scriptores
448 1284 632 1368 (Polybius,
661 1285 847 1370 Appianas,
881 1283 1092 1362 Plutarchus,
1122 1285 1222 1350 Silius
1249 1283 1401 1365 Italicus)

240 1391 391 1469 tradunt,
419 1413 485 1457 uno
508 1401 645 1477 excepto
668 1395 798 1458 Zonara
821 1393 929 1474 (vul,
957 1396 1015 1456 26:
1045 1402 1170 1470 πολλαχῆ
1191 1400 1238 1468 τὴν
1259 1399 1325 1468 ὅλην
1346 1400 1401 1455 ert
1498 1438 1507 1453 .

241 1499 374 1580 mm),
397 1501 454 1582 qui
476 1521 543 1565 non
565 1501 718 1583 virgulta,
741 1500 810 1579 sed,
833 1508 871 1565 ut
893 1521 955 1584 par
977 1508 1059 1578 erat,
1083 1501 1181 1566 silvas
1197 1499 1401 1583 arboresque

241 1606 392 1672 incendio
421 1615 591 1691 correptas
621 1615 751 1684 namet,
780 1616 812 1673 et
840 1608 903 1673 hoc
932 1608 1043 1672 Livius
1071 1609 1139 1691 ipse
1170 1607 1344 1691 perspicue
1366 1608 1401 1672 in

242 1715 299 1791 iis,
329 1736 402 1796 quae
430 1715 564 1780 subiicit
587 1714 617 1798 (ἓ
641 1722 662 1780 4
684 1724 717 1782 et
741 1717 784 1795 5),
816 1716 981 1799 sequitur,
1013 1737 1087 1780 nam
1110 1715 1230 1780 densas
1251 1713 1401 1780 flammas

154 1830 229 1897 (tto)
247 1822 293 1887 ibi
314 1822 415 1887 fuisse
438 1823 609 1906 significat.
639 1824 695 1889 ubi
719 1823 858 1889 conferti
880 1823 979 1888 boves
1002 1830 1122 1903 essent,
1144 1844 1268 1906 paucos
1290 1831 1402 1889 tamen

240 1931 339 1995 boves
363 1952 382 1994 a
406 1933 525 1996 ceteris
553 1932 684 2014 palatos
712 1932 791 1997 alibi
815 1931 964 1996 flammas
988 1932 1183 2008 ostendisses
1218 1931 1400 2014 eodemque

240 2040 385 2122 pertinet
414 2041 520 2122 ipsum
548 2039 645 2105 illud:
686 2041 791 2105 haud
826 2060 941 2104 secus
972 2061 1087 2122 quam
1125 2075 1169 2084 —
1202 2041 1400 2131 accensis.

241 2148 343 2212 Recte
379 2149 494 2230 igitur,
528 2156 565 2213 ut
593 2150 725 2231 opinor,
759 2149 835 2213 Ant.
864 2148 1054 2212 Perizonius
1089 2149 1176 2212 visa
1208 2146 1401 2231 requirebat

241 2255 440 2338 (virgulta
467 2256 613 2321 ardere
642 2257 744 2336 visa3
774 2256 884 2320 malim
906 2255 1087 2336 virgulta
1110 2256 1199 2319 visa
1222 2254 1401 2337 ardere);

241 2370 414 2448 potestque
444 2366 477 2428 in
507 2365 569 2428 hac
599 2364 722 2447 speciei
751 2363 893 2428 incendii
917 2362 1156 2444 significatione
1181 2362 1313 2428 defendi
1335 2363 1400 2427 vir·

240 2470 405 2552 gultorum
430 2493 450 2535 a
473 2471 602 2565 reliqua
624 2472 706 2536 silva
729 2473 906 2554 separatio.
942 2471 1025 2535 Nam
1048 2471 1190 2553 virgulta
1212 2471 1311 2536 bores
1334 2492 1400 2536 non

241 2578 307 2643 alte
331 2581 510 2644 eminentes
534 2579 711 2663 aequabant
733 2586 767 2644 et
789 2580 857 2644 lere
882 2578 1053 2661 tegebant3
1081 2580 1193 2662 itaque
1216 2580 1286 2643 haec
1308 2577 1400 2644 llam·

241 2686 303 2750 mis
343 2693 496 2770 correpta
537 2687 749 2765 videbantur;
797 2708 838 2752 ex
884 2685 1057 2751 arboribus
1105 2686 1279 2753 altioribus
1317 2686 1400 2751 nihil

242 2793 436 2858 collucebat.
478 2794 594 2876 (Paulo
618 2802 696 2859 ante
719 2793 736 2877 ᾗ
759 2800 778 2857 2
803 2794 922 2858 calor
945 2794 993 2857 ad
1016 2795 1148 2859 vivum
1172 2793 1220 2859 ad
1244 2796 1400 2879 imaque

242 2923 433 2967 cornuum
472 2903 583 2986 inepte
625 2902 818 2967 advenire
852 2901 981 2966 dicitur.
1039 2903 1114 2966 Fuit
1150 2909 1208 2967 aut
1235 2903 1400 2967 veniens

242 3017 299 3074 aut
323 3009 553 3076 deveniens.
602 3010 708 3090 1872.)

327 3117 425 3202 *Cap
453 3122 500 3198 19,
538 3122 556 3182 3
581 3118 635 3200 (de
659 3117 900 3195 Hasdrubalelt
936 3117 1209 3201 quadraginta
1239 3119 1400 3184 narium

242 3226 415 3291 classem
454 3225 673 3290 Himilconi
713 3225 847 3290 tradit
886 3233 1009 3308 atque
1050 3225 1108 3289 ita
1141 3225 1400 3309 Carthagine

242 3334 453 3416 proiectus
487 3334 659 3399 navibus
695 3356 820 3419 prope
850 3340 1001 3398 terram
1030 3326 1253 3399 exercitum
1283 3335 1322 3398 in
1349 3334 1401 3398 li-

242 3447 330 3506 tore
354 3440 540 3519 ducebat,
563 3450 736 3524 paratus
760 3441 998 3523 confligere,
1022 3461 1261 3524 quacunque
1284 3448 1401 3526 parte

241 3551 453 3632 copiarum
475 3548 608 3615 hostis
632 3551 892 3614 occurrisset.
932 3546 1006 3612 Non
1029 3555 1119 3613 recte
1143 3550 1296 3632 coniungi
1317 3570 1402 3633 pro-

241 3656 377 3721 fectus
408 3655 598 3729 navibus,
629 3657 740 3741 plures
765 3661 952 3734 senserunt3
982 3677 1059 3719 uam
1082 3677 1189 3740 neque
1212 3656 1333 3721 dicitur
1355 3657 1403 3720 ita
1424 3646 1428 3654 ⁴

242 3763 315 3846 (sed
343 3773 377 3830 et
405 3765 626 3848 proficisci
653 3766 745 3831 navi
775 3764 816 3829 de
845 3784 900 3842 ea,
935 3762 969 3826 in
997 3783 1062 3844 qua
1090 3765 1235 3844 veharis,
1271 3770 1304 3828 et
1326 3785 1402 3847 pro·

241 3871 342 3936 ficisoi
365 3872 514 3952 multis,
538 3871 673 3938 decern
694 3871 865 3938 navibus
890 3869 929 3934 de
954 3870 1111 3936 comitatu
1135 3879 1169 3937 et
1191 3871 1319 3952 classe),
1342 3893 1403 3936 nec

241 3979 311 4064 ipse
342 3980 532 4045 Hasdrubal
560 3981 593 4045 in
624 3982 743 4060 classe,
778 3999 877 4062 quam
905 3977 1082 4043 Himilconi
1109 3980 1311 4057 tradiderat,
1345 3979 1404 4044 sed

167 4113 170 4121 ·
242 4086 284 4151 ed
318 4094 512 4153 terrestrem
545 4091 725 4154 exercitum
758 4086 858 4151 fuisse
891 4084 1037 4164 videtur,
1078 4093 1112 4151 et
1146 4095 1300 4171 apparet,
1333 4086 1403 4152 haec

242 4197 408 4260 contrario
432 4197 518 4261 inter
540 4219 575 4262 se
598 4197 724 4273 referri,
747 4216 821 4281 quae
843 4195 1011 4278 pertinent
1034 4194 1077 4259 ad
1099 4196 1225 4260 itineris
1247 4195 1402 4261 formam:
