3060 5272
245 369 305 423 Lib.
325 370 383 423 XL.
753 357 758 365 ’
792 359 852 419 576

243 540 329 606 fecto
353 548 500 626 tempore
524 543 683 624 scriptum
706 549 766 618 est,
790 541 878 622 quod
902 539 1113 623 significatur,
1136 538 1232 604 facile
1255 560 1325 604 esse
1349 539 1402 605 di·

243 668 316 713 cere
340 670 374 713 se
397 651 596 733 provinc-inm
624 648 814 713 confecisse.

328 752 407 838 Cap.
432 760 481 835 38,
505 762 523 820 9
548 756 602 836 (de
625 757 793 841 triumpho
817 756 851 820 P.
872 754 1013 820 Cornelii
1037 762 1071 820 et
1087 756 1130 820 M.
1151 755 1254 820 Baebii
1278 754 1319 819 de
1343 754 1400 819 Li·

242 862 407 944 guribuslz
432 864 480 927 Hi
504 865 673 928 omnium
696 865 816 948 primi
839 863 952 928 nullo
977 862 1085 927 bello
1109 869 1224 945 gesto
1252 862 1399 926 trium-

157 969 431 1052 (l'lolpharunt.
477 970 646 1035 Tantum
669 971 809 1037 hostes
839 971 950 1035 ducti
974 976 1068 1034 ante
1097 990 1273 1049 currum,
1302 970 1400 1051 quia

243 1097 315 1139 nec
338 1078 444 1159 quod
472 1078 653 1143 ferretur
682 1100 809 1162 neque
844 1078 950 1161 quod
980 1079 1202 1143 duceretur
1235 1083 1399 1159 captum

242 1204 371 1265 neque
396 1186 499 1266 quod
523 1185 730 1251 militibus
754 1187 936 1266 daretur,
960 1185 1177 1269 quidquam
1194 1184 1233 1248 ln
1255 1184 1398 1249 trium·

243 1290 334 1373 phis
357 1312 491 1357 corum
507 1293 652 1358 fuerat.
688 1294 791 1366 Unde,
810 1315 929 1377 aneso,
953 1292 1095 1357 hostes
1114 1298 1208 1356 ante
1226 1313 1397 1371 currum,

244 1399 271 1462 si
295 1420 400 1482 neque
423 1400 544 1465 bellum
569 1409 696 1483 gestum
719 1408 790 1465 erat
813 1422 872 1465 nec
895 1401 1083 1484 quidquam,
1108 1398 1196 1480 quod
1220 1398 1399 1464 duceretur

243 1510 397 1587 captum?
420 1507 532 1591 Ipsum
556 1509 634 1573 hoc:
660 1510 765 1591 quod
784 1509 1000 1572 duceretur
1018 1513 1177 1590 captum
1200 1508 1247 1571 sic
1264 1506 1397 1585 dicitur,

244 1622 280 1677 ut
302 1624 432 1679 tantum
456 1617 580 1697 aliquid
603 1639 669 1681 non
693 1618 780 1698 capti
804 1616 937 1680 ductum
960 1637 1032 1680 esse
1056 1613 1265 1697 sIgnificetur.
1300 1613 1397 1678 Tau·

242 1728 456 1786 tumentem
481 1724 528 1787 sic
546 1725 688 1805 ponitur.
713 1730 882 1805 tamquam
906 1723 1018 1787 hostes
1037 1724 1154 1802 exigua
1176 1742 1300 1793 eorum,
1324 1741 1398 1803 quae

243 1837 318 1892 ante
342 1849 473 1893 currum
497 1830 711 1907 ducerentur,
736 1851 813 1911 pars
837 1852 908 1895 esse
932 1831 1168 1907 consueverint,
1190 1828 1257 1892 alin
1284 1836 1398 1893 autem

242 1936 368 2000 maiora
389 1944 458 2001 tum
482 1937 633 2001 afuerint.
678 1938 778 2018 Atqui
809 1944 885 2001 ante
909 1958 1041 2002 currum
1070 1936 1152 2001 nihil
1180 1937 1311 2001 omnino
1335 1935 1397 2001 du·

243 2043 379 2107 cebat-ur
401 2052 520 2128 praeter
542 2044 654 2109 hostes
684 2052 799 2127 captos
823 2053 870 2111 et.
900 2066 972 2128 quae
996 2045 1109 2108 deesse
1138 2064 1204 2107 non
1230 2050 1397 2127 poterant,

241 2152 400 2217 victimas.
447 2152 605 2225 Tenetur,
630 2154 759 2235 opinor,
784 2151 957 2217 nmnifesto
986 2151 1138 2216 mendum
1167 2172 1206 2214 ex
1229 2158 1398 2234 permuta-

242 2260 330 2324 tione
354 2260 507 2325 similium
530 2259 764 2324 rccabulorum
787 2269 916 2338 natum,
947 2259 1064 2323 deinde
1094 2258 1309 2337 occultatum,
1331 2260 1398 2325 nisi

241 2367 368 2450 inipso
392 2367 560 2432 codicelli
588 2367 726 2448 legendo
756 2367 802 2446 (in
827 2389 891 2450 <quo
920 2388 985 2431 uno
1013 2368 1178 2450 posterior
1199 2364 1297 2431 huius
1320 2366 1397 2432 libri

182 2554 188 2566 ι
241 2495 320 2556 pars
342 2474 418 2538 inde
442 2496 461 2539 a
485 2495 555 2558 cap.
576 2478 616 2537 37
638 2474 722 2538 mod.
748 2481 878 2539 serrata
902 2481 965 2553 est)
989 2495 1010 2537 a
1031 2475 1138 2556 primo
1155 2474 1281 2539 editore
1300 2474 1396 2539 aber·

241 2590 352 2644 ratum
370 2582 466 2661 ests)
501 2582 684 2664 Scripserat
704 2584 789 2645 emm
809 2583 935 2646 Livius:
953 2587 1109 2645 tantum
1126 2581 1258 2643 bestia
1276 2582 1396 2643 duola

242 2696 336 2751 ante
361 2709 528 2752 currum.
564 2688 685 2753 Similis
708 2688 864 2772 triumphi
883 2689 1008 2771 species
1032 2690 1065 2752 in
1083 2688 1156 2753 libr.
1175 2687 1293 2767 XXXI,
1311 2693 1394 2767 49,3

242 2793 456 2858 describitur:
492 2795 629 2881 Neque
664 2797 815 2880 captivi
850 2795 925 2860 ulli
954 2800 1051 2860 ante
1086 2816 1243 2860 currum
1268 2796 1393 2877 ducti,

240 2923 368 2984 neque
387 2902 520 2985 spolia
538 2905 716 2987 praelat-a,
740 2924 870 2987 neque
892 2903 1046 2968 milites
1065 2905 1208 2979 secuti,
1226 2904 1288 2967 nisi
1306 2903 1395 2987 quod

240 3008 285 3073 ibi
309 3009 424 3073 hostire
448 3031 512 3074 non
535 3014 754 3075 nominantur.
799 3011 933 3075 Plenam
963 3031 1117 3093 pompam
1147 3016 1181 3074 et
1209 3010 1396 3075 hostiarum

239 3122 272 3180 et
305 3117 450 3182 hostium
484 3126 633 3184 notatum
667 3118 813 3182 ridemus
842 3116 988 3196 XXXIV,
1019 3121 1068 3196 52,
1092 3123 1111 3181 9
1134 3118 1166 3181 in
1190 3117 1224 3180 T.
1249 3116 1392 3195 Quinctii

237 3225 420 3309 triumpho:
445 3226 645 3290 ethostiae
671 3226 808 3304 ductae,
833 3231 872 3289 et
894 3232 990 3289 ante
1013 3245 1174 3289 currum
1192 3223 1312 3289 multi
1329 3247 1394 3290 no·

236 3331 343 3398 biles
367 3334 520 3416 captivi
545 3332 806 3415 obsidesque.
851 3331 1048 3397 Hostibus
1078 3352 1137 3415 pro
1166 3332 1317 3397 hostiis
1339 3332 1392 3399 bis

237 3440 271 3504 in
295 3441 408 3505 codice
427 3439 673 3505 Vindobonensi
690 3440 857 3519 scribitur,
876 3439 976 3518 XLII,
995 3442 1044 3518 28,
1069 3447 1086 3501 7
1105 3446 1139 3504 et
1156 3439 1272 3518 XLIII,
1293 3443 1340 3519 13,
1360 3444 1389 3505 7.

153 3552 222 3622 (471)
326 3545 404 3630 Cap.
429 3554 479 3617 40.
507 3553 542 3611 ll
569 3554 602 3612 et
627 3552 675 3610 12.
722 3547 874 3612 Graviter
897 3548 1014 3610 vitiata
1036 3553 1120 3624 sunt,
1144 3568 1217 3629 quau
1240 3547 1394 3613 dicuntur

237 3652 277 3717 de
295 3652 469 3718 Celtiberis
493 3676 513 3718 a
531 3655 567 3732 Q.
587 3654 705 3718 Flacco
724 3656 834 3719 victis:
868 3654 1010 3719 Decem
1034 3663 1074 3718 et
1091 3662 1244 3737 septem
1261 3654 1392 3720 millia

236 3760 414 3825 hostium
449 3782 550 3825 caesa
584 3782 627 3825 eo
666 3762 731 3826 die
764 3762 1005 3840 traduntur,
1046 3762 1127 3826 viri
1162 3763 1274 3844 capti
1296 3761 1390 3846 plus

238 3875 439 3949 quattuor
461 3868 592 3932 millia
617 3869 809 3933 ducentis
835 3870 1103 3952 septuaginta
1126 3876 1281 3952 septem
1299 3891 1392 3935 cum

240 4036 455 4048 fl-—a-

263 4120 287 4175 ¹2¹
306 4120 366 4175 Iloo
386 4122 459 4174 eninr
478 4123 507 4175 in
525 4122 633 4191 reliqua
651 4121 733 4175 huius
752 4122 819 4175 libri
837 4128 919 4190 parte
937 4121 1091 4176 tenendum
1110 4127 1165 4189 est,
1186 4124 1222 4176 ab
1241 4122 1387 4180 erroribus

304 4206 412 4259 librarii
431 4223 488 4261 non
506 4225 590 4277 posse
607 4207 661 4261 nisi
679 4222 744 4261 raro
764 4207 873 4261 secerni
890 4207 975 4275 primi
993 4206 1110 4261 editoris
1134 4206 1248 4277 legendi
1267 4223 1383 4261 erronee.
