3060 5272
232 347 294 403 Lib.
313 346 410 402 XLIV.
775 338 837 398 678

234 519 378 586 subesse.
409 519 494 585 Nam
511 521 539 585 si
558 541 686 587 asseres
704 520 878 587 hiciterum
899 520 1170 605 significarentur,
1193 521 1380 586 necessario

176 691 179 697 .
233 627 441 694 scribendum
464 635 550 694 erat:
585 629 624 693 in
658 649 725 695 eos
758 628 833 694 alii
860 650 1027 695 asseres.
1073 628 1139 695 Sed
1163 635 1325 713 praeterea
1347 628 1382 694 in

233 735 315 802 duos
337 736 411 801 illos
433 734 556 801 defixos
579 758 707 803 asseres
729 743 950 803 transversum
967 736 1155 802 incumbere
1175 738 1301 820 tignum
1323 756 1382 819 po-

232 851 334 924 terat;
357 846 390 910 in
413 865 538 910 asseres
561 843 724 928 quomodo
758 866 885 912 asseres
912 846 1037 928 iniungi
1069 845 1252 929 potuerint,
1286 865 1381 910 nemo

232 950 329 1018 facile
352 952 480 1018 dixerit.
514 952 618 1020 Paulo
641 954 727 1018 infra
749 951 837 1037 (57),
860 954 916 1021 ubi
937 953 1061 1019 editur:
1085 952 1162 1019 Ubi
1183 953 1382 1038 planities

233 1060 368 1125 altera
390 1061 530 1144 pontis
560 1047 791 1146 excepisset
819 1083 903 1142 eos,
936 1083 1075 1127 rursus
1102 1060 1231 1126 simili
1264 1061 1384 1126 ruina

232 1168 454 1234 inferioris
481 1170 620 1252 pontis
650 1169 963 1250 deferebantur,
997 1171 1090 1253 prius
1112 1169 1250 1254 pontis
1274 1167 1384 1234 delen·

233 1277 311 1343 dum
334 1284 432 1362 puto;
457 1298 563 1362 neque
587 1279 673 1344 enim
695 1277 799 1344 solum
822 1280 934 1362 pontis
957 1278 1137 1362 appellatio
1153 1277 1302 1362 ⁸repetita
1324 1297 1384 1360 per

233 1407 268 1451 se
292 1384 442 1464 offendit,
472 1407 585 1451 verum
612 1385 718 1451 altero
748 1385 821 1451 loco
844 1387 1019 1452 manifesto
1042 1385 1205 1465 abundat3
1238 1406 1314 1451 nam
1335 1387 1384 1449 in·

234 1492 334 1560 ferior
356 1492 486 1559 demum
509 1514 587 1578 pars
609 1495 771 1578 superiori
793 1496 960 1560 contraria
981 1495 1122 1579 ponitur.
1157 1494 1280 1575 (1864.)
1325 1490 1341 1576 ᾖ
1365 1497 1384 1558 9

233 1609 268 1669 et
292 1606 331 1666 10
369 1600 423 1672 (de
452 1602 609 1669 Romanis
639 1603 676 1681 Q.
698 1601 822 1667 Marcio
845 1602 978 1668 consule
1012 1602 1094 1667 duce
1116 1623 1176 1685 per
1198 1609 1327 1668 montes
1350 1602 1384 1667 in

153 1724 226 1795 (ter)
241 1709 468 1776 Macedoniam
490 1709 768 1795 penetrantibus):
801 1709 927 1777 Nocte
949 1711 998 1777 ad
1025 1711 1223 1777 modicam
1249 1709 1385 1793 plani·

232 1820 328 1884 tiem
350 1825 634 1903 pervenerunt,
656 1840 792 1903 neque,
816 1841 864 1884 an
881 1810 1108 1885 infestus'is
1130 1819 1244 1885 locas
1268 1823 1386 1898 esset,

233 1934 383 2012 eaptus
426 1926 621 2009 undique,
666 1927 1029 2010 circumspiciendi
1072 1927 1250 2010 spatium
1294 1925 1385 1991 fuit.

232 2035 306 2100 Vix
338 2033 499 2101 tandem
532 2057 579 2101 ex
610 2036 820 2120 insperato
851 2036 937 2117 (cod.
961 2038 1025 2101 vix
1053 2036 1218 2101 tandem
1246 2035 1386 2118 exspi-

233 2142 338 2225 rato)
362 2143 557 2211 stabilem
579 2144 627 2209 ad
655 2144 932 2210 insistendum
965 2144 1130 2209 nanctis
1158 2143 1289 2209 locum
1315 2162 1387 2226 po·

233 2258 342 2318 atero
366 2273 523 2336 quoque
546 2252 611 2318 die
633 2253 673 2317 in
694 2260 776 2318 tam
798 2274 893 2319 cara
915 2252 1024 2318 valle
1056 2253 1241 2337 opperiri
1269 2251 1387 2333 Popi-

232 2358 327 2425 lium
350 2382 394 2426 ac
416 2360 587 2426 relictas
617 2381 703 2426 cum
726 2369 776 2427 'eo
805 2363 946 2445 copias
979 2381 1146 2426 necesse
1174 2359 1263 2425 fuit.
1307 2359 1380 2424 Non

232 2489 368 2551 prorsus
391 2466 579 2534 defenditur
598 2468 765 2552 exemplis,
787 2469 958 2552 inquibus
981 2490 1029 2534 an
1053 2466 1258 2533 deliberandi
1275 2466 1382 2531 verbis

211 2576 415 2665 subiicitur,
443 2577 775 2660 circumspicere,
808 2598 857 2642 an
889 2577 1068 2642 infestus
1096 2578 1151 2642 sit
1172 2577 1286 2642 locus
1309 2573 1382 2658 (pro

233 2685 464 2751 infestusne
499 2692 556 2750 aut
588 2706 633 2751 ne
662 2683 869 2765 infestus);
903 2691 936 2750 et
958 2685 1112 2750 infestum
1134 2683 1245 2763 luisse,
1269 2683 1388 2766 addita.

234 2801 385 2877 saeptus
408 2792 584 2874 undique
606 2798 640 2857 et
662 2793 702 2857 in
724 2785 804 2857 tam
828 2813 925 2857 cava
946 2794 1053 2858 valle
1076 2793 1257 2858 declarant.
1298 2790 1383 2858 Bek-

233 2901 332 2968 kerus
367 2899 498 2986 quidem
531 2901 672 2985 saeptis
712 2901 811 2967 scribi
843 2901 963 2982 voluit3
998 2902 1056 2967 sed
1091 2902 1201 2986 saeptis
1234 2908 1383 2985 potestas

234 3007 518 3094 circumspiciendi
547 3008 654 3088 deest,
688 3032 754 3076 non
776 3011 918 3095 spatium
946 3010 1121 3095 (tempus);
1155 3031 1214 3075 cur
1242 3011 1384 3094 spatium

234 3141 299 3187 non
332 3119 445 3198 luerit,
468 3118 623 3202 proximis
647 3117 834 3184 declaratur
862 3119 969 3185 verbis
1002 3118 1082 3200 (vix
1109 3118 1274 3207 tandpm
1296 3121 1383 3197 cat),

235 3250 307 3312 quae
330 3226 591 3312 interpungendo
614 3227 698 3292 male
721 3227 763 3293 ad
786 3228 926 3293 alteram
948 3228 1147 3293 sententiam
1162 3232 1273 3291 tracta
1292 3232 1383 3304 sunt3

234 3358 341 3420 neque
363 3337 462 3415 enim,
486 3335 574 3418 quod
597 3336 649 3399 rix
671 3335 804 3401 undem
827 3335 980 3401 stabilem
1002 3335 1111 3401 locum
1133 3336 1272 3400 Romani
1295 3334 1384 3400 nacti

236 3452 347 3522 erant,
383 3442 525 3510 cohaeret
549 3464 621 3509 cum
644 3445 841 3510 necessitate
865 3443 1034 3522 manendi,
1062 3452 1099 3508 ut
1129 3443 1233 3526 copiae
1262 3442 1384 3507 relicte

235 3558 526 3637 consequerentur.
585 3551 624 3616 ln
664 3552 775 3617 codiee
808 3559 873 3618 est:
907 3558 1183 3637 pervenerunt
1215 3570 1386 3633 nequam

235 3661 414 3727 infectus
447 3667 508 3726 cet.
554 3659 769 3726 Scribendum
802 3660 902 3742 igitur
936 3669 986 3726 est
1014 3681 1079 3725 una
1112 3659 1228 3726 addita
1255 3658 1384 3724 littera:

236 3775 521 3854 pervenerunt,
554 3787 638 3846 nec,
673 3789 788 3852 quam
822 3768 996 3834 infestus
1035 3770 1068 3833 is
1107 3769 1228 3832 locus
1262 3773 1385 3846 esset,

236 3885 388 3961 saeptus
412 3877 605 3961 undique,
634 3875 997 3960 circumspiciendi
1020 3877 1197 3960 spatium
1219 3874 1298 3940 fuit
1320 3876 1386 3939 vix

235 3984 397 4051 tandem
439 4006 487 4050 ex
528 3986 740 4069 insperato
775 3985 977 4051 stabilem
1010 3985 1060 4051 ad
1098 3983 1386 4050 insistendum

235 4095 408 4159 nanctis
431 4092 578 4158 locum.
619 4093 798 4157 Postero
822 4115 988 4178 quoque
1013 4094 1080 4159 die
1103 4098 1164 4158 cet.
1199 4091 1387 4157 Necessitas

236 4204 348 4268 statim
362 4201 588 4284 requiescendi
603 4201 745 4285 spatium
757 4202 1040 4287 circumspiciendi
1051 4201 1181 4267 ademit.
1207 4199 1275 4283 [Sic
1288 4201 1389 4267 etiam
