3060 5272
179 317 242 372 Lib.
260 316 334 371 xxi.
726 304 789 365 280

180 510 283 553 unum
317 488 488 569 quaeritur,
522 492 667 570 utroque
701 486 852 567 consule,
886 494 1029 570 utroque
1063 464 1209 554 exercitu
1236 488 1349 570 victo,

94 597 165 666 (228)
184 595 301 678 ecquid
328 595 473 680 supersit
501 593 632 675 auxilii3
661 594 703 658 ad
731 593 817 659 hane
844 592 1136 677 interrogationem
1157 592 1242 660 nihil
1262 616 1347 681 pere

179 704 265 768 tinet
288 705 393 780 ,unius
429 702 573 767 consulis
608 686 781 767 adversum
808 703 987 785 proelium,
1020 704 1124 768 multo
1153 703 1262 769 minus
1289 702 1345 769 al·

179 812 283 876 terius
318 810 462 876 consulis
496 831 536 874 ex
568 809 683 874 Sicilia
712 811 897 890 revocatio,
932 831 1019 894 qua,
1052 793 1092 876 ut
1123 830 1211 876 nuno
1242 809 1341 877 locus

180 918 351 999 scribitur,
383 919 470 983 inter
499 917 705 982 calamitates
733 922 940 996 numeratur,
975 938 1076 1001 quum
1103 938 1222 1003 reapse
1248 900 1343 984 inter

72 1059 74 1064 ·
179 1027 304 1091 auxilia
325 1025 434 1091 fuerit.
479 1025 530 1089 Ad
551 1023 621 1089 haec
643 1023 828 1089 attendenti
850 1026 1059 1109 perspicuum
1081 1024 1128 1106 fit,
1152 1027 1339 1110 comparari

178 1135 266 1199 inter
288 1155 323 1200 se
345 1134 548 1216 superiorem
572 1132 805 1210 calamitatem,
826 1153 936 1214 quum,
961 1154 1026 1198 uno
1049 1138 1178 1198 tantum
1201 1133 1344 1201 consule

180 1243 277 1322 victo,
306 1229 432 1325 aliquid
459 1247 571 1304 tamen
599 1239 798 1322 superfuerit
825 1241 895 1322 spei
919 1246 952 1304 et
975 1241 1158 1323 copiarum,
1192 1246 1227 1306 et
1252 1260 1343 1322 eam,

180 1370 252 1432 quae
280 1369 366 1413 nune
388 1369 458 1412 rem
480 1346 647 1430 publicam
670 1345 827 1411 obruerit.
878 1346 952 1411 Hoc
975 1346 1213 1427 animadverso,
1237 1347 1340 1414 simul¹

112 1517 115 1524 .
179 1455 310 1540 patefit,
337 1460 375 1519 ut
401 1455 488 1519 inter
510 1474 544 1518 se
568 1455 736 1518 contraria
759 1455 839 1517 sint:
873 1475 949 1519 uno
974 1456 1140 1521 consule
1160 1490 1207 1501 -
1226 1456 1343 1521 victo

179 1569 229 1628 et:
259 1562 411 1628 duobus
440 1559 678 1625 consulibus
699 1595 743 1606 —-
764 1562 898 1641 victis,
927 1563 974 1626 sic
997 1562 1066 1628 haeo
1089 1563 1171 1627 duo:
1201 1562 1340 1630 altero

179 1691 225 1734 ex
258 1668 406 1734 Sicilia
439 1673 633 1733 revocato
669 1672 717 1731 et:
758 1689 858 1750 quos
893 1669 996 1733 alios
1030 1670 1155 1736 duces
1189 1676 1252 1736 cet
1287 1672 1340 1737 ita

179 1778 345 1842 contraria
367 1796 439 1842 esse
463 1774 599 1853 debere,
629 1780 667 1839 ut
689 1775 723 1838 in
745 1775 851 1841 altero
875 1776 1021 1859 praesidii
1044 1778 1185 1843 alicuius
1206 1777 1343 1862 reliqui,

178 1885 212 1949 in
241 1884 348 1949 altero
377 1883 522 1948 omnium
551 1881 735 1947 deletorum
765 1903 825 1946 nec
853 1881 951 1948 ullius
975 1884 1045 1968 spei
1067 1883 1190 1950 relicta
1212 1884 1341 1968 signifi-

179 1992 267 2068 catio
301 1993 353 2057 sit.
408 1991 517 2072 Atque
551 1991 599 2054 sic
631 1987 701 2053 haec
734 1990 823 2054 inter
856 2011 890 2054 se
923 1989 1040 2056 referri
1074 1999 1107 2057 et
1141 1994 1340 2077 comparari,

178 2101 351 2184 perspicue
399 2098 579 2164 ostendunt
623 2098 697 2181 ipsa
735 2096 836 2162 verba
880 2105 1072 2163 revocato
1117 2105 1152 2164 et
1195 2120 1342 2166 cracov

111 2273 114 2279 ,
178 2213 331 2274 santur.
378 2206 564 2289 Scripserat
587 2205 689 2287 igitur
711 2204 838 2270 Livius:
867 2204 952 2270 Uno
976 2206 1141 2271 consule
1164 2207 1212 2271 ad
1234 2206 1340 2273 Tici-

177 2338 266 2380 num
294 2316 419 2394 victo,
454 2313 623 2378 alterni
653 2333 699 2405 ex
722 2311 869 2377 Sicilia
896 2319 1142 2395 revocatum
1176 2314 1341 2381 duobus

179 2422 435 2500 consulibus,
465 2420 622 2485 duobus
651 2419 941 2485 consularibus
971 2421 1227 2488 exercitibus
1249 2424 1339 2487 vic·

177 2530 241 2608 tis,
264 2550 363 2611 quos
387 2528 493 2594 alios
516 2528 647 2606 duces,
670 2547 768 2608 quas
791 2528 898 2592 alias
921 2528 1104 2610 legiones
1128 2549 1227 2610 esse,
1250 2550 1341 2611 qua

179 2636 472 2699 arcessantur?
500 2635 581 2699 Post
602 2635 773 2699 Ticinensc
796 2635 958 2719 Scipionis
981 2636 1223 2721 incommodum
1246 2636 1340 2702 Sem·

179 2743 330 2826 pronium
362 2743 483 2807 arcessi
511 2743 659 2826 potuisse
682 2740 811 2823 dicunt3
841 2763 939 2826 quem
961 2764 1048 2807 nunc
1070 2744 1192 2827 posse?
1219 2742 1338 2809 Libra·

177 2851 247 2915 rius
278 2850 445 2931 antiquus,
481 2849 646 2913 sententia
677 2849 910 2931 rhetoricoque
944 2832 1102 2915 orationis
1135 2850 1242 2917 forma
1268 2873 1337 2917 non

179 2956 422 3036 animadversa,
464 2956 622 3021 audacter
663 2956 770 3021 dicam
805 2978 846 3020 an
881 2956 1086 3022 dormitans?
1126 2958 1340 3024 accusativos

178 3066 266 3130 inter
294 3064 456 3129 ablativos
485 3064 697 3148 interpositos
727 3065 768 3129 ad
799 3065 859 3130 hos
883 3065 1160 3130 accommodavit:
1194 3086 1272 3131 uno
1293 3100 1340 3111 —

178 3173 304 3252 victo,
337 3171 468 3237 altero
490 3207 534 3217 -
556 3178 766 3251 revocato,
796 3172 1019 3237 duobus-
1040 3173 1162 3237 victis
1186 3171 1337 3256 [prorsus

179 3280 344 3364 quomodo
379 3279 439 3360 IV,
473 3284 531 3359 43,
568 3284 607 3343 12
640 3300 700 3363 pro
733 3279 892 3344 tribuni
920 3280 969 3363 pl.
995 3281 1156 3364 scriptum
1184 3285 1235 3345 est
1257 3281 1339 3345 tri·
1382 3300 1387 3307 ·

179 3387 306 3454 bunos
329 3387 370 3451 ob
393 3385 583 3472 praeoedens
605 3387 799 3453 tribunos
821 3385 949 3470 mil.]¹)

266 3493 345 3579 Gap.
369 3500 424 3573 59,
458 3500 493 3557 4:
538 3492 746 3559 Hannibal
781 3529 824 3540 -
856 3502 1016 3561 ceteros
1052 3495 1261 3560 consertos
1295 3496 1336 3560 in

179 3603 311 3668 media
334 3606 473 3667 castra
494 3601 654 3684 recepit
675 3602 940 3684 intentosque
965 3604 1118 3686 signum
1142 3602 1188 3667 ad
1213 3624 1338 3668 erum·

208 3871 231 3935 ¹)
249 3870 338 3924 Vetus
364 3870 426 3924 haec
454 3870 530 3939 apud
557 3888 602 3924 me
628 3871 788 3926 emendatio
816 3889 882 3926 casu
906 3871 981 3941 apud
1002 3867 1208 3943 ingerslerium
1231 3873 1340 3928 omissa.

248 3960 297 4009 est.
333 3954 412 4009 Infra
428 3954 484 4010 hoo
502 3955 595 4024 capite
614 3952 641 4024 (ξ
662 3956 702 4022 10)
722 3956 812 4010 oratio
831 3956 872 4011 sic
890 3956 1120 4026 interpungenda
1137 3962 1192 4012 est:
1210 3955 1252 4010 Id
1270 3973 1334 4010 em·

248 4041 381 4110 poi-ium
408 4040 568 4094 Romanis
596 4037 731 4094 Gallico
762 4040 860 4095 bello
891 4039 1020 4107 fuerat,
1053 4042 1225 4097 munitum
1253 4040 1336 4097 inde

249 4125 329 4191 (nont
357 4124 470 4180 luerat
491 4125 672 4191 munitum3
700 4124 787 4192 inde)
810 4127 925 4181 locum
949 4127 1263 4195 frequentaverant
1281 4143 1340 4182 ao·
