<?xml version="1.0" encoding="UTF-8"?>
<!DOCTYPE html PUBLIC "-//W3C//DTD XHTML 1.0 Transitional//EN"
    "http://www.w3.org/TR/xhtml1/DTD/xhtml1-transitional.dtd">
<html xmlns="http://www.w3.org/1999/xhtml" xml:lang="en" lang="en">
 <head>
  <title>
</title>
<meta http-equiv="Content-Type" content="text/html;charset=utf-8" />
  <meta name='ocr-system' content='tesseract 3.04.00' />
  <meta name='ocr-capabilities' content='ocr_page ocr_carea ocr_par ocr_line ocrx_word'/>
</head>
<body>
  <div class='ocr_page' id='page_1' title='image "./emendationesliv01madvgoog_0143.png"; bbox 0 0 3060 5272; ppageno 0'>
   <div class='ocr_carea' id='block_1_1' title="bbox 216 334 827 402">
    <p class='ocr_par' dir='ltr' id='par_1_1' title="bbox 216 334 827 402">
     <span class='ocr_line' id='line_1_1' title="bbox 216 334 827 402; baseline -0.011 0"><span class='ocrx_word' id='word_1_1' title='bbox 216 348 278 402; x_wconf 85' lang='lat' dir='ltr'><strong>Lib.</strong></span> <span class='ocrx_word' id='word_1_2' title='bbox 296 348 329 401; x_wconf 90' lang='lat' dir='ltr'>V.</span> <span class='ocrx_word' id='word_1_3' title='bbox 766 334 827 395; x_wconf 83' lang='lat'>134</span> 
     </span>
    </p>
   </div>
   <div class='ocr_carea' id='block_1_2' title="bbox 101 518 1375 4057">
    <p class='ocr_par' dir='ltr' id='par_1_2' title="bbox 101 518 1375 4057">
     <span class='ocr_line' id='line_1_2' title="bbox 217 518 1375 602; baseline -0.001 -17"><span class='ocrx_word' id='word_1_4' title='bbox 217 519 374 586; x_wconf 83' lang='lat' dir='ltr'>Claudius</span> <span class='ocrx_word' id='word_1_5' title='bbox 398 519 489 599; x_wconf 87' lang='lat' dir='ltr'>dixit,</span> <span class='ocrx_word' id='word_1_6' title='bbox 512 518 674 602; x_wconf 88' lang='lat' dir='ltr'>tempore)</span> <span class='ocrx_word' id='word_1_7' title='bbox 699 518 948 602; x_wconf 83' lang='lat' dir='ltr'>stipendium</span> <span class='ocrx_word' id='word_1_8' title='bbox 972 526 1219 601; x_wconf 84' lang='lat' dir='ltr'>extorquere</span> <span class='ocrx_word' id='word_1_9' title='bbox 1241 519 1375 584; x_wconf 82' lang='lat' dir='ltr'>volue-</span> 
     </span>
     <span class='ocr_line' id='line_1_3' title="bbox 216 625 1371 709; baseline -0.003 -16"><span class='ocrx_word' id='word_1_10' title='bbox 216 634 319 707; x_wconf 88' lang='lat' dir='ltr'>runt,</span> <span class='ocrx_word' id='word_1_11' title='bbox 344 647 442 690; x_wconf 82' lang='lat' dir='ltr'>nuuc</span> <span class='ocrx_word' id='word_1_12' title='bbox 464 626 692 691; x_wconf 90' lang='lat' dir='ltr'>consultum</span> <span class='ocrx_word' id='word_1_13' title='bbox 715 632 886 709; x_wconf 88' lang='lat' dir='ltr'>repente</span> <span class='ocrx_word' id='word_1_14' title='bbox 908 625 1058 691; x_wconf 83' lang='lat' dir='ltr'>volunt.</span> <span class='ocrx_word' id='word_1_15' title='bbox 1104 626 1172 709; x_wconf 88' lang='lat' dir='ltr'>(Sic</span> <span class='ocrx_word' id='word_1_16' title='bbox 1195 626 1267 692; x_wconf 89' lang='lat' dir='ltr'>cod.</span> <span class='ocrx_word' id='word_1_17' title='bbox 1294 627 1371 693; x_wconf 85' lang='lat' dir='ltr'>Lov.</span> 
     </span>
     <span class='ocr_line' id='line_1_4' title="bbox 219 733 1375 820; baseline 0 -20"><span class='ocrx_word' id='word_1_18' title='bbox 219 736 261 817; x_wconf 88' lang='lat'>1.)</span> <span class='ocrx_word' id='word_1_19' title='bbox 316 736 353 800; x_wconf 95' lang='lat' dir='ltr'>In</span> <span class='ocrx_word' id='word_1_20' title='bbox 387 735 544 820; x_wconf 83' lang='lat' dir='ltr'>proximis</span> <span class='ocrx_word' id='word_1_21' title='bbox 577 735 686 799; x_wconf 87' lang='lat' dir='ltr'>verbis</span> <span class='ocrx_word' id='word_1_22' title='bbox 722 734 816 799; x_wconf 84' lang='lat' dir='ltr'>valde</span> <span class='ocrx_word' id='word_1_23' title='bbox 846 733 980 813; x_wconf 79' lang='lat' dir='ltr'>dubito,</span> <span class='ocrx_word' id='word_1_24' title='bbox 1014 735 1225 819; x_wconf 87' lang='lat' dir='ltr'>scripseritne</span> <span class='ocrx_word' id='word_1_25' title='bbox 1253 735 1375 814; x_wconf 86' lang='lat' dir='ltr'>Livius,</span> 
     </span>
     <span class='ocr_line' id='line_1_5' title="bbox 101 836 1373 927; baseline -0.001 -19"><span class='ocrx_word' id='word_1_26' title='bbox 101 836 106 846; x_wconf 76' lang='lat'>&#39;</span> <span class='ocrx_word' id='word_1_27' title='bbox 217 844 307 927; x_wconf 92' lang='lat' dir='ltr'>quod</span> <span class='ocrx_word' id='word_1_28' title='bbox 335 865 422 908; x_wconf 92' lang='lat' dir='ltr'>nunc</span> <span class='ocrx_word' id='word_1_29' title='bbox 451 864 468 907; x_wconf 94' lang='lat' dir='ltr'>e</span> <span class='ocrx_word' id='word_1_30' title='bbox 493 842 660 907; x_wconf 85' lang='lat' dir='ltr'>codicibus</span> <span class='ocrx_word' id='word_1_31' title='bbox 689 842 814 907; x_wconf 90' lang='lat' dir='ltr'>editur:</span> <span class='ocrx_word' id='word_1_32' title='bbox 848 841 1002 906; x_wconf 85' lang='lat' dir='ltr'>vallum</span> <span class='ocrx_word' id='word_1_33' title='bbox 1029 841 1278 926; x_wconf 80' lang='lat' dir='ltr'><strong>fossamque,</strong></span> <span class='ocrx_word' id='word_1_34' title='bbox 1311 844 1373 908; x_wconf 92' lang='lat' dir='ltr'>in·</span> 
     </span>
     <span class='ocr_line' id='line_1_6' title="bbox 215 950 1373 1035; baseline -0.002 -18"><span class='ocrx_word' id='word_1_35' title='bbox 215 953 350 1034; x_wconf 85' lang='lat' dir='ltr'>gentis</span> <span class='ocrx_word' id='word_1_36' title='bbox 379 959 596 1032; x_wconf 88' lang='lat' dir='ltr'>utrumque</span> <span class='ocrx_word' id='word_1_37' title='bbox 624 972 705 1014; x_wconf 88' lang='lat' dir='ltr'>rem</span> <span class='ocrx_word' id='word_1_38' title='bbox 734 950 872 1034; x_wconf 91' lang='lat' dir='ltr'>operis</span> <span class='ocrx_word' id='word_1_39' title='bbox 901 971 961 1032; x_wconf 89' lang='lat' dir='ltr'>pro</span> <span class='ocrx_word' id='word_1_40' title='bbox 984 957 1211 1035; x_wconf 88' lang='lat' dir='ltr'>utramque,</span> <span class='ocrx_word' id='word_1_41' title='bbox 1244 951 1373 1034; x_wconf 90' lang='lat' dir='ltr'>potius-</span> 
     </span>
     <span class='ocr_line' id='line_1_7' title="bbox 217 1058 1374 1144; baseline 0 -21"><span class='ocrx_word' id='word_1_42' title='bbox 217 1082 279 1144; x_wconf 85' lang='lat' dir='ltr'>que</span> <span class='ocrx_word' id='word_1_43' title='bbox 314 1060 474 1139; x_wconf 80' lang='lat' dir='ltr'>arbitror,</span> <span class='ocrx_word' id='word_1_44' title='bbox 513 1059 555 1124; x_wconf 89' lang='lat' dir='ltr'>ab</span> <span class='ocrx_word' id='word_1_45' title='bbox 598 1060 667 1123; x_wconf 88' lang='lat' dir='ltr'>eius</span> <span class='ocrx_word' id='word_1_46' title='bbox 701 1080 801 1122; x_wconf 86' lang='lat' dir='ltr'>manu</span> <span class='ocrx_word' id='word_1_47' title='bbox 836 1079 907 1122; x_wconf 89' lang='lat' dir='ltr'>esse</span> <span class='ocrx_word' id='word_1_48' title='bbox 940 1058 1122 1141; x_wconf 86' lang='lat' dir='ltr'>ingentis</span> <span class='ocrx_word' id='word_1_49' title='bbox 1155 1065 1374 1144; x_wconf 87' lang='lat' dir='ltr'>utrumque</span> 
     </span>
     <span class='ocr_line' id='line_1_8' title="bbox 216 1165 1375 1252; baseline -0.001 -20"><span class='ocrx_word' id='word_1_50' title='bbox 216 1168 367 1252; x_wconf 87' lang='lat' dir='ltr'>operis,</span> <span class='ocrx_word' id='word_1_51' title='bbox 396 1167 546 1232; x_wconf 87' lang='lat' dir='ltr'>additum</span> <span class='ocrx_word' id='word_1_52' title='bbox 568 1188 648 1231; x_wconf 90' lang='lat' dir='ltr'>rem</span> <span class='ocrx_word' id='word_1_53' title='bbox 672 1166 713 1230; x_wconf 88' lang='lat' dir='ltr'>ab</span> <span class='ocrx_word' id='word_1_54' title='bbox 737 1167 864 1250; x_wconf 89' lang='lat' dir='ltr'>aliquo,</span> <span class='ocrx_word' id='word_1_55' title='bbox 894 1167 951 1250; x_wconf 90' lang='lat' dir='ltr'>qui</span> <span class='ocrx_word' id='word_1_56' title='bbox 974 1173 1190 1250; x_wconf 88' lang='lat' dir='ltr'>utrumque</span> <span class='ocrx_word' id='word_1_57' title='bbox 1212 1188 1273 1250; x_wconf 91' lang='lat' dir='ltr'>pro</span> <span class='ocrx_word' id='word_1_58' title='bbox 1297 1165 1375 1232; x_wconf 91' lang='lat' dir='ltr'>sub·</span> 
     </span>
     <span class='ocr_line' id='line_1_9' title="bbox 215 1272 1375 1359; baseline -0.001 -19"><span class='ocrx_word' id='word_1_59' title='bbox 215 1277 357 1340; x_wconf 84' lang='lat' dir='ltr'>stantivo</span> <span class='ocrx_word' id='word_1_60' title='bbox 381 1276 460 1359; x_wconf 92' lang='lat' dir='ltr'>poni</span> <span class='ocrx_word' id='word_1_61' title='bbox 482 1297 547 1339; x_wconf 90' lang='lat' dir='ltr'>non</span> <span class='ocrx_word' id='word_1_62' title='bbox 571 1274 817 1356; x_wconf 71' lang='lat' dir='ltr'>meminisset21)</span> <span class='ocrx_word' id='word_1_63' title='bbox 863 1272 893 1356; x_wconf 64' lang='grc' dir='ltr'>(ξ</span> <span class='ocrx_word' id='word_1_64' title='bbox 917 1279 947 1354; x_wconf 81' lang='grc'>8,</span> <span class='ocrx_word' id='word_1_65' title='bbox 970 1275 1029 1340; x_wconf 88' lang='lat' dir='ltr'>ubi</span> <span class='ocrx_word' id='word_1_66' title='bbox 1052 1275 1177 1340; x_wconf 84' lang='lat' dir='ltr'>editur:</span> <span class='ocrx_word' id='word_1_67' title='bbox 1213 1275 1375 1357; x_wconf 89' lang='lat' dir='ltr'>Loquor</span> 
     </span>
     <span class='ocr_line' id='line_1_10' title="bbox 215 1382 1371 1467; baseline -0.002 -19"><span class='ocrx_word' id='word_1_68' title='bbox 215 1383 261 1448; x_wconf 92' lang='lat' dir='ltr'>de</span> <span class='ocrx_word' id='word_1_69' title='bbox 291 1405 408 1466; x_wconf 90' lang='lat' dir='ltr'>opere</span> <span class='ocrx_word' id='word_1_70' title='bbox 433 1390 470 1447; x_wconf 91' lang='lat' dir='ltr'>et</span> <span class='ocrx_word' id='word_1_71' title='bbox 494 1383 541 1447; x_wconf 88' lang='lat' dir='ltr'>de</span> <span class='ocrx_word' id='word_1_72' title='bbox 564 1384 759 1466; x_wconf 90' lang='lat' dir='ltr'>temporis</span> <span class='ocrx_word' id='word_1_73' title='bbox 782 1383 960 1461; x_wconf 86' lang='lat' dir='ltr'>iactura,</span> <span class='ocrx_word' id='word_1_74' title='bbox 990 1382 1080 1447; x_wconf 77' lang='lat' dir='ltr'>Ver:</span> <span class='ocrx_word' id='word_1_75' title='bbox 1105 1383 1151 1447; x_wconf 90' lang='lat' dir='ltr'>de</span> <span class='ocrx_word' id='word_1_76' title='bbox 1177 1404 1299 1467; x_wconf 89' lang='lat' dir='ltr'>opera</span> <span class='ocrx_word' id='word_1_77' title='bbox 1322 1391 1371 1448; x_wconf 90' lang='lat' dir='ltr'>et.</span> 
     </span>
     <span class='ocr_line' id='line_1_11' title="bbox 216 1490 1129 1574; baseline 0 -19"><span class='ocrx_word' id='word_1_78' title='bbox 216 1492 317 1556; x_wconf 82' lang='lat' dir='ltr'>Recte</span> <span class='ocrx_word' id='word_1_79' title='bbox 339 1490 532 1573; x_wconf 78' lang='lat' dir='ltr'>Ussingius:</span> <span class='ocrx_word' id='word_1_80' title='bbox 557 1490 602 1554; x_wconf 92' lang='lat' dir='ltr'>de</span> <span class='ocrx_word' id='word_1_81' title='bbox 626 1510 751 1574; x_wconf 77' lang='lat' dir='ltr'>opere</span> <span class='ocrx_word' id='word_1_82' title='bbox 775 1497 816 1554; x_wconf 93' lang='lat' dir='ltr'>et</span> <span class='ocrx_word' id='word_1_83' title='bbox 838 1490 884 1554; x_wconf 94' lang='lat' dir='ltr'>de</span> <span class='ocrx_word' id='word_1_84' title='bbox 906 1497 930 1555; x_wconf 91' lang='lat' dir='ltr'>t.</span> <span class='ocrx_word' id='word_1_85' title='bbox 955 1491 974 1553; x_wconf 94' lang='lat' dir='ltr'>i.</span> <span class='ocrx_word' id='word_1_86' title='bbox 1023 1491 1129 1563; x_wconf 66' lang='lat'>1873.)</span> 
     </span>
     <span class='ocr_line' id='line_1_12' title="bbox 301 1596 1369 1682; baseline 0 -20"><span class='ocrx_word' id='word_1_87' title='bbox 301 1596 422 1682; x_wconf 74' lang='lat' dir='ltr'>capo,</span> <span class='ocrx_word' id='word_1_88' title='bbox 442 1602 498 1662; x_wconf 85' lang='lat'>15:</span> <span class='ocrx_word' id='word_1_89' title='bbox 519 1598 717 1680; x_wconf 89' lang='lat' dir='ltr'>quidquid</span> <span class='ocrx_word' id='word_1_90' title='bbox 736 1598 926 1662; x_wconf 89' lang='lat' dir='ltr'>tribunus</span> <span class='ocrx_word' id='word_1_91' title='bbox 945 1597 1056 1680; x_wconf 92' lang='lat' dir='ltr'>plebi</span> <span class='ocrx_word' id='word_1_92' title='bbox 1074 1596 1269 1680; x_wconf 85' lang='lat' dir='ltr'>loquitur,</span> <span class='ocrx_word' id='word_1_93' title='bbox 1289 1599 1369 1664; x_wconf 84' lang='lat' dir='ltr'>etsi</span> 
     </span>
     <span class='ocr_line' id='line_1_13' title="bbox 216 1704 1373 1790; baseline 0.001 -21"><span class='ocrx_word' id='word_1_94' title='bbox 216 1706 431 1790; x_wconf 76' lang='lat' dir='ltr'>prodendae</span> <span class='ocrx_word' id='word_1_95' title='bbox 461 1707 605 1789; x_wconf 85' lang='lat' dir='ltr'>patriae</span> <span class='ocrx_word' id='word_1_96' title='bbox 634 1705 985 1788; x_wconf 67' lang='lat' dir='ltr'>dissolvendaeque</span> <span class='ocrx_word' id='word_1_97' title='bbox 1012 1707 1072 1770; x_wconf 94' lang='lat' dir='ltr'>rei</span> <span class='ocrx_word' id='word_1_98' title='bbox 1101 1704 1274 1790; x_wconf 76' lang='lat' dir='ltr'>publicae</span> <span class='ocrx_word' id='word_1_99' title='bbox 1304 1712 1373 1786; x_wconf 82' lang='lat' dir='ltr'>est,</span> 
     </span>
     <span class='ocr_line' id='line_1_14' title="bbox 216 1814 1372 1898; baseline 0.001 -20"><span class='ocrx_word' id='word_1_100' title='bbox 216 1815 428 1878; x_wconf 84' lang='lat' dir='ltr'>adsuestis</span> <span class='ocrx_word' id='word_1_101' title='bbox 458 1815 559 1897; x_wconf 71' lang='lat' dir='ltr'>sequi</span> <span class='ocrx_word' id='word_1_102' title='bbox 584 1814 735 1879; x_wconf 87' lang='lat' dir='ltr'>audire.</span> <span class='ocrx_word' id='word_1_103' title='bbox 782 1814 982 1878; x_wconf 87' lang='lat' dir='ltr'>Inusitatum</span> <span class='ocrx_word' id='word_1_104' title='bbox 1005 1835 1141 1897; x_wconf 89' lang='lat' dir='ltr'>aequus</span> <span class='ocrx_word' id='word_1_105' title='bbox 1165 1814 1288 1879; x_wconf 88' lang='lat' dir='ltr'>audio</span> <span class='ocrx_word' id='word_1_106' title='bbox 1311 1835 1372 1898; x_wconf 89' lang='lat' dir='ltr'>pro</span> 
     </span>
     <span class='ocr_line' id='line_1_15' title="bbox 217 1919 1350 2005; baseline 0.002 -20"><span class='ocrx_word' id='word_1_107' title='bbox 217 1942 327 2004; x_wconf 88' lang='lat' dir='ltr'>aequo</span> <span class='ocrx_word' id='word_1_108' title='bbox 351 1922 493 1987; x_wconf 88' lang='lat' dir='ltr'>animo.</span> <span class='ocrx_word' id='word_1_109' title='bbox 535 1920 635 1987; x_wconf 86' lang='lat' dir='ltr'>Codd.</span> <span class='ocrx_word' id='word_1_110' title='bbox 660 1922 737 2004; x_wconf 91' lang='lat' dir='ltr'>qui.</span> <span class='ocrx_word' id='word_1_111' title='bbox 772 1921 891 1986; x_wconf 83' lang='lat' dir='ltr'>Fuitne</span> <span class='ocrx_word' id='word_1_112' title='bbox 915 1922 1066 2005; x_wconf 84' lang='lat' dir='ltr'>quieti?</span> <span class='ocrx_word' id='word_1_113' title='bbox 1090 1920 1159 2004; x_wconf 85' lang='lat' dir='ltr'>[Sic</span> <span class='ocrx_word' id='word_1_114' title='bbox 1181 1919 1350 2004; x_wconf 71' lang='lat' dir='ltr'>Welzius]</span> 
     </span>
     <span class='ocr_line' id='line_1_16' title="bbox 131 2027 1374 2125; baseline 0.001 -32"><span class='ocrx_word' id='word_1_115' title='bbox 131 2058 201 2125; x_wconf 83' lang='lat'>(113)</span> <span class='ocrx_word' id='word_1_116' title='bbox 306 2027 384 2113; x_wconf 86' lang='lat' dir='ltr'>Cap.</span> <span class='ocrx_word' id='word_1_117' title='bbox 412 2035 460 2109; x_wconf 84' lang='lat'>10,</span> <span class='ocrx_word' id='word_1_118' title='bbox 484 2035 519 2094; x_wconf 86' lang='lat'>5:</span> <span class='ocrx_word' id='word_1_119' title='bbox 556 2037 748 2112; x_wconf 88' lang='lat' dir='ltr'>quantum</span> <span class='ocrx_word' id='word_1_120' title='bbox 778 2036 913 2094; x_wconf 89' lang='lat' dir='ltr'>autem</span> <span class='ocrx_word' id='word_1_121' title='bbox 941 2029 1172 2112; x_wconf 85' lang='lat' dir='ltr'>augebatur</span> <span class='ocrx_word' id='word_1_122' title='bbox 1199 2030 1374 2095; x_wconf 89' lang='lat' dir='ltr'>militum</span> 
     </span>
     <span class='ocr_line' id='line_1_17' title="bbox 215 2136 1374 2222; baseline 0 -20"><span class='ocrx_word' id='word_1_123' title='bbox 215 2160 420 2217; x_wconf 89' lang='lat' dir='ltr'>numerus,</span> <span class='ocrx_word' id='word_1_124' title='bbox 466 2144 583 2203; x_wconf 87' lang='lat' dir='ltr'>tanto</span> <span class='ocrx_word' id='word_1_125' title='bbox 630 2136 784 2203; x_wconf 85' lang='lat' dir='ltr'>maiore</span> <span class='ocrx_word' id='word_1_126' title='bbox 825 2137 1002 2222; x_wconf 90' lang='lat' dir='ltr'>pecunia</span> <span class='ocrx_word' id='word_1_127' title='bbox 1040 2138 1081 2201; x_wconf 93' lang='lat' dir='ltr'>in</span> <span class='ocrx_word' id='word_1_128' title='bbox 1121 2137 1374 2222; x_wconf 90' lang='lat' dir='ltr'>stipendium</span> 
     </span>
     <span class='ocr_line' id='line_1_18' title="bbox 217 2244 1372 2330; baseline 0.001 -19"><span class='ocrx_word' id='word_1_129' title='bbox 217 2267 317 2330; x_wconf 92' lang='lat' dir='ltr'>opus</span> <span class='ocrx_word' id='word_1_130' title='bbox 358 2252 462 2324; x_wconf 86' lang='lat' dir='ltr'>erat,</span> <span class='ocrx_word' id='word_1_131' title='bbox 510 2267 641 2329; x_wconf 86' lang='lat' dir='ltr'>eaque</span> <span class='ocrx_word' id='word_1_132' title='bbox 680 2246 840 2311; x_wconf 84' lang='lat' dir='ltr'>tributo</span> <span class='ocrx_word' id='word_1_133' title='bbox 880 2244 1187 2324; x_wconf 83' lang='lat' dir='ltr'>conferebatur,</span> <span class='ocrx_word' id='word_1_134' title='bbox 1226 2246 1372 2312; x_wconf 85' lang='lat' dir='ltr'>invitis</span> 
     </span>
     <span class='ocr_line' id='line_1_19' title="bbox 215 2352 1370 2437; baseline 0 -19"><span class='ocrx_word' id='word_1_135' title='bbox 215 2353 541 2430; x_wconf 84' lang='lat' dir='ltr'>conferentibus,</span> <span class='ocrx_word' id='word_1_136' title='bbox 589 2354 656 2437; x_wconf 88' lang='lat' dir='ltr'>qui</span> <span class='ocrx_word' id='word_1_137' title='bbox 703 2353 807 2417; x_wconf 92' lang='lat' dir='ltr'>domi</span> <span class='ocrx_word' id='word_1_138' title='bbox 846 2352 1129 2431; x_wconf 86' lang='lat' dir='ltr'>remanebant,</span> <span class='ocrx_word' id='word_1_139' title='bbox 1174 2354 1270 2436; x_wconf 89' lang='lat' dir='ltr'>quia</span> <span class='ocrx_word' id='word_1_140' title='bbox 1308 2361 1370 2419; x_wconf 89' lang='lat' dir='ltr'>cet.</span> 
     </span>
     <span class='ocr_line' id='line_1_20' title="bbox 215 2459 1372 2545; baseline 0.002 -20"><span class='ocrx_word' id='word_1_141' title='bbox 215 2462 287 2526; x_wconf 90' lang='lat' dir='ltr'>Non</span> <span class='ocrx_word' id='word_1_142' title='bbox 311 2462 443 2545; x_wconf 85' lang='lat' dir='ltr'>elegans</span> <span class='ocrx_word' id='word_1_143' title='bbox 467 2460 614 2545; x_wconf 87' lang='lat' dir='ltr'>profecto</span> <span class='ocrx_word' id='word_1_144' title='bbox 636 2460 706 2525; x_wconf 87' lang='lat' dir='ltr'>haec</span> <span class='ocrx_word' id='word_1_145' title='bbox 730 2463 851 2525; x_wconf 87' lang='lat' dir='ltr'>oratio:</span> <span class='ocrx_word' id='word_1_146' title='bbox 888 2459 1196 2540; x_wconf 83' lang='lat' dir='ltr'>conferebatur,</span> <span class='ocrx_word' id='word_1_147' title='bbox 1224 2462 1372 2527; x_wconf 85' lang='lat' dir='ltr'>invitis</span> 
     </span>
     <span class='ocr_line' id='line_1_21' title="bbox 216 2568 1373 2653; baseline 0.002 -20"><span class='ocrx_word' id='word_1_148' title='bbox 216 2568 537 2648; x_wconf 87' lang='lat' dir='ltr'>conferentibus,</span> <span class='ocrx_word' id='word_1_149' title='bbox 569 2570 637 2651; x_wconf 92' lang='lat' dir='ltr'>qui</span> <span class='ocrx_word' id='word_1_150' title='bbox 659 2605 710 2649; x_wconf 86' lang='lat'>-‚</span> <span class='ocrx_word' id='word_1_151' title='bbox 740 2591 840 2652; x_wconf 92' lang='lat' dir='ltr'>quum</span> <span class='ocrx_word' id='word_1_152' title='bbox 862 2570 1046 2653; x_wconf 87' lang='lat' dir='ltr'>praesertim</span> <span class='ocrx_word' id='word_1_153' title='bbox 1069 2568 1260 2634; x_wconf 84' lang='lat' dir='ltr'>facillimum</span> <span class='ocrx_word' id='word_1_154' title='bbox 1284 2576 1373 2635; x_wconf 88' lang='lat' dir='ltr'>esset</span> 
     </span>
     <span class='ocr_line' id='line_1_22' title="bbox 217 2675 1371 2761; baseline 0.002 -20"><span class='ocrx_word' id='word_1_155' title='bbox 217 2675 431 2741; x_wconf 82' lang='lat' dir='ltr'>offensionem</span> <span class='ocrx_word' id='word_1_156' title='bbox 465 2679 569 2741; x_wconf 82' lang='lat' dir='ltr'>vitare</span> <span class='ocrx_word' id='word_1_157' title='bbox 599 2677 758 2758; x_wconf 85' lang='lat' dir='ltr'>(invitis</span> <span class='ocrx_word' id='word_1_158' title='bbox 788 2675 1064 2755; x_wconf 88' lang='lat' dir='ltr'>solventibus,</span> <span class='ocrx_word' id='word_1_159' title='bbox 1099 2678 1371 2761; x_wconf 88' lang='lat' dir='ltr'>querentibus</span> 
     </span>
     <span class='ocr_line' id='line_1_23' title="bbox 216 2784 1372 2868; baseline 0.002 -20"><span class='ocrx_word' id='word_1_160' title='bbox 216 2784 274 2863; x_wconf 88' lang='lat' dir='ltr'>iis,</span> <span class='ocrx_word' id='word_1_161' title='bbox 309 2784 489 2866; x_wconf 86' lang='lat' dir='ltr'>similiter);</span> <span class='ocrx_word' id='word_1_162' title='bbox 530 2784 587 2850; x_wconf 91' lang='lat' dir='ltr'>sed</span> <span class='ocrx_word' id='word_1_163' title='bbox 628 2806 669 2849; x_wconf 93' lang='lat' dir='ltr'>ne</span> <span class='ocrx_word' id='word_1_164' title='bbox 707 2791 834 2849; x_wconf 89' lang='lat' dir='ltr'>rectum</span> <span class='ocrx_word' id='word_1_165' title='bbox 873 2785 1006 2868; x_wconf 93' lang='lat' dir='ltr'>quidem</span> <span class='ocrx_word' id='word_1_166' title='bbox 1039 2792 1099 2850; x_wconf 88' lang='lat' dir='ltr'>aut</span> <span class='ocrx_word' id='word_1_167' title='bbox 1133 2785 1287 2851; x_wconf 88' lang='lat' dir='ltr'>Latinum</span> <span class='ocrx_word' id='word_1_168' title='bbox 1321 2792 1372 2850; x_wconf 89' lang='lat' dir='ltr'>est</span> 
     </span>
     <span class='ocr_line' id='line_1_24' title="bbox 216 2893 1372 2978; baseline 0.002 -22"><span class='ocrx_word' id='word_1_169' title='bbox 216 2893 426 2975; x_wconf 87' lang='lat' dir='ltr'>pecuniam</span> <span class='ocrx_word' id='word_1_170' title='bbox 456 2893 643 2958; x_wconf 87' lang='lat' dir='ltr'>conferre</span> <span class='ocrx_word' id='word_1_171' title='bbox 673 2893 847 2973; x_wconf 89' lang='lat' dir='ltr'>tributo;</span> <span class='ocrx_word' id='word_1_172' title='bbox 880 2914 957 2956; x_wconf 88' lang='lat' dir='ltr'>nam</span> <span class='ocrx_word' id='word_1_173' title='bbox 985 2900 1044 2957; x_wconf 88' lang='lat' dir='ltr'>aut</span> <span class='ocrx_word' id='word_1_174' title='bbox 1072 2895 1247 2978; x_wconf 89' lang='lat' dir='ltr'>pecunia</span> <span class='ocrx_word' id='word_1_175' title='bbox 1276 2915 1372 2958; x_wconf 91' lang='lat' dir='ltr'>oon-</span> 
     </span>
     <span class='ocr_line' id='line_1_25' title="bbox 215 2998 1372 3085; baseline 0.003 -23"><span class='ocrx_word' id='word_1_176' title='bbox 215 2998 362 3077; x_wconf 88' lang='lat' dir='ltr'>fertur,</span> <span class='ocrx_word' id='word_1_177' title='bbox 396 3003 518 3066; x_wconf 88' lang='lat' dir='ltr'>omissa</span> <span class='ocrx_word' id='word_1_178' title='bbox 545 3002 661 3066; x_wconf 89' lang='lat' dir='ltr'>tributi</span> <span class='ocrx_word' id='word_1_179' title='bbox 684 3001 866 3077; x_wconf 87' lang='lat' dir='ltr'>mentione,</span> <span class='ocrx_word' id='word_1_180' title='bbox 902 3007 961 3065; x_wconf 85' lang='lat' dir='ltr'>aut</span> <span class='ocrx_word' id='word_1_181' title='bbox 982 3001 1190 3066; x_wconf 91' lang='lat' dir='ltr'>tributum.</span> <span class='ocrx_word' id='word_1_182' title='bbox 1247 3000 1372 3085; x_wconf 90' lang='lat' dir='ltr'>Opinor</span> 
     </span>
     <span class='ocr_line' id='line_1_26' title="bbox 214 3107 1371 3193; baseline 0.003 -23"><span class='ocrx_word' id='word_1_183' title='bbox 214 3107 341 3171; x_wconf 84' lang='lat' dir='ltr'>Livium</span> <span class='ocrx_word' id='word_1_184' title='bbox 374 3111 559 3193; x_wconf 90' lang='lat' dir='ltr'>scripsisse:</span> <span class='ocrx_word' id='word_1_185' title='bbox 599 3130 725 3191; x_wconf 90' lang='lat' dir='ltr'>eaque</span> <span class='ocrx_word' id='word_1_186' title='bbox 764 3109 924 3174; x_wconf 89' lang='lat' dir='ltr'>tributo</span> <span class='ocrx_word' id='word_1_187' title='bbox 958 3108 1278 3188; x_wconf 79' lang='lat' dir='ltr'>conficiebatur,</span> <span class='ocrx_word' id='word_1_188' title='bbox 1312 3112 1371 3173; x_wconf 92' lang='lat' dir='ltr'>in·</span> 
     </span>
     <span class='ocr_line' id='line_1_27' title="bbox 215 3215 1371 3301; baseline 0.003 -23"><span class='ocrx_word' id='word_1_189' title='bbox 215 3217 312 3280; x_wconf 82' lang='lat' dir='ltr'>vitis</span> <span class='ocrx_word' id='word_1_190' title='bbox 348 3217 672 3296; x_wconf 81' lang='lat' dir='ltr'>conferentibus,</span> <span class='ocrx_word' id='word_1_191' title='bbox 707 3218 774 3299; x_wconf 92' lang='lat' dir='ltr'>qui</span> <span class='ocrx_word' id='word_1_192' title='bbox 808 3224 869 3282; x_wconf 90' lang='lat' dir='ltr'>cet.</span> <span class='ocrx_word' id='word_1_193' title='bbox 927 3215 1192 3283; x_wconf 87' lang='lat' dir='ltr'>Commemorata</span> <span class='ocrx_word' id='word_1_194' title='bbox 1224 3219 1371 3301; x_wconf 78' lang='lat' dir='ltr'>pecuniae</span> 
     </span>
     <span class='ocr_line' id='line_1_28' title="bbox 214 3325 1370 3410; baseline 0.003 -22"><span class='ocrx_word' id='word_1_195' title='bbox 214 3325 420 3402; x_wconf 83' lang='lat' dir='ltr'>necessitate,</span> <span class='ocrx_word' id='word_1_196' title='bbox 449 3325 567 3389; x_wconf 90' lang='lat' dir='ltr'>deinde</span> <span class='ocrx_word' id='word_1_197' title='bbox 591 3326 702 3390; x_wconf 88' lang='lat' dir='ltr'>Livius</span> <span class='ocrx_word' id='word_1_198' title='bbox 726 3325 898 3408; x_wconf 83' lang='lat' dir='ltr'>siguificat,</span> <span class='ocrx_word' id='word_1_199' title='bbox 927 3347 1000 3410; x_wconf 85' lang='lat' dir='ltr'>quae</span> <span class='ocrx_word' id='word_1_200' title='bbox 1023 3325 1094 3390; x_wconf 89' lang='lat' dir='ltr'>eius</span> <span class='ocrx_word' id='word_1_201' title='bbox 1117 3326 1273 3410; x_wconf 77' lang='lat' dir='ltr'>paranda</span> <span class='ocrx_word' id='word_1_202' title='bbox 1295 3347 1370 3391; x_wconf 91' lang='lat' dir='ltr'>con-</span> 
     </span>
     <span class='ocr_line' id='line_1_29' title="bbox 215 3431 1371 3518; baseline 0.003 -23"><span class='ocrx_word' id='word_1_203' title='bbox 215 3431 425 3514; x_wconf 87' lang='lat' dir='ltr'>ficiendaoque</span> <span class='ocrx_word' id='word_1_204' title='bbox 458 3433 511 3497; x_wconf 87' lang='lat' dir='ltr'>via</span> <span class='ocrx_word' id='word_1_205' title='bbox 544 3454 565 3497; x_wconf 90' lang='lat' dir='ltr'>a</span> <span class='ocrx_word' id='word_1_206' title='bbox 591 3454 627 3498; x_wconf 89' lang='lat' dir='ltr'>re</span> <span class='ocrx_word' id='word_1_207' title='bbox 651 3433 785 3517; x_wconf 91' lang='lat' dir='ltr'>publica</span> <span class='ocrx_word' id='word_1_208' title='bbox 806 3434 890 3499; x_wconf 84' lang='lat' dir='ltr'>inita</span> <span class='ocrx_word' id='word_1_209' title='bbox 912 3435 971 3513; x_wconf 91' lang='lat' dir='ltr'>sit;</span> <span class='ocrx_word' id='word_1_210' title='bbox 1005 3439 1076 3499; x_wconf 88' lang='lat' dir='ltr'>tum</span> <span class='ocrx_word' id='word_1_211' title='bbox 1100 3433 1143 3498; x_wconf 91' lang='lat' dir='ltr'>ad</span> <span class='ocrx_word' id='word_1_212' title='bbox 1165 3435 1371 3518; x_wconf 87' lang='lat' dir='ltr'>privatorum</span> 
     </span>
     <span class='ocr_line' id='line_1_30' title="bbox 215 3540 1371 3623; baseline 0.002 -19"><span class='ocrx_word' id='word_1_213' title='bbox 215 3540 364 3604; x_wconf 90' lang='lat' dir='ltr'>solvendi</span> <span class='ocrx_word' id='word_1_214' title='bbox 393 3540 611 3623; x_wconf 83' lang='lat' dir='ltr'>(conferendi)</span> <span class='ocrx_word' id='word_1_215' title='bbox 639 3542 841 3606; x_wconf 82' lang='lat' dir='ltr'>voluntatem</span> <span class='ocrx_word' id='word_1_216' title='bbox 869 3542 966 3606; x_wconf 82' lang='lat' dir='ltr'>venit.</span> <span class='ocrx_word' id='word_1_217' title='bbox 1024 3540 1213 3607; x_wconf 83' lang='lat' dir='ltr'>Reiieere</span> <span class='ocrx_word' id='word_1_218' title='bbox 1241 3548 1275 3607; x_wconf 88' lang='lat' dir='ltr'>et</span> <span class='ocrx_word' id='word_1_219' title='bbox 1307 3563 1371 3606; x_wconf 88' lang='lat' dir='ltr'>re-</span> 
     </span>
     <span class='ocr_line' id='line_1_31' title="bbox 215 3646 1371 3734; baseline 0.002 -22"><span class='ocrx_word' id='word_1_220' title='bbox 215 3646 321 3713; x_wconf 89' lang='lat' dir='ltr'>ferre</span> <span class='ocrx_word' id='word_1_221' title='bbox 344 3655 547 3714; x_wconf 87' lang='lat' dir='ltr'>commutata</span> <span class='ocrx_word' id='word_1_222' title='bbox 567 3649 710 3714; x_wconf 84' lang='lat' dir='ltr'>vidimus</span> <span class='ocrx_word' id='word_1_223' title='bbox 733 3650 818 3715; x_wconf 92' lang='lat' dir='ltr'>libro</span> <span class='ocrx_word' id='word_1_224' title='bbox 841 3649 882 3727; x_wconf 88' lang='lat' dir='ltr'>Il,</span> <span class='ocrx_word' id='word_1_225' title='bbox 907 3653 957 3728; x_wconf 85' lang='grc'>65,</span> <span class='ocrx_word' id='word_1_226' title='bbox 982 3652 1010 3713; x_wconf 88' lang='lat'>5.</span> <span class='ocrx_word' id='word_1_227' title='bbox 1056 3648 1227 3731; x_wconf 84' lang='lat' dir='ltr'>(Extremo</span> <span class='ocrx_word' id='word_1_228' title='bbox 1250 3651 1371 3734; x_wconf 87' lang='lat' dir='ltr'>capite,</span> 
     </span>
     <span class='ocr_line' id='line_1_32' title="bbox 215 3752 1372 3840; baseline 0.003 -22"><span class='ocrx_word' id='word_1_229' title='bbox 215 3752 232 3837; x_wconf 65' lang='grc' dir='ltr'>ἓ</span> <span class='ocrx_word' id='word_1_230' title='bbox 264 3760 317 3835; x_wconf 85' lang='grc'>11,</span> <span class='ocrx_word' id='word_1_231' title='bbox 351 3773 550 3839; x_wconf 89' lang='lat' dir='ltr'>quamquam</span> <span class='ocrx_word' id='word_1_232' title='bbox 584 3764 710 3822; x_wconf 89' lang='lat' dir='ltr'>certum</span> <span class='ocrx_word' id='word_1_233' title='bbox 744 3757 888 3835; x_wconf 84' lang='lat' dir='ltr'>videtur,</span> <span class='ocrx_word' id='word_1_234' title='bbox 921 3756 1026 3840; x_wconf 81' lang='lat' dir='ltr'>legem</span> <span class='ocrx_word' id='word_1_235' title='bbox 1062 3757 1102 3824; x_wconf 88' lang='lat' dir='ltr'>de</span> <span class='ocrx_word' id='word_1_236' title='bbox 1135 3758 1278 3823; x_wconf 84' lang='lat' dir='ltr'>tribunis</span> <span class='ocrx_word' id='word_1_237' title='bbox 1305 3779 1372 3823; x_wconf 92' lang='lat' dir='ltr'>non</span> 
     </span>
     <span class='ocr_line' id='line_1_33' title="bbox 215 3864 1372 3950; baseline 0.003 -23"><span class='ocrx_word' id='word_1_238' title='bbox 215 3865 410 3948; x_wconf 87' lang='lat' dir='ltr'>cooptandis</span> <span class='ocrx_word' id='word_1_239' title='bbox 448 3887 513 3930; x_wconf 94' lang='lat' dir='ltr'>non</span> <span class='ocrx_word' id='word_1_240' title='bbox 552 3867 701 3949; x_wconf 89' lang='lat' dir='ltr'>potuisse</span> <span class='ocrx_word' id='word_1_241' title='bbox 740 3864 845 3949; x_wconf 81' lang='lat' dir='ltr'>legis</span> <span class='ocrx_word' id='word_1_242' title='bbox 878 3864 1114 3930; x_wconf 89' lang='lat' dir='ltr'>tribuniciae</span> <span class='ocrx_word' id='word_1_243' title='bbox 1147 3865 1372 3950; x_wconf 82' lang='lat' dir='ltr'>appellatione</span> 
     </span>
     <span class='ocr_line' id='line_1_34' title="bbox 216 3970 1372 4057; baseline 0.002 -21"><span class='ocrx_word' id='word_1_244' title='bbox 216 3970 409 4052; x_wconf 83' lang='lat' dir='ltr'>significari,</span> <span class='ocrx_word' id='word_1_245' title='bbox 444 3993 516 4054; x_wconf 78' lang='lat' dir='ltr'>qua</span> <span class='ocrx_word' id='word_1_246' title='bbox 550 3973 593 4038; x_wconf 90' lang='lat' dir='ltr'>ad</span> <span class='ocrx_word' id='word_1_247' title='bbox 628 3994 832 4038; x_wconf 89' lang='lat' dir='ltr'>communem</span> <span class='ocrx_word' id='word_1_248' title='bbox 866 3972 1045 4038; x_wconf 87' lang='lat' dir='ltr'>multarum</span> <span class='ocrx_word' id='word_1_249' title='bbox 1074 3973 1184 4056; x_wconf 86' lang='lat' dir='ltr'>legum</span> <span class='ocrx_word' id='word_1_250' title='bbox 1212 3975 1372 4057; x_wconf 83' lang='lat' dir='ltr'>originem</span> 
     </span>
    </p>
   </div>
   <div class='ocr_carea' id='block_1_3' title="bbox 245 4156 1371 4311">
    <p class='ocr_par' dir='ltr' id='par_1_3' title="bbox 245 4156 1371 4311">
     <span class='ocr_line' id='line_1_35' title="bbox 245 4156 1371 4230; baseline 0.002 -20"><span class='ocrx_word' id='word_1_251' title='bbox 245 4158 267 4224; x_wconf 87' lang='lat'>¹)</span> <span class='ocrx_word' id='word_1_252' title='bbox 288 4156 323 4226; x_wconf 87' lang='lat' dir='ltr'>[V</span> <span class='ocrx_word' id='word_1_253' title='bbox 341 4158 424 4226; x_wconf 85' lang='lat' dir='ltr'>plano</span> <span class='ocrx_word' id='word_1_254' title='bbox 443 4158 551 4213; x_wconf 87' lang='lat' dir='ltr'>omittit</span> <span class='ocrx_word' id='word_1_255' title='bbox 568 4176 675 4228; x_wconf 90' lang='lat' dir='ltr'>quum,</span> <span class='ocrx_word' id='word_1_256' title='bbox 693 4165 723 4215; x_wconf 86' lang='lat' dir='ltr'>ot</span> <span class='ocrx_word' id='word_1_257' title='bbox 740 4164 837 4230; x_wconf 84' lang='lat' dir='ltr'>potest</span> <span class='ocrx_word' id='word_1_258' title='bbox 854 4160 959 4214; x_wconf 79' lang='lat' dir='ltr'>abesse</span> <span class='ocrx_word' id='word_1_259' title='bbox 990 4160 1070 4215; x_wconf 88' lang='lat' dir='ltr'>Idem</span> <span class='ocrx_word' id='word_1_260' title='bbox 1088 4168 1267 4230; x_wconf 85' lang='lat' dir='ltr'>utramque</span> <span class='ocrx_word' id='word_1_261' title='bbox 1288 4176 1371 4227; x_wconf 84' lang='lat' dir='ltr'>rem,</span> 
     </span>
     <span class='ocr_line' id='line_1_36' title="bbox 284 4243 666 4311; baseline 0.005 -16"><span class='ocrx_word' id='word_1_262' title='bbox 284 4243 360 4311; x_wconf 90' lang='lat' dir='ltr'>quod</span> <span class='ocrx_word' id='word_1_263' title='bbox 380 4245 446 4298; x_wconf 76' lang='lat'><strong>18⁷3</strong></span> <span class='ocrx_word' id='word_1_264' title='bbox 465 4249 578 4297; x_wconf 89' lang='lat' dir='ltr'>secutus</span> <span class='ocrx_word' id='word_1_265' title='bbox 597 4261 666 4297; x_wconf 79' lang='lat' dir='ltr'>aum</span> 
     </span>
    </p>
   </div>
   <div class='ocr_carea' id='block_1_4' title="bbox 0 0 1534 5272">
    <p class='ocr_par' dir='ltr' id='par_1_4' title="bbox 0 0 1534 5272">
     <span class='ocr_line' id='line_1_37' title="bbox 0 0 1534 5272; baseline 0 0"><span class='ocrx_word' id='word_1_266' title='bbox 0 0 1534 5272; x_wconf 95' lang='lat' dir='ltr'> </span> 
     </span>
    </p>
   </div>
  </div>
 </body>
</html>
