3060 5272
222 348 284 404 Lib.
303 348 324 403 L
779 336 820 398 62

223 520 523 601 14114.Π4.43,
552 526 609 600 44,
638 525 695 600 45,
724 524 765 585 46
795 522 926 605 gravior
949 521 1033 588 Livii
1060 527 1113 588 est
1134 542 1243 602 error,
1274 520 1379 605 quod,

222 637 295 697 4444
315 653 351 696 14
375 630 512 696 obscure
534 631 643 695 animo
667 628 912 713 comprehensa,
942 651 990 712 ea,
1018 651 1091 713 quae
1114 650 1141 696 c.
1163 633 1215 712 43,
1244 634 1263 695 4
1285 629 1378 713 (4414

221 739 378 824 Dionysio
395 738 561 804 Halicarn.
580 738 636 818 IX,
658 741 678 801 2
697 738 905 822 conspirans)
924 738 1049 805 Fabio
1072 738 1156 805 duce
1177 740 1217 804 in
1233 737 1378 805 Veien-

222 847 335 913 tibus
357 847 518 913 accidisse
540 845 713 930 significat,
735 851 853 931 postea
870 868 897 912 4.
916 852 969 929 44,
995 852 1031 911 11
1051 853 1086 913 44
1102 850 1154 928 46,
1178 851 1193 911 l
1213 847 1248 912 in
1264 867 1377 913 rerum

222 957 361 1040 proximi
396 956 473 1021 anni
500 955 688 1021 narratione
715 962 875 1039 tanquam
901 957 935 1021 in
963 955 1101 1039 AEqnis
1128 962 1224 1040 gesta
1249 962 1376 1022 narrat.

153 1076 206 1146 (41)
225 1063 528 1143 Drakenborehius,
563 1061 686 1146 Sigonii
714 1063 835 1129 librum
856 1064 1117 1130 recentissimum
1138 1070 1173 1131 et
1194 1064 1378 1149 interpela-

220 1174 384 1238 tissimum
417 1180 452 1238 et
483 1172 629 1238 eiusdem
662 1173 791 1255 generis
820 1173 961 1239 alterum
991 1171 1071 1254 (lla)
1100 1179 1246 1255 secutus,
1273 1194 1301 1239 4.
1330 1175 1375 1237 43

220 1282 394 1347 Veientum
423 1287 457 1346 44
483 1280 665 1363 AEquornm
694 1281 826 1346 nomina
854 1282 1074 1366 transposuit,
1107 1281 1196 1366 quod
1226 1280 1374 1363 ,livium

220 1412 284 1455 non
313 1388 450 1456 ferenda
477 1390 511 1453 in
538 1390 624 1454 tanti
646 1388 786 1454 nominis
809 1408 848 1453 ae
870 1388 965 1456 famae
987 1390 1144 1456 historico
1166 1389 1379 1473 neglegentia

220 1499 334 1583 paucis
357 1497 539 1563 interiectis
562 1497 613 1561 sui
636 1496 776 1562 oblitum
798 1499 890 1563 esse“
915 1521 982 1564 non
1005 1497 1170 1580 credebat,
1190 1497 1376 1582 habuitque

220 1607 456 1688 obsequentes,
495 1605 551 1687 qui
590 1606 624 1669 in
658 1606 826 1689 superiore
859 1606 932 1672 loco
965 1606 1134 1673 codicibus
1168 1606 1375 1688 obedierant,

220 1715 446 1799 Kreyssigium
468 1720 502 1777 et
523 1712 701 1792 Hertzium,
731 1713 1010 1796 dissentientibus,
1033 1716 1090 1801 qui
1112 1714 1181 1780 illic
1201 1714 1373 1781 Dukerum

221 1830 337 1888 contre
365 1821 496 1887 codices
525 1823 629 1887 secuti
659 1828 768 1900 erant,
803 1822 1008 1889 Alschefskio
1038 1830 1073 1890 et
1093 1821 1371 1890 Weissenbornio.

218 1931 352 1997 Utinam
375 1951 440 1996 non
462 1930 568 1997 multo
590 1931 741 2012 graviora
759 1930 869 1996 Livius
892 1933 1110 1998 commisisset
1132 1939 1166 1998 et
1183 1953 1256 2016 qnae
1272 1931 1374 1998 verbo

218 2062 284 2105 uno
315 2039 460 2105 alterove
488 2038 644 2103 mutando
666 2039 950 2124 transponendove
973 2040 1141 2106 occultare
1163 2061 1231 2106 non
1253 2040 1370 2125 possis.

220 2149 290 2214 Lib.
315 2148 376 2228 IV,
412 2150 468 2227 30,
503 2150 541 2210 15
564 2146 598 2211 14
622 2147 772 2212 44141444
794 2147 972 2228 codicibus,
1006 2149 1151 2232 exceptis
1172 2148 1279 2214 411444
1303 2170 1372 2215 4111-

217 2259 308 2323 nium
330 2255 450 2322 infimis
474 2254 603 2337 (iisdem
627 2253 804 2339 Sigoniano
828 2263 862 2322 44
883 2255 945 2336 Ha,
969 2264 1039 2321 tum
1062 2255 1370 2342 Harercampiano),

218 2366 390 2432 scribitur:
424 2370 467 2428 ut
490 2361 708 2440 Quinctius
739 2366 881 2431 consul
905 2363 1082 2430 debello
1106 2365 1157 2430 ad
1179 2363 1372 2450 populum

216 2474 361 2551 ferret,
395 2478 428 2537 et
462 2493 488 2536 c.
520 2476 575 2552 31,
613 2477 627 2534 1
663 2471 775 2537 Livius
809 2473 960 2557 proximo
994 2493 1080 2541 anno
1115 2473 1151 2538 T.
1182 2471 1372 2550 Quinotium

216 2583 364 2647 Pennnm
394 2603 440 2646 ex
472 2580 693 2646 consulatu
722 2581 891 2646 tribunum
913 2581 1054 2646 militum
1076 2588 1224 2647 creatum
1245 2581 1371 2647 scribit.

216 2690 318 2771 Atqui
341 2709 441 2773 supra
463 2712 489 2754 c.
515 2693 570 2769 30,
602 2693 640 2753 12
664 2688 818 2754 consules
846 2687 944 2754 huius
967 2690 1043 2754 anni
1066 2688 1216 2755 ediderat
1238 2686 1273 2755 O.
1296 2688 1372 2756 Ser·

217 2799 329 2863 vilium
351 2798 499 2876 Ahalam,
525 2798 560 2862 L.
579 2797 747 2881 Papirium
769 2795 1000 2881 Mugillanum
1022 2797 1058 2862 T.
1078 2795 1249 2875 Quinctius
1271 2817 1369 2882 supe·

217 2909 305 2972 riore
333 2927 418 2972 anno
449 2905 561 2972 consul
589 2905 699 2970 luerat
727 2903 759 2987 (ξ
781 2904 825 2986 4).
881 2905 996 2988 Itaque
1020 2905 1130 2971 Livius
1153 2927 1219 2972 non
1241 2907 1309 2972 iam
1330 2927 1373 2973 ex

217 3015 346 3081 duobus
375 3014 563 3081 hominibus
587 3013 726 3078 alterum
749 3034 808 3096 pro
832 3013 936 3078 altero
959 3014 1148 3094 nominavit,
1178 3013 1369 3098 441144414-

215 3125 346 3208 gentius
374 3122 487 3188 Ahala
515 3127 549 3187 et
576 3121 746 3204 Mugillani
776 3121 898 3188 oblitus
929 3121 971 3187 411
1000 3122 1188 3206 superiores
1217 3121 1370 3188 consules

216 3232 396 3312 aberravit,
429 3232 540 3297 nescio
574 3230 653 3314 quid
685 3231 720 3294 in
753 3229 858 3296 altero
888 3251 928 3296 411
955 3231 996 3297 114
1026 3230 1197 3313 deligendo
1225 3235 1368 3297 secutus.

214 3341 368 3408 Edito'res
397 3338 472 3405 inde
500 3338 689 3424 aSigonio,
724 3340 869 3424 exeeptis
891 3338 1057 3421 Bekkero,
1089 3338 1369 3420 Weissenbornio,

214 3450 363 3530 Hertzio,
399 3449 481 3514 Livii
516 3468 659 3513 errorem
695 3447 916 3513 audacissima
949 3448 1131 3513 mutatione
1160 3447 1370 3514 occultarunt

214 3559 272 3640 (ut
299 3556 490 3623 44444144
521 3555 567 3620 114
589 3554 698 3620 44114
721 3576 751 3619 4.
774 3577 805 3638 p.
828 3554 1021 3637 ferrent),
1049 3553 1274 3622 Alschelslrius
1297 3555 1370 3640 qui·

214 3667 298 3747 dem,
321 3666 419 3731 homo
442 3664 587 3747 alioquin
610 3661 846 3729 incredibiliter
869 3664 1128 3747 superstitiosus,
1152 3665 1254 3730 etiam
1274 3685 1302 3730 4.
1326 3666 1366 3729 31

214 3797 261 3840 ex
289 3773 504 3839 consulatu
533 3771 663 3838 delevit.
719 3770 825 3853 Magis
854 3773 955 3838 etiam
984 3772 1067 3837 Livii
1095 3773 1129 3837 in
1157 3773 1298 3839 materia
1325 3793 1368 3839 411

283 3965 385 4018 snpra
412 3947 503 4001 44111
529 3947 648 4002 Latini
677 3954 815 4013 metum,
843 3948 896 4002 etsi
922 3947 1080 4002 rectissime
1102 3947 1239 4016 aliquid
1261 3964 1369 4018 snpra

281 4034 451 4089 hominem
468 4050 542 4087 esse
560 4038 589 4086 et
606 4032 721 4103 putari
739 4032 851 4087 dieitur.
879 4031 910 4086 Si
932 4033 993 4102 4414
1010 4033 1122 4088 Livium
1139 4050 1233 4088 errore
1250 4033 1367 4090 liberari

281 4120 352 4188 vult,
370 4118 548 4175 scribendum
567 4119 622 4172 erit
639 4119 674 4173 in
692 4117 791 4188 qnod,
810 4122 843 4172 ut
860 4118 947 4173 verba
964 4118 1005 4174 sie
1024 4118 1205 4174 ordinentur:
1229 4119 1313 4175 Nam
1330 4119 1367 4175 id

281 4221 417 4276 qnoque
440 4204 488 4272 (de
506 4203 629 4272 Sabinis)
653 4209 852 4260 accesserat
870 4221 974 4275 super
991 4204 1077 4259 belli
1094 4204 1210 4260 Latini
1226 4209 1366 4275 11144414,

280 4289 315 4344 in
334 4307 352 4358 q
358 4289 427 4354 4411
444 4296 496 4345 cet
533 4289 587 4345 Sed
604 4289 756 4360 perdurum
773 4289 828 4345 hoo
847 4286 919 4358 erit]
