3060 5272
704 839 764 903 105
1178 852 1242 909 inb.
1260 852 1310 908 111.

152 1023 304 1092 civiles
338 1031 530 1092 externos
557 1025 709 1093 tollere
738 1024 901 1090 animos.
953 1023 1103 1090 Debebat
1131 1024 1211 1090 dici:
1245 1047 1313 1090 ur-

152 1133 262 1201 bano
295 1134 380 1202 otio
413 1131 521 1200 ioris
554 1154 731 1218 quoque,
763 1152 824 1198 nec
855 1132 925 1198 ulla
959 1139 1009 1199 est
1038 1133 1158 1198 mutati
1187 1133 1312 1199 ordinis

156 1243 335 1311 excusau'o.
380 1239 500 1324 [Recto
525 1241 642 1309 ordine
664 1239 753 1325 V.]¹)

243 1348 322 1434 Cap.
346 1353 397 1428 67,
421 1353 440 1415 5
463 1347 512 1431 (in
534 1350 685 1416 oratione
707 1348 743 1414 T.
762 1346 909 1427 Quinctii
931 1346 1110 1433 Capitolini
1132 1347 1309 1430 consulis):
1327 1364 1383 1432 (aa)

156 1458 243 1525 Non
279 1457 346 1523 illi
380 1456 493 1541 (AEqm
527 1464 561 1524 et
593 1456 719 1539 Volsci)
759 1462 939 1522 vestram
977 1457 1180 1538 ignaviam
1221 1477 1312 1523 con·

155 1573 363 1651 tempsere
390 1585 465 1631 nec
492 1585 572 1632 sure
593 1565 742 1631 virtuti
765 1564 915 1631 conlisi
939 1571 1048 1645 sunt3
1076 1565 1230 1649 quippe
1252 1570 1313 1630 to·

153 1675 234 1740 ties
268 1672 353 1739 lusi
385 1671 620 1756 fugatique,
655 1673 811 1739 eastris
844 1673 971 1751 exuti,
1005 1692 1103 1756 agro
1136 1672 1312 1753 multati,

155 1782 229 1849 sub
262 1783 400 1862 iugum
433 1781 547 1847 missi
580 1787 620 1847 et
649 1801 691 1847 se
719 1787 761 1846 ct
787 1802 859 1845 ros
886 1800 1041 1846 novere.
1096 1779 1315 1846 Discordia

155 1890 345 1956 ordinum
388 1895 451 1955 est
492 1908 689 1955 venenum
732 1887 846 1954 urbis
889 1889 1024 1968 huius,
1068 1894 1229 1974 patrum
1268 1908 1314 1953 ac

155 1998 292 2084 plebis
314 1996 558 2077 certamina3
581 1996 670 2062 dum
691 2016 764 2062 nec
785 1996 902 2062 nobis
925 1997 1089 2082 imperii
1111 2016 1183 2062 nee
1198 1995 1315 2062 vobis

156 2105 376 2173 libertatis
398 2111 463 2171 est
484 2104 643 2184 modus,
673 2104 762 2170 dum
790 2105 915 2170 taedet
943 2125 1010 2170 vos
1033 2105 1314 2188 patriciorum,

156 2215 231 2281 bos
279 2212 539 2299 plebeiorum
587 2213 933 2296 magistratuum,-
986 2212 1200 2278 sustulere
1249 2211 1314 2277 illi

157 2323 322 2388 animos.
384 2320 457 2386 Non
489 2326 581 2386 recte
614 2341 654 2386 ex
687 2341 727 2386 co
760 2321 850 2404 ipso,
889 2320 980 2404 quod
1012 2319 1151 2385 taederet
1183 2319 1314 2403 plebem

156 2430 375 2516 patriciorum
413 2429 683 2512 magistratuum,
721 2429 881 2513 patricios
919 2427 1140 2512 plebeiorum,
1180 2447 1241 2492 nec
1274 2449 1313 2493 ex

158 2539 259 2604 nimio
299 2536 517 2623 patriciorum
554 2536 685 2620 imperii
725 2556 851 2616 amore,
896 2535 1099 2619 plebeiorum
1137 2534 1314 2612 libertatis,

158 2646 257 2729 AEqui
280 2652 315 2711 et
335 2643 447 2710 Volsci
470 2642 643 2710 sustulisse
666 2644 793 2711 animos
816 2644 987 2723 dicuntur,
1021 2642 1139 2725 (neque
1162 2641 1248 2707 enim
1270 2640 1313 2705 ad

159 2776 216 2821 eos
249 2752 308 2820 illa
340 2751 554 2837 pertinebant
563 2750 584 2833 ;)
623 2757 758 2837 propter
799 2751 981 2818 certamina
1019 2771 1059 2816 ex
1097 2749 1163 2814 illis
1196 2747 1315 2813 studiis

161 2870 236 2929 crta
267 2859 431 2927 rebellare
463 2860 536 2925 ausi
566 2866 670 2925 erant.
726 2861 845 2944 ltaque
877 2857 1039 2938 Clericus,
1072 2878 1169 2940 quem
1195 2855 1315 2940 Kreys-

160 2971 261 3054 sigius
283 2974 419 3035 secutus
441 2974 502 3048 est,
523 2969 572 3033 sic
589 2967 773 3034 orationem
790 2967 949 3046 distinxit,
971 2987 1040 3032 una
1055 2966 1169 3031 littera
1185 2964 1315 3030 addita:

160 3074 378 3143 Discordia
416 3083 480 3142 est
519 3096 713 3141 venenum
752 3075 868 3140 urbis
901 3075 1038 3154 huius;
1076 3081 1237 3157 patrum
1270 3093 1315 3139 ao

160 3184 298 3270 plebis
321 3183 559 3262 certamino,
582 3182 673 3248 dum
693 3219 737 3228 —
759 3184 1083 3267 magistratuum,
1108 3182 1315 3248 sustulere

161 3292 248 3356 lllls
270 3293 437 3373 animos,
464 3297 503 3357 ut
524 3289 583 3357 illa
605 3292 693 3357 dum
715 3312 787 3356 nec
809 3291 926 3358 nobis
950 3299 1011 3358 cet.
1035 3291 1077 3357 ad
1100 3291 1315 3356 certaminum

161 3421 298 3467 causam
327 3407 361 3466 et
386 3405 540 3465 naturam
563 3398 772 3465 indicandam
796 3399 970 3465 addantur.
1022 3398 1200 3479 (Tollere
1227 3397 1315 3463 ani·

162 3528 245 3574 mos
267 3506 398 3573 alicui
420 3507 543 3591 legitur
564 3506 635 3586 VH,
665 3510 694 3587 7,
722 3506 766 3589 3.)
819 3508 939 3572 Vemm
967 3529 1005 3573 eo
1034 3509 1138 3591 magis
1168 3512 1316 3590 apparet,

161 3636 260 3698 qnam
303 3635 457 3700 perverse
501 3616 590 3682 iuter
628 3614 698 3680 haec
737 3620 771 3680 et
808 3616 981 3699 superiora
1018 3615 1110 3681 illar·
1136 3636 1212 3680 non
1251 3613 1315 3678 illi

190 3802 212 3868 ¹)
232 3799 276 3873 [ln
295 3802 379 3857 buius
401 3801 504 3872 capitis
527 3797 544 3872 ξ
565 3804 578 3854 1
597 3799 784 3856 Mommsenio
807 3801 929 3869 suspicio
952 3798 1048 3854 ecod.
1067 3799 1093 3851 V
1109 3799 1260 3854 manifesto
1279 3799 1317 3853 la

231 3903 339 3943 cunoso
364 3884 423 3954 (llo
450 3925 484 3939 ..
507 3926 513 3939 .
538 3885 694 3956 pericios
721 3886 793 3941 netl
816 3927 821 3937 .
841 3927 847 3938 .
870 3924 877 3938 .
902 3890 1110 3954 cooptavere
1137 3902 1175 3940 co
1200 3886 1314 3939 ...ti-

227 3971 444 4041 spherminiu
474 3970 545 4038 ...)
577 3969 665 4026 ducta
690 3970 725 4025 de
752 3971 855 4026 ceteris
882 3969 1029 4026 codicibus
1055 3969 1191 4024 historica
1216 3968 1316 4026 fraudo

227 4056 407 4127 interpolatis
426 4056 542 4112 omnino
561 4056 756 4126 improbabilis
774 4062 824 4111 est
847 4055 1021 4123 CurLirius,
1039 4055 1137 4124 quiex
1151 4055 1271 4110 tribunis
1286 4055 1316 4111 in

227 4142 351 4199 comitiis
377 4142 481 4198 mostis
508 4159 594 4199 uuum
621 4146 720 4211 postea
746 4139 918 4196 Trebonium
944 4141 1085 4207 nominat,
1117 4145 1316 4210 cooptatorum

226 4228 344 4283 nomina
360 4228 511 4299 posuisset,
530 4227 555 4282 si
572 4227 644 4283 nihil
663 4227 692 4281 in
710 4227 744 4281 iis
763 4227 889 4281 notabile
907 4226 1027 4282 fuisset?
1054 4226 1092 4280 Et
1109 4243 1165 4296 quo
1183 4225 1316 4295 pertinet,

227 4312 304 4382 qnod
327 4313 477 4369 subiicitur
498 4312 534 4367 de
551 4313 583 4367 L.
601 4311 744 4367 Trebonio
766 4312 894 4382 patribus
917 4312 954 4366 ob
973 4313 1187 4381 cooptationem
1204 4309 1317 4379 infesto,

227 4397 281 4452 nisi
304 4397 341 4452 nd
362 4396 434 4453 illud
457 4397 494 4452 de
515 4398 643 4469 patriciis
666 4398 808 4467 cooptatis
832 4401 899 4452 ante
920 4397 1084 4451 narratum?
1112 4395 1178 4463 Gir„
1201 4413 1264 4465 quae
1281 4395 1316 4465 V,

230 4485 271 4550 10,
299 4485 332 4538 10
348 4488 378 4537 et
398 4486 428 4537 ll
447 4482 597 4537 traduntur
615 4482 650 4536 dc
669 4482 872 4537 eiusdemmodi
892 4483 1075 4551 cooptatione
1093 4487 1212 4536 tentata
1253 4478 1317 4536 Om-

228 4568 297 4623 nino
314 4567 478 4623 buiusmodi
497 4567 584 4623 studfi
603 4573 650 4622 aut
667 4566 775 4622 fraudis
793 4567 829 4621 ad
845 4568 936 4636 ipsam
949 4568 1139 4621 narrationem
1153 4566 1316 4623 mutandam

232 4654 389 4723 spectantis
406 4651 515 4708 nullum
533 4653 680 4707 minimum
697 4652 811 4707 inLivii
826 4651 972 4706 codicibus
985 4651 1137 4721 vestigium
1152 4658 1203 4708 ast
1241 4655 1316 4709 lara.

228 4736 311 4795 Nunc
327 4737 533 4794 Mommsenins
550 4738 612 4809 ipse
630 4738 819 4808 suspicionem
838 4737 950 4792 abiecit.
988 4735 1073 4807 leto]
