3060 5272
712 798 773 859 225
1206 809 1269 864 aa.
1287 809 1322 864 K

162 990 203 1050 et
235 982 467 1050 cernebant
500 982 768 1047 adversarios
802 1001 891 1061 non,
926 980 965 1045 id
1001 981 1107 1063 quod
1136 979 1230 1045 oiim
1259 982 1323 1046 vix

164 1092 446 1177 speraverint,
491 1089 756 1154 adfectantes
799 1109 966 1171 magnos
1013 1089 1206 1168 honores,
1251 1089 1322 1154 sed

167 1201 300 1266 omnia
331 1200 425 1278 iam,
457 1198 497 1262 in
533 1218 701 1281 quorum
735 1218 845 1280 spem
878 1196 1041 1262 dubiam
1070 1201 1159 1262 erat
1189 1203 1322 1261 certa-

164 1314 266 1391 tum,
298 1307 481 1390 adeptos.
542 1305 676 1370 Pondus
713 1305 873 1370 orationis
902 1309 955 1369 est
987 1306 1020 1368 in
1050 1302 1321 1369 adfectantes.

164 1415 251 1482 Olim
272 1413 395 1499 plebeii
417 1415 472 1478 vix
495 1413 664 1478 adfectare
687 1434 722 1478 se
744 1413 896 1488 honores,
920 1412 983 1477 hoc
1005 1417 1064 1491 est,
1082 1416 1196 1495 petere
1214 1431 1322 1495 posse,

164 1529 392 1607 speraverant;
415 1526 497 1585 tune
519 1522 587 1585 iam
609 1521 723 1605 adepti
746 1519 866 1602 erant.)

249 1628 328 1713 Gap.
352 1633 381 1709 7,
405 1633 424 1692 9
448 1635 482 1695 et
507 1632 546 1692 10
570 1627 618 1710 (in
640 1628 675 1694 P.
699 1628 792 1693 Decii
815 1627 919 1693 Muris
942 1628 1102 1706 oratione,
1126 1647 1192 1710 qua
1214 1626 1320 1708 legem

164 1736 338 1819 Ogulniam
370 1736 505 1819 suasit):
541 1738 603 1801 eui
632 1736 795 1801 deorum
828 1735 1078 1800 hominumve
1111 1734 1321 1816 indignum

164 1846 294 1911 videri
316 1851 472 1930 potest,
501 1865 568 1910 eos
590 1844 712 1923 viros,
742 1864 841 1927 quos
863 1864 931 1908 vos
955 1843 1074 1908 sellis
1097 1841 1322 1920 curulibus,

163 1958 259 2036 toga
281 1952 812 2038 praetexta-honoraritis,
832 1972 999 2036 quorum
1016 1950 1152 2017 domos
1171 1949 1321 2034 spoliis

165 2061 342 2127 hostium
367 2060 521 2125 adfixis
544 2061 726 2142 insignes
748 2061 860 2124 inter
882 2056 985 2123 alias
1007 2057 1207 2135 feceritis,
1230 2077 1322 2141 pon·

163 2167 348 2234 tificalia
380 2175 505 2250 atque
538 2167 756 2250 auguralia
787 2166 966 2248 insignia
999 2165 1201 2232 adiicere?
1246 2164 1321 2243 Qui

164 2275 272 2341 Iovis
305 2277 451 2359 optimi
484 2276 646 2340 maximi
669 2280 818 2340 ornatu
841 2273 1077 2354 decoratus,
1106 2294 1228 2338 curru
1251 2293 1321 2337 au·

164 2390 255 2449 rato
284 2404 355 2467 per
382 2382 523 2448 urbem
545 2388 689 2448 vectus
711 2384 752 2447 in
775 2379 1025 2466 Capitolium
1048 2381 1321 2460 adscenderit,

165 2491 200 2556 is
222 2491 506 2574 conspiciatur
528 2490 567 2571 (P
590 2493 651 2554 m.l
677 2490 960 2556 accenderitis
988 2488 1208 2574 spiciatur)
1237 2509 1322 2553 cum

166 2598 309 2682 capide
349 2619 395 2663 ac
431 2599 551 2677 lituo,
590 2599 726 2681 capite
759 2596 915 2678 velato,
962 2599 1164 2688 victimam
1197 2595 1322 2662 caedet

166 2707 433 2788 auguriumve
461 2727 508 2771 ex
529 2727 622 2771 arce
645 2706 806 2790 capiet?
836 2702 959 2770 Cuius
981 2705 1171 2789 imaginis
1195 2703 1322 2769 titulo

166 2814 407 2880 consulatus
435 2834 692 2898 censuraque
721 2820 760 2880 et
788 2812 1020 2897 triumphus
1050 2834 1162 2897 aequo
1191 2812 1322 2877 animo

165 2921 343 3006 legetur,
383 2922 417 2987 si
457 2927 700 3004 auguratum
734 2928 804 2987 aut
836 2920 1127 3006 pontificatum
1161 2919 1323 2985 adiece-

38 3030 45 3044 ’
165 3030 276 3109 ritis,
308 3050 388 3094 non
416 3029 686 3095 sustinebunt
714 3029 934 3114 legantium
963 3029 1098 3094 oculi?
1131 3028 1322 3112 Asimplici

167 3143 201 3202 et
222 3143 338 3221 aperta
361 3138 637 3220 interrogatione,
671 3160 736 3222 qua
770 3137 965 3203 adfirmatur
996 3137 1120 3202 nemini
1153 3137 1323 3220 indignum

165 3243 269 3310 videri
297 3265 412 3329 posse,
447 3247 502 3328 qui
531 3252 643 3311 cetera
670 3266 798 3311 summa
824 3245 959 3311 honoris
987 3246 1129 3329 insignia
1158 3246 1323 3311 consecuti

167 3353 247 3431 sint,
275 3353 376 3418 etiam
399 3353 588 3418 sacerdotes
610 3352 699 3433 fieri,
727 3375 888 3438 perquam
910 3353 991 3418 dure
1014 3354 1064 3418 vel
1087 3355 1199 3437 potius
1221 3374 1322 3438 prave

167 3458 278 3526 subito
311 3461 476 3526 transitur
508 3460 551 3524 ad
584 3461 758 3527 ironicam:
804 3460 879 3538 Qui
905 3496 949 3506 —
971 3461 1254 3540 adscenderit,
1288 3462 1322 3526 is

167 3568 451 3652 conspiciatur
476 3569 542 3631 —?
576 3570 757 3651 praesertim
792 3569 963 3652 praemissa
991 3571 1156 3635 sententia
1183 3569 1324 3634 relativa

167 3673 258 3752 (Qui
279 3710 323 3720 —
346 3675 638 3758 adscenderit),
672 3697 744 3759 quae
777 3677 890 3741 ironiae
923 3683 1094 3759 repugnat.
1139 3677 1248 3760 Atque
1281 3675 1322 3741 ab

166 3781 229 3847 hac
260 3783 368 3848 ironia
395 3782 525 3848 reditur
553 3782 595 3847 ad
624 3783 715 3848 illam
743 3785 886 3867 priorem
914 3784 1139 3865 interrogandi
1168 3783 1321 3849 formam:

166 3911 245 3956 non
267 3890 535 3957 sustinebunt
556 3891 781 3975 legentium
804 3891 935 3956 oculi?
958 3891 1075 3976 Itaque
1097 3889 1322 3957 Alschefskius

167 3997 307 4080 aliique,
336 4005 375 4065 ut
401 3998 464 4064 hoc
492 3999 609 4064 saltem
638 3998 879 4064 incommodum
907 4000 1082 4081 vitaretur,
1111 4001 1324 4084 arripuerunt

168 4105 537 4191 codicisPscripturam
560 4109 625 4190 qui
642 4107 717 4191 (pro
736 4107 825 4190 non)
844 4109 1115 4187 sustinebunt,
1139 4108 1222 4175 adeo
1245 4107 1323 4174 soli-

168 4215 304 4296 tariam,
333 4221 435 4280 utne
457 4215 554 4280 iniis
577 4215 725 4300 quidem,
755 4217 812 4298 qui
836 4214 860 4280 P
882 4218 976 4300 sequi
1004 4217 1125 4296 solent,
1154 4216 1323 4282 codicibus

168 4320 221 4404 (ut
241 4321 445 4408 Upsaliensi)
467 4323 661 4407 reperiatur.
706 4323 823 4406 Itaque
846 4323 924 4389 olim
947 4325 1047 4390 etiam
1069 4326 1211 4390 mediam
1232 4324 1324 4391 illam

168 4429 463 4514 interrogationem
492 4431 535 4496 ad
563 4431 703 4497 eandem
730 4431 869 4497 formam
896 4431 1044 4516 redigere
1072 4432 1255 4517 (praeunte
1283 4453 1324 4500 cx

169 4544 263 4621 parte
285 4538 566 4619 Weissenbornio)
589 4539 638 4604 ita
659 4546 798 4606 conatus
820 4562 906 4619 sum,
935 4548 973 4605 ut
996 4546 1072 4606 ante
1096 4542 1323 4626 conspicia-

1061 4683 1093 4736 15
