3060 5272
256 404 319 460 nio.
336 403 419 460 xxv.
544 388 547 392 ‘
800 393 862 455 750

255 584 327 643 tum
349 585 408 643 est.
451 575 651 660 Supererant
673 577 758 641 enim
781 583 823 657 et,
846 576 933 659 quod
955 576 1006 642 vel
1029 598 1046 642 e
1068 576 1196 662 Polybii
1217 578 1408 644 narratione

254 684 402 769 intellegi
424 691 549 769 potest,
579 685 612 750 in
635 685 731 751 domo
754 686 873 768 patris,
907 705 1105 768 quamquam
1132 687 1166 751 in
1196 686 1408 770 adoptionem

254 793 334 873 dati,
356 793 508 860 vivebant
530 793 595 859 duo
618 791 687 872 filii,
710 813 822 857 verum
844 793 974 859 nomine
992 790 1163 859 Cornelius
1179 792 1289 880 Scipio
1312 795 1406 875 alter,

253 901 339 967 alter
360 902 482 968 Fabius
504 901 681 981 Maximus,
715 907 831 967 neuter
857 900 989 967 Paulus.
1034 901 1106 968 Hoc
1134 924 1251 969 nomen
1278 904 1312 968 in
1341 902 1405 969 hao

253 1009 371 1076 saltem
394 1010 491 1076 domo
514 1011 710 1083 exstinctum
732 1016 852 1093 prater
873 1016 1002 1094 patrem
1024 1017 1107 1076 erat.
1144 1008 1250 1093 1864]

338 1117 417 1202 Cap.
441 1123 493 1198 40,
516 1121 534 1182 9
558 1117 613 1199 (de
629 1117 665 1182 L.
683 1117 818 1199 Paulo):
842 1117 987 1184 Paucis
1009 1127 1102 1204 post
1127 1120 1283 1199 diebus,
1307 1120 1404 1185 data

251 1247 272 1291 a
293 1226 336 1292 M.
359 1227 536 1293 Antonio
560 1234 607 1292 tr.
631 1226 681 1310 pl.
706 1227 914 1306 contione,
949 1247 1064 1309 quum
1094 1229 1139 1294 de
1168 1228 1255 1294 suis
1277 1222 1403 1293 rebus

250 1336 380 1419 gestis
402 1356 506 1401 more
535 1341 758 1400 ceterorum
791 1336 1084 1419 imperatorum
1113 1335 1401 1415 disseruisset,

249 1443 533 1509 memorabilis
557 1443 643 1508 eius
667 1444 804 1509 oratio
828 1450 867 1509 et
884 1443 1006 1527 digna
1024 1445 1209 1528 principe
1226 1443 1401 1509 Romano

249 1551 338 1617 fuit.
371 1551 446 1617 Non
464 1572 565 1635 quum
583 1550 803 1630 disseruisset,
828 1550 887 1616 sed
904 1552 937 1616 in
954 1552 1034 1635 ipsis
1049 1551 1149 1618 rebus
1167 1551 1402 1633 edisserendis;

249 1681 326 1725 nam
337 1680 449 1726 earum
467 1659 691 1726 recensionem
707 1659 870 1742 integram
887 1659 997 1739 habet,
1016 1681 1090 1745 quae
1108 1661 1263 1744 sequitur,
1281 1660 1399 1726 oratio.

249 1766 329 1834 Cod.
369 1767 557 1833 dedisset
595 1766 878 1833 remorabilis.
929 1760 1154 1851 Significatur:
1199 1790 1319 1852 quum
1357 1803 1401 1816 -

248 1876 494 1956 dissereret,
517 1875 847 1957 memorabilis.¹)

335 1981 413 2067 Cap.
437 1988 489 2064 41,
512 1990 532 2049 4
555 1984 603 2066 (in
626 1983 662 2048 L.
686 1983 780 2048 Pauli
804 1983 843 2049 de
867 1984 935 2049 suis
964 1984 1063 2049 rebus
1093 1984 1196 2067 gestis
1219 1983 1396 2065 oratione):

247 2093 344 2176 quia
376 2091 722 2176 inexpugnabilia
756 2099 893 2157 castra
925 2090 973 2173 (in
1001 2092 1072 2158 cod.
1107 2093 1169 2158 hoc
1202 2091 1399 2158 vocabulum

246 2200 420 2282 omittitur)
442 2199 616 2266 hostium
638 2208 754 2265 erent
771 2221 901 2284 neque
919 2201 1010 2285 cogi
1030 2221 1210 2285 pugnare
1228 2205 1398 2284 poterat

243 2330 329 2390 rex,
363 2310 470 2375 inter
499 2307 689 2393 prasidio
717 2309 802 2373 eius
836 2308 986 2374 saltum
1015 2309 1063 2374 ad
1091 2308 1253 2375 Petram
1281 2309 1395 2374 evasi

245 2424 284 2483 et
306 2416 357 2482 ad
386 2437 558 2502 pugnam
585 2437 678 2499 rege
707 2417 792 2481 acie
823 2417 910 2481 vici.
955 2416 1089 2481 Addunt
1111 2416 1187 2481 inde
1211 2437 1231 2481 a
1255 2416 1393 2500 Grynoeo

245 2532 390 2592 coacto
419 2524 481 2605 (ad
513 2545 687 2608 pugnam
719 2543 814 2605 rege
846 2523 1014 2604 coacto).
1061 2523 1126 2588 Sed
1148 2523 1323 2589 admodum
1346 2525 1396 2589 in·

243 2633 340 2699 ficeta
362 2633 425 2699 hoc
448 2633 498 2699 ad
519 2652 693 2716 pugnam
716 2651 808 2712 rege
832 2637 973 2697 coacto
992 2630 1164 2696 subiicitur
1181 2631 1247 2698 illis
1265 2651 1396 2716 neque

245 2742 337 2825 cogi
359 2761 541 2824 pugnare
563 2745 735 2823 poterat
761 2759 837 2802 rex.
883 2737 950 2805 Sub
973 2738 1093 2804 litteris
1117 2761 1289 2825 pugnem
1312 2739 1396 2806 latet

242 2869 360 2915 nomen
382 2847 461 2928 loci,
484 2870 549 2932 quo
572 2868 684 2913 carere
713 2847 860 2911 narratio
884 2848 938 2911 vix
964 2855 1090 2931 potest,
1121 2848 1395 2930 scribendumque

244 2964 310 3024 est:
333 2964 372 3024 et
395 2957 443 3022 ad
466 2956 620 3039 Pydna·
643 2976 776 3038 regem
799 2957 887 3021 acie
918 2957 1005 3021 vici.
1051 2955 1081 3039 (ᾗ
1107 2962 1121 3021 1
1148 2978 1187 3021 ex
1210 2956 1257 3022 ob
1281 2942 1407 3038 quam'

243 3066 457 3133 felicitate
481 3064 551 3131 fieri
575 3064 733 3130 debebat:
757 3071 796 3129 et
818 3084 897 3146 qua
920 3062 1150 3145 felicitate.)

328 3173 407 3259 (lap.
431 3179 482 3253 42,
506 3178 541 3238 6:
576 3173 731 3238 Paucos
765 3179 858 3256 post
891 3172 994 3251 dies,
1029 3193 1145 3256 qnam
1179 3172 1258 3238 baee
1292 3178 1394 3251 acte,

241 3283 372 3367 legati
406 3281 455 3347 ab
489 3279 612 3364 Cotye
646 3315 689 3325 —
722 3288 930 3346 venerunt.
977 3278 1101 3346 Codex:
1136 3302 1253 3365 qnam
1285 3279 1394 3345 baec-

241 3397 358 3456 tanta
380 3389 519 3473 legati.
563 3387 777 3454 Scribendum
800 3410 915 3471 quam
939 3388 1023 3454 baec
1045 3396 1138 3453 acta
1161 3395 1294 3466 erant;
1317 3408 1394 3452 nam

240 3500 357 3565 vitiose
391 3499 425 3562 in
457 3497 521 3562 hec
554 3498 725 3562 sententia
753 3496 858 3562 forma
879 3496 1013 3561 verbum
1041 3496 1282 3562 substantivum
1304 3495 1395 3579 apud

243 3607 454 3691 participium
488 3604 659 3669 omittitur.
706 3602 784 3686 (cn.
820 3603 862 3670 ad
891 3603 1021 3683 XXVII,
1052 3609 1079 3683 5,
1109 3608 1127 3669 9
1156 3627 1187 3689 p.
1212 3605 1298 3684 321.)
1342 3603 1393 3668 Ex

264 3842 328 3983 Ui
352 3847 541 3983 ldcbmbspst
568 3840 706 3980 (ἒξ-οηονίιίΙ
730 3841 901 3980 ementdetio:
931 3858 994 3910 qua
1020 3841 1198 3981 (proficuae,
1228 3840 1391 3981 codssque)

311 3946 418 4070 :lium
436 3925 1392 4082 ttsstltssz:sttssltttt:tntlltblt

309 4101 383 4167 nis).
418 4100 509 4154 Aliter
527 4098 575 4166 Vl,
595 4102 637 4165 42,
656 4101 672 4154 b
690 4098 797 4165 (semel)
816 4098 911 4153 Livius
930 4097 1011 4153 dixit:
1039 4099 1206 4152 bellatum
1229 4114 1300 4153 cum
1319 4097 1390 4152 Gal·

306 4184 349 4239 lis
372 4185 466 4239 circa
487 4186 663 4245 Anienem,
687 4184 814 4240 debello
834 4202 889 4239 une
904 4200 1001 4253 pugna
1018 4182 1157 4239 conlecto.
