3060 5272
244 331 306 390 Lib.
324 331 414 389 xm
790 318 852 382 658

244 505 402 590 plicata
423 503 562 570 verbis
584 504 712 586 regis,
735 523 818 586 quse
841 502 891 569 ad
914 504 1145 570 contionem
1167 508 1314 570 vocato
1337 524 1401 569 ex·

245 615 382 679 ercitu
414 612 568 679 habuit.
612 611 688 678 Non
720 611 925 696 pleraque,
959 610 1018 677 sed
1050 612 1159 677 omnia
1192 612 1262 678 sine
1296 611 1401 679 dubio

243 727 350 788 aucta.
398 718 523 787 Codex:
558 720 828 805 ampleraquae
865 719 1040 805 [Vahlenio
1074 725 1162 787 teste
1195 721 1401 804 ampleta·

243 829 340 915 que]
384 828 679 913 multiplicata.
740 828 877 894 Duobus
921 828 1022 912 igitur
1065 827 1236 895 adiectivis
1286 828 1399 893 Livius

243 959 323 1005 usus
368 943 454 1005 erat:
495 936 628 1021 ampla
667 936 959 1021 praeclaraque.
1004 935 1303 1019 (Weissenbornius
1336 937 1398 1001 mi·

242 1067 305 1113 nus
349 1051 439 1112 recte
484 1043 548 1112 duo
592 1045 769 1130 participia
807 1042 976 1128 effecit.)¹)
1036 1044 1163 1112 Deinde
1209 1043 1239 1129 (ἓ
1285 1043 1318 1127 5)
1361 1045 1399 1110 in

243 1153 355 1221 codice
400 1158 467 1220 est:
510 1152 641 1219 lectos
680 1152 721 1217 in
753 1158 927 1237 patrum,
966 1175 1047 1219 non:
1088 1152 1219 1221 lectos
1258 1153 1299 1218 in
1331 1172 1399 1237 pa·

241 1267 346 1328 trum
375 1282 593 1342 numerum;
625 1266 707 1346 puto
736 1260 863 1326 Livium
890 1263 1013 1328 usitate
1042 1261 1230 1346 scripsisse:
1264 1259 1397 1327 lectos

241 1371 282 1435 in
304 1375 453 1455 patres.
498 1368 601 1436 Paulo
634 1375 711 1454 post
744 1367 774 1452 (ἐ
802 1373 832 1450 8,
867 1371 900 1434 in
934 1369 1049 1436 eadem
1083 1371 1231 1437 oratione
1265 1366 1396 1450 Persei)

242 1477 366 1545 editur:
388 1479 474 1558 Aut,
497 1479 532 1543 si
548 1478 635 1543 acie
658 1477 880 1544 decernere
898 1479 1044 1558 solent,
1063 1477 1231 1543 cundem
1253 1496 1397 1561 pugnae

241 1585 453 1672 pedestris
476 1591 661 1651 eventum
684 1593 931 1670 exspectate,
954 1587 1023 1669 qui
1040 1586 1226 1670 equitum
1249 1586 1288 1650 in
1311 1605 1394 1650 cer·

241 1694 394 1760 tamine
427 1693 564 1759 fuerit.
607 1693 722 1778 Neque
757 1695 963 1760 coniunctim
997 1696 1030 1760 in
1064 1694 1310 1779 comparatione
1343 1693 1396 1758 rei

240 1822 346 1887 nuper
367 1808 444 1868 ante
467 1800 578 1868 oculos
601 1802 744 1867 omnium
765 1809 879 1885 gestae·
893 1823 997 1885 neque
1026 1799 1136 1868 futuro
1160 1807 1276 1867 exacto
1298 1800 1395 1866 locus

242 1916 307 1991 est3
332 1909 540 1977 scribendum
562 1910 749 1976 necessario
773 1916 840 1976 est:
875 1911 943 1993 qui
969 1945 1013 1957 -
1035 1909 1125 1976 fuit.
1171 1909 1326 1975 Erratum
1348 1907 1394 1974 ob

242 2037 382 2101 sequens
405 2023 452 2085 et.
496 2016 561 2084 Sed
581 2023 742 2102 praterea
758 2017 853 2083 valde
874 2018 1033 2104 suspicor,
1056 2018 1185 2083 bivium
1203 2018 1392 2102 scripsisse:

241 2125 309 2210 qui
342 2110 521 2209 equitum
555 2125 797 2193 certaminis
829 2125 924 2207 fuit,
958 2148 998 2192 ex
1031 2147 1059 2189 ιι
1089 2132 1197 2191 ortum
1230 2145 1302 2191 esse
1334 2125 1392 2205 in,

241 2232 359 2300 deinde
382 2235 618 2300 certamine.
663 2233 819 2300 Extremo
843 2235 951 2319 capite
974 2234 1005 2319 (ᾖ
1031 2233 1094 2317 11),
1119 2234 1177 2299 ubi
1201 2232 1394 2299 declaratur

241 2342 325 2409 situs
347 2342 479 2422 tumuli,
503 2342 546 2408 ad
569 2362 666 2427 quem
688 2340 824 2408 Perseus
847 2349 957 2410 castra
979 2345 1099 2428 posuit,
1124 2349 1156 2408 et
1178 2342 1323 2408 narratio
1347 2339 1391 2406 ad

240 2450 408 2518 Romanos
430 2448 637 2530 transfertur,
659 2451 805 2534 vestigiis
827 2450 949 2517 codicis
972 2449 1173 2533 (tumulus
1195 2449 1279 2534 hijc
1302 2457 1395 2515 ante

241 2562 439 2642 tempests
472 2564 536 2623 est
570 2558 721 2623 eminet
760 2557 898 2624 larisa
931 2559 1088 2624 medius
1128 2558 1271 2623 abesto
1305 2577 1395 2622 num

240 2686 319 2732 non
340 2664 639 2731 abscondentes
662 2663 711 2730 ad
738 2665 831 2749 ripa
852 2665 980 2748 parnei
1010 2666 1086 2747 cet.)
1122 2666 1260 2732 obscure
1294 2663 1393 2748 signi·

240 2771 334 2839 ficari
366 2772 496 2838 videtur
527 2772 720 2839 huiusmodi
754 2772 915 2839 orationis
949 2774 1070 2841 forma:
1105 2774 1294 2840 Tumulus
1328 2771 1393 2837 bic
1469 2825 1472 2831 .

241 2885 335 2947 ante
385 2879 526 2966 Tempe
577 2888 640 2947 est
690 2887 730 2947 et
779 2883 941 2962 eminet,
986 2902 1113 2946 coru·
1162 2888 1198 2945 et
1243 2881 1394 2947 Larisae

241 2987 441 3072 (Ussingius:
474 2987 599 3055 Philae
627 2994 667 3055 et
689 2987 874 3072 Larissa)
897 2990 1060 3056 medius.
1095 2991 1219 3057 Abest
1241 2990 1285 3053 **.
1319 2989 1393 3051 Ιο-

240 3096 340 3160 naal
363 3102 532 3178 nuncet,
555 3103 593 3163 ut
616 3097 726 3163 Livius
749 3097 864 3163 eadem
881 3100 1125 3166 constructione
1151 3120 1228 3164 usus
1251 3099 1303 3178 sit,
1327 3118 1394 3182 qua

241 3204 375 3273 Ovidius
409 3205 540 3273 locum
572 3205 748 3272 medium
780 3206 915 3290 iuguli
948 3214 987 3273 et
1016 3206 1167 3272 lacerti
1192 3207 1283 3272 dixit.
1328 3204 1394 3272 Sed

240 3334 294 3380 res
315 3314 445 3379 incerta
467 3318 526 3378 est.
572 3311 702 3396 [Itaque
731 3312 808 3381 olim
836 3313 903 3379 alia
933 3313 1080 3397 tentari]
1125 3315 1312 3400 Mopselum
1341 3322 1393 3380 tu-

240 3419 365 3486 mulum
398 3440 456 3486 cur
490 3419 629 3486 eundem
663 3442 733 3488 esse
763 3443 802 3488 ac
829 3421 995 3506 Mopsium
1025 3423 1184 3508 oppidum
1207 3423 1392 3501 credamus,

240 3528 333 3595 nulla
356 3533 406 3594 est
428 3547 537 3593 causa

327 3634 405 3720 Cap.
429 3638 479 3716 62,
504 3638 522 3700 6
546 3633 593 3718 (in
615 3637 763 3703 oratione
787 3658 915 3718 eorum,
939 3639 997 3722 qui
1018 3637 1139 3705 Perseo
1164 3637 1319 3718 suadent,
1351 3643 1393 3704 ut

155 3750 226 3820 (ule)
244 3764 361 3829 pacem
384 3765 404 3810 a
425 3743 579 3809 Romanis
601 3744 724 3829 petatl:
756 3745 891 3830 Neque
918 3745 1217 3812 finiribellum
1238 3747 1392 3831 magni·

240 3837 438 3918 licentius
472 3870 589 3934 quam
621 3851 669 3918 ab
703 3859 783 3919 tam
814 3853 1072 3920 memorabili
1105 3873 1392 3939 pugnansque

241 3979 351 4045 spem
383 3958 606 4026 firmiorem
639 3961 753 4045 pacis
791 3968 1001 4047 perpetuae
1042 3961 1144 4041 dari,
1178 3982 1294 4046 quam
1328 3969 1391 4029 cet.

266 4212 292 4279 ¹)
311 4210 328 4282 ἓ
348 4216 361 4266 l
380 4212 469 4268 dona
486 4241 520 4254 -
538 4214 625 4270 douo
648 4213 754 4271 dabat
770 4216 831 4273 iure
849 4215 1095 4274 Drakenborchius
1113 4217 1290 4287 improbavit
1322 4217 1390 4272 Tol·

309 4297 425 4353 lendum
442 4299 537 4355 dona.
