3060 5272
767 280 788 343 6

203 468 336 552 scriptis
363 466 609 533 adnotationem
632 465 808 542 eiusmodi,
838 463 947 548 qualis
975 463 1009 527 in
1033 462 1146 528 codice
1169 467 1355 526 nostrorum

203 575 380 660 archetypo
409 573 487 654 fuit,
520 595 541 640 a
568 574 674 658 primo
700 571 757 639 illo
780 571 1055 638 Nicomachomm
1079 570 1192 636 codice
1216 569 1356 634 alienam

202 684 321 750 iudico.
381 683 424 748 Et
460 684 568 767 ipsam
607 681 739 764 quidem
777 680 869 745 illam
910 680 1042 764 originis
1082 678 1357 753 communionem,

204 793 310 858 ductae
349 813 390 857 ex
428 811 493 857 uno
512 870 515 875 Ι
532 789 644 856 codice
682 810 747 854 non
780 789 896 874 paucis
929 787 1056 852 saeculis
1090 807 1111 851 a
1142 786 1225 851 Livii
1259 791 1357 851 aetate

204 901 362 979 seiuncta,
392 899 419 965 si
442 898 523 963 nihil
546 898 636 963 aliud
658 904 875 981 quareretur,
904 896 986 961 satis
1009 900 1097 961 esset
1119 894 1262 960 breviter
1283 894 1358 959 aliis

203 1008 400 1093 quibusdam
428 1007 625 1072 indiciorum
653 1006 828 1090 generibus
858 1005 901 1069 ad
928 1003 1181 1087 subscriptionis
1209 1004 1358 1068 testimo-

203 1118 295 1183 nium
326 1116 490 1181 adiunctis
524 1114 727 1184 confirmare.
788 1113 933 1179 Primum
967 1113 1054 1178 euim
1087 1132 1152 1177 uno
1187 1116 1220 1175 et
1253 1111 1359 1177 altero

202 1224 276 1290 loco
304 1224 404 1289 rerba
432 1225 558 1308 aliquot
587 1224 635 1288 sic
664 1244 763 1308 prauo
792 1222 866 1287 loco
895 1222 1072 1299 iterantur,
1102 1227 1140 1285 ut
1167 1240 1247 1285 casu
1269 1218 1303 1284 id
1325 1220 1360 1282 in

203 1334 354 1399 omnibus
378 1332 546 1398 codicibus
569 1331 685 1398 eodem
709 1330 806 1396 modo
829 1329 953 1394 factum
977 1350 1049 1407 esse
1071 1335 1225 1412 nequeat.
1275 1327 1357 1392 Eam

202 1462 272 1506 rem
293 1441 328 1504 in
349 1440 433 1506 libro
456 1440 472 1504 I
495 1460 566 1524 cap.
586 1444 637 1519 48,
661 1444 732 1504 lat
749 1444 767 1503 5
784 1439 911 1523 primus
929 1436 1216 1502 Drakenborchius
1233 1436 1360 1501 notarit

204 1547 375 1631 (domum
409 1569 449 1613 se
479 1548 686 1631 reciperet
713 1546 1061 1630 pervenissetque
1088 1545 1137 1609 ad
1167 1566 1358 1609 summum

203 1653 392 1740 Cyprium
413 1655 569 1736 uicum),
593 1677 652 1740 ego
676 1663 788 1720 autem
809 1655 844 1719 in
866 1653 952 1718 libro
976 1653 1019 1717 ll
1039 1674 1066 1717 c.
1086 1656 1136 1731 42,
1161 1657 1199 1716 12
1223 1651 1360 1733 (causa

203 1764 385 1830 libenter
407 1763 627 1844 facturos),
643 1763 699 1829 -de
728 1784 792 1846 quo
815 1763 889 1828 loco
913 1761 993 1826 mihi
1016 1759 1302 1827 Weissenbornius
1326 1767 1359 1824 et

203 1872 355 1938 Hertzius
379 1873 505 1938 assensi
529 1879 621 1952 sunt;
662 1871 840 1954 eodemque
871 1871 1037 1954 pertinent
1064 1870 1099 1935 in
1120 1868 1205 1934 libro
1228 1868 1282 1949 IV,
1309 1872 1361 1947 43,

153 1986 228 2055 (cll
255 1980 427 2047 verborum
456 2001 476 2047 a
504 1978 742 2046 consulibus
771 1980 857 2043 intra
879 1979 976 2043 breve
1000 1979 1144 2061 spatium
1165 1977 1360 2061 repetitio.¹)

204 2089 329 2155 Deinde
368 2089 495 2173 aliquot
532 2088 613 2153 locis
653 2087 752 2154 verba
791 2088 824 2152 in
865 2087 1015 2152 omnibus
1055 2084 1223 2150 codicibus
1262 2085 1358 2150 curit-

205 2204 320 2263 tuntur
341 2204 400 2263 aut
422 2197 539 2262 saltem
562 2197 595 2284 in
618 2196 768 2261 omnibus
790 2201 912 2279 praeter
934 2195 1179 2261 recentissimos
1203 2200 1237 2259 et
1257 2194 1360 2259 inter·

201 2305 332 2390 polatos
368 2305 420 2387 (ut
441 2304 506 2384 Ill,
534 2310 588 2385 47,
614 2310 644 2384 4,
674 2304 732 2369 ubi
760 2305 822 2369 ius
851 2326 917 2368 non
944 2303 1064 2387 legitur
1093 2302 1155 2368 nisi
1184 2303 1217 2367 in
1245 2323 1359 2368 recen-

202 2414 337 2479 tissimis
363 2412 530 2479 codicibus
553 2421 587 2479 et
608 2415 643 2478 in
665 2412 780 2478 horum
803 2414 950 2498 ipsorum
972 2412 1113 2496 aliquot,
1137 2416 1174 2477 ut
1198 2410 1358 2477 Gaertne·

203 2522 298 2587 riano
326 2528 360 2587 et
387 2509 570 2604 fragmento
593 2521 889 2605 Havercampiano,
912 2542 933 2586 a
956 2520 1101 2586 secunda
1129 2540 1230 2585 manu
1251 2519 1358 2584 alieno

202 2629 275 2694 loco
296 2630 465 2709 insertum,
489 2629 542 2710 IV,
561 2635 589 2709 3,
610 2634 657 2710 10,
677 2629 733 2695 ubi
751 2628 987 2694 auctoribus
1004 2635 1133 2693 tantum
1149 2628 1184 2693 in
1197 2627 1360 2711 Lipsiensi

203 2746 237 2803 et
261 2737 369 2803 Lovel.
393 2747 511 2821 quarto
539 2738 718 2821 reperitur,
746 2739 779 2803 in
803 2745 942 2820 utroque
965 2735 1151 2801 saecunda
1173 2756 1286 2816 manu,
1308 2735 1361 2815 lv,

204 2849 239 2925 6,
262 2849 297 2926 2,
326 2845 382 2909 ubi
417 2845 538 2911 excidit
571 2844 709 2911 alterius
739 2845 900 2923 consulis,
935 2844 992 2928 qui
1019 2844 1152 2909 tribuno
1180 2844 1359 2927 respondit,

203 2974 337 3033 nomen,
361 2952 414 3031 IV,
438 2956 494 3027 25,
517 2959 552 3029 4,
575 2953 631 3031 lX,
656 2957 684 3033 3,
711 2958 759 3033 10,
782 2975 823 3018 ne
847 2975 903 3019 eos
926 2954 1017 3019 locos
1039 2973 1304 3032 commemorem,
1326 2953 1360 3016 in

203 3061 323 3146 quibus
340 3062 410 3147 ipse
422 3061 505 3125 hanc
517 3062 737 3145 suspicionem
749 3063 842 3140 mori,
855 3062 897 3140 ll,
911 3065 960 3139 38,
973 3065 1002 3141 2,
1014 3061 1067 3136 ll',
1083 3065 1131 3140 10,
1144 3064 1172 3140 3,
1184 3058 1229 3139 Χ,
1241 3064 1271 3140 2,
1284 3064 1313 3139 6,
1324 3059 1362 3138 X,

235 3306 253 3371 ¹)
271 3305 399 3365 Briomm
418 3305 529 3359 illarum
546 3305 737 3373 iterationem,
755 3305 785 3360 in
799 3307 899 3375 quibus
913 3307 1024 3376 longius
1044 3305 1167 3374 spatium
1180 3303 1359 3358 interiectum

271 3395 323 3458 est,
340 3408 425 3445 causa
441 3389 525 3445 fuisse
543 3390 666 3460 videtur,
684 3391 766 3463 quod,
778 3392 908 3447 librarius
931 3392 1077 3458 antiquus,
1096 3389 1228 3444 absoluta
1245 3389 1361 3456 codicis,

271 3492 354 3545 quem
376 3477 561 3546 sequebatur,
585 3477 673 3530 altera
695 3481 744 3531 ant
767 3478 898 3533 columna
919 3477 1031 3547 pagina
1055 3480 1105 3528 aut
1122 3475 1240 3544 pagina,
1259 3482 1307 3530 ant
1325 3475 1362 3529 ad

271 3560 344 3628 eius,
367 3576 451 3628 qnam
473 3560 529 3615 iam
551 3560 749 3633 descripserat,
778 3563 890 3617 initium
918 3578 1012 3616 errore
1039 3558 1154 3613 redierit
1176 3566 1224 3614 aut
1246 3578 1304 3615 non
1327 3560 1363 3614 ad

271 3646 429 3715 proximam
447 3651 619 3715 sequentem,
637 3647 687 3703 sed
704 3647 740 3701 ad
753 3649 868 3703 tertiam
881 3647 1034 3713 transierit,
1048 3643 1149 3699 deinde
1164 3661 1258 3700 errore
1273 3646 1361 3700 anim-

272 3731 390 3787 adverso
411 3748 508 3785 verum
526 3737 639 3787 secutus
656 3733 701 3788 sit.
737 3732 770 3788 In
787 3733 860 3787 libro
878 3732 929 3800 VI,
947 3735 981 3787 42
997 3732 1072 3786 inter
1089 3731 1238 3786 serbabis
1258 3732 1363 3802 scripta

272 3816 411 3873 intersunt
430 3816 533 3872 litteras
554 3819 614 3884 144,
638 3819 668 3873 in
685 3818 784 3875 codice
801 3819 983 3889 palimpsesto
1003 3817 1145 3873 Ciceronis
1169 3818 1305 3872 librorum
1327 3817 1362 3872 de

273 3919 303 3955 re
320 3902 433 3971 publica
451 3902 570 3973 singulm
589 3903 727 3958 columnas
745 3903 856 3958 litteras
873 3904 979 3960 habent
994 3909 1127 3960 centenas
1143 3904 1360 3973 quinquagenas.

274 3987 306 4042 ln
333 3987 431 4042 codice
456 3988 538 4044 huius
565 3989 653 4058 ipsius
681 3989 793 4044 decadis
819 3989 945 4045 Livianae
972 3991 1123 4045 Parisiensi
1149 3990 1224 4043 libro
1250 3989 1290 4056 X,
1321 3991 1362 4057 14,

275 4076 361 4128 7-10
386 4073 486 4130 lacuna
513 4081 556 4129 est
582 4075 740 4131 litterarum
765 4074 822 4131 fere
848 4078 900 4132 670
926 4082 975 4132 aut
1001 4079 1064 4141 5803
1093 4082 1137 4131 tot
1158 4075 1245 4144 igitur
1265 4074 1363 4129 folium

276 4158 422 4228 archetypi
440 4158 547 4215 habuit
