3060 5272
220 316 282 373 ms.
300 316 349 372 m
770 271 836 408 roe}
860 277 908 384 ξς.

221 491 288 555 iam
311 487 482 554 Creverius
506 488 606 553 scribi
628 477 810 554 volnerati·
818 433 1022 553 ‘blondum
1012 509 1079 554 ram
1100 489 1136 554 in
1158 487 1186 550 V
1207 493 1268 554 est.
1314 484 1382 554 Sed

221 598 256 663 in
283 619 322 662 eo
350 603 439 662 recte
469 595 638 662 scribitur:
678 567 910 670 focilare..
929 594 1159 662 ‚tollendae
1189 593 1380 680 appella·

221 706 350 771 tionis
389 707 444 783 in,
484 704 605 769 omisso
642 668 781 800 causa,
822 702 910 786 quod
943 710 1083 788 apparet
1119 703 1269 770 additum
1298 723 1381 785 esse,

222 834 324 896 quum
346 834 412 877 non
436 810 621 876 attenderet
607 785 677 904 tui,
684 810 792 894 'genet
793 812 880 875 irum
904 831 924 875 a
946 810 1112 877 foedere
1135 808 1302 895 pendere]

308 918 387 1004 Cap
412 885 1379 1009 61,12:Lifij·Horat1useos(mrl1tes)excursio-

222 1030 340 1094 nibus
368 1011 632 1093 ειιιιιοιιιιιᾶο·
622 1027 901 1110 :proeliisque
929 1026 1090 1091 levibus
1121 1026 1379 1111 experiundo

224 1098 514 1202 adsuefecerat
518 1119 615 1215 ‘sibi
637 1170 680 1179 —
703 1133 845 1199 fidere.
884 1133 975 1198 Nihil
999 1155 1070 1200 esse
1093 1132 1286 1199 sufficere
1308 1135 1380 1198 mi·

154 1258 208 1325 (84)
226 1246 340 1311 litem
375 1218 607 1333 excui’sio'ni
641 1241 789 1323 (active),
825 1263 935 1307 omnes
968 1241 1036 1308 fere
1071 1240 1286 1323 confitentum
1320 1242 1380 1308 sed

223 1354 312 1438 quod
341 1337 497 1445 Duke'ro'r
489 1335 668 1415 “suadente
705 1347 1001 1414 sufficiendo
992 1352 1200 1415 intransitive
1230 1349 1307 1414 do
1297 1350 1379 1435 ipsis

222 1461 401 1562 militibus..
392 1449 638 1562 excursionum
665 1457 835 1523 laborit
802 1464 835 1522 et
857 1457 1004 1541 periculo
1029 1457 1269 1524 sufficientibus
1292 1458 1379 1523 acci·

223 1570 346 1666 pitur,:
347 1547 430 1658 pbri
465 1567 570 1631 solum
604 1587 663 1650 per
697 1587 731 1630 se
767 1566 940 1630 durissime
973 1566 1124 1649 gerundii
1147 1565 1313 1632 ablativus
1336 1565 1380 1630 ad

223 1669 389 1758 obiectum
414 1674 584 1739 sententia
607 1681 662 1738 act
663 1676 722 1738 ivae
744 1673 845 1738 refert
831 1680 885 1738 tur
909 1673 1007 1755 (alius
1030 1675 1116 1738 enim
1139 1675 1268 1758 generis
1291 1681 1378 1751 sunt,

224 1806 295 1867 quae
317 1766 672 1847 Weissenborniust
627 1784 694 1846 cita
675 1782 737 1862 Μ)
773 1781 830 1846 sed
860 1802 999 1865 prorsus
1023 1783 1140 1847 evertit
1126 1780 1256 1847 tillum
1277 1781 1378 1847 intor-

223 1891 377 1975 pretandi
412 1896 565 1953 conatum
601 1890 792 1954 adiunctum
828 1889 1086 1973 proeliisque
1116 1887 1378 1973 experiundo.

224 1999 321 2064 Venit
343 2000 376 2063 in
400 2004 550 2075 mentem,
573 1997 699 2062 Livium
723 1997 866 2062 scribere
890 1998 1037 2080 potuisse
1060 1995 1379 2062 excursionibus

225 2107 461 2189 subigendo,
492 2105 554 2170 hoc
579 2112 638 2184 est,
669 2105 897 2169 exercendo
922 2111 954 2168 et
978 2104 1138 2183 durando,
1168 2103 1379 2188 quemadmo-

224 2216 302 2280 dum
320 2214 469 2280 homines
488 2214 650 2278 subacti
670 2219 792 2297 atque
810 2212 948 2277 durat
919 2219 950 2277 1
968 2211 1094 2277 bellrs
1112 2211 1269 2276 d1cuntur
1279 2210 1380 2290 XLII

225 2328 364 2404 52,10
421 2312 463 2403 [V
485 2343 618 2405 prorsus
647 2323 754 2386 omitit
728 2320 1055 2386 ttsufficiendo
1107 2319 1243 2385 Residet
1269 2326 1380 2385 tamen

224 2428 422 2514 scrupulus]

311 2535 389 2620 Cap.
409 2542 459 2615 62,
485 2541 502 2600 3
526 2534 572 2617 (in
597 2537 745 2601 oratione
768 2536 897 2601 Horatii
921 2535 1065 2600 consulis
1089 2535 1132 2600 ad
1155 2533 1289 2617 milites)
1313 2534 1381 2600 edi·

225 2652 280 2709 tur
303 2665 390 2709 nunc
414 2645 612 2709 auctoritate
637 2644 786 2708 codicum
811 2644 887 2708 Rlll:
922 2643 962 2708 id
984 2644 1152 2708 consilii
1176 2643 1381 2727 animique

224 2751 445 2816 habiturus
475 2774 573 2830 sum,
604 2752 707 2834 quod
736 2750 782 2833 (M
806 2751 920 2835 quos)
950 2773 1018 2817 vos
1047 2751 1200 2816 milites
1222 2751 1379 2835 geritis

227 2859 351 2924 Omitto
381 2861 509 2924 inanem
538 2861 768 2943 repetitionem
798 2860 886 2924 vocis
914 2858 1073 2923 milites
1102 2858 1192 2942 (post
1220 2857 1236 2941 ἕ
1260 2862 1279 2920 2
1301 2879 1380 2938 vos,

227 2967 412 3048 milites)·‚
454 2967 623 3033 molestior
662 2973 713 3032 est
753 2968 899 3051 pravitas
939 2967 1115 3050 temporis3
1154 2987 1260 3048 neque
1294 2967 1381 3031 enirn

227 3096 299 3141 cum
322 3074 541 3140 habiturus
566 3097 648 3140 sum
672 3076 823 3139 convenit
846 3075 1011 3159 geritis3
1043 3073 1100 3138 sed
1123 3073 1227 3140 multo
1250 3074 1381 3157 gravius

227 3189 279 3249 est
308 3185 467 3249 orationis
496 3191 529 3248 et
559 3183 730 3248 sententia
759 3184 890 3262 vitium3
924 3203 1001 3246 nam
1032 3182 1381 3265 (praeterquamquod

226 3292 330 3358 idem
365 3291 539 3356 dicendum
574 3291 660 3372 erat)
694 3313 801 3374 nequo
835 3289 1055 3356 consilium
1083 3290 1247 3372 geritur
1276 3308 1382 3372 neque

227 3400 341 3464 consul
365 3401 534 3465 Romanus
557 3420 703 3483 unquam
726 3399 875 3464 dicturus
899 3404 986 3476 erat,
1022 3419 1056 3463 se
1079 3397 1114 3462 id
1137 3396 1265 3462 consilii
1287 3395 1382 3462 habi·

227 3514 351 3585 turum,
386 3507 473 3591 quod
508 3507 631 3571 milites
665 3509 732 3571 sive
767 3514 919 3591 gererent
948 3506 1015 3570 sive
1042 3504 1214 3570 haberent.
1272 3504 1383 3569 Livius

225 3616 374 3700 scripsit:
412 3614 519 3697 quod
548 3628 615 3678 vo's
643 3613 739 3678 mihi
768 3611 976 3692 feceritis,
1004 3613 1069 3678 hoo
1092 3620 1152 3693 est,
1177 3613 1265 3695 quod
1286 3611 1382 3678 intel-

226 3722 331 3788 lectus
361 3728 393 3787 et
421 3723 603 3787 aestimatus
633 3726 816 3786 vestrorum
845 3721 1028 3787 animorum
1056 3721 1191 3786 habitus
1215 3719 1383 3804 mihiipsi

227 3830 412 3895 subiecerit.
463 3829 512 3895 Ea
542 3830 705 3913 scriptura
735 3829 877 3912 primum
906 3831 1101 3913 permutatis
1123 3829 1245 3894 litteris
1268 3848 1284 3890 c
1307 3833 1384 3908 etg

227 3936 281 4019 (ex
321 3959 386 4021 quo
421 3937 599 4021 saepissime
633 3935 881 4002 confunduntur
914 3938 990 4022 egi,
1024 3938 1120 4017 ieci,
1154 3935 1255 4019 legi,
1289 3934 1382 4012 feci,

228 4044 361 4126 similia)
385 4045 500 4111 leviter
522 4051 678 4128 corrupta
700 4051 767 4124 est;
802 4044 876 4109 dein
899 4044 936 4110 fe
960 4066 1033 4111 cum
1056 4046 1155 4110 mibi
1178 4029 1316 4122 coaluit,
1345 4049 1383 4106 ut

226 4151 382 4217 milites
405 4160 626 4219 nascerentur.
660 4153 698 4217 In
722 4153 836 4219 codice
859 4155 1037 4239 archetypo
1060 4155 1259 4238 scripturam
1276 4149 1380 4217 ambi·
