3060 5272
242 364 305 419 Lib.
323 363 420 419 XLIV.
786 351 847 411 706

243 536 355 602 abire
376 533 520 613 vellet,
553 539 650 599 tnnc
678 553 835 617 quoque
856 555 928 618 per
950 536 1124 618 speciem
1157 535 1394 602 immolandi

242 652 379 710 terere
401 641 809 726 videbaturtempus,
833 663 951 726 quum
973 641 1064 707 luce
1086 643 1216 726 prima
1234 645 1394 727 signum

243 751 498 837 propositum
520 770 658 836 pugnae
681 749 729 814 ad
757 749 981 816 exeundum
1014 751 1053 816 in
1080 752 1204 817 aciem
1231 751 1390 820 fuisset.

242 860 322 938 Quis
356 860 472 925 credat
503 865 563 925 aut
598 856 782 936 consulem,
816 864 995 943 antequam
1022 860 1239 940 immolasset
1271 882 1394 945 pugna

241 970 368 1051 signnm
389 968 601 1052 proposuisse
623 973 680 1031 aut
702 966 833 1031 omnino
855 966 890 1032 id
913 987 952 1032 eo
976 966 1027 1032 die
1050 989 1071 1033 a
1092 968 1200 1052 prima
1221 967 1293 1034 luce
1316 991 1389 1054 pro·

240 1077 384 1163 positum
419 1076 534 1155 fuisse,
563 1094 628 1157 quo
651 1080 686 1140 et
708 1072 822 1139 consul
850 1075 935 1158 ipse,
963 1077 1064 1141 tertia
1095 1075 1194 1157 hora,
1229 1077 1396 1160 significet

243 1184 284 1267 (c.
310 1187 360 1264 33,
384 1183 427 1266 7),
450 1185 613 1249 incertum
636 1202 726 1262 esse,
754 1182 913 1249 hodierno
936 1204 978 1248 an
1001 1186 1144 1251 crastino
1167 1176 1220 1250 die
1243 1187 1394 1252 exiturus

240 1295 274 1359 in
297 1293 402 1358 aciem
424 1293 476 1372 sit,
499 1298 532 1357 et
556 1291 666 1356 Livius
689 1290 730 1372 (c.
749 1293 800 1371 40,
824 1290 867 1373 3),
890 1298 1007 1358 neutro
1030 1293 1228 1376 imperatore
1249 1295 1391 1375 volente,

154 1405 228 1474 (586)
246 1423 325 1467 casn
347 1407 514 1466 certamen
541 1406 744 1465 contractum
772 1400 907 1465 narret?
951 1398 1057 1477 Quum
1084 1400 1229 1467 decrevit
1249 1403 1393 1486 impera·

240 1516 294 1575 tor
314 1530 477 1594 pugnare,
500 1508 651 1575 omnibns
673 1508 881 1592 praeparatis,
904 1515 975 1573 tum
998 1508 1125 1574 demum
1159 1509 1286 1593 signum
1314 1533 1394 1594 pro·

239 1618 335 1702 ponit
368 1624 414 1682 et·
432 1618 467 1681 in
499 1617 604 1682 aciem
637 1617 714 1682 exit.
758 1616 883 1681 Deinde
906 1617 979 1700 quis
1011 1638 1155 1699 unquam
1183 1619 1231 1683 sic
1260 1619 1390 1684 loeutus

239 1733 300 1804 est,
323 1731 361 1791 ut
383 1727 535 1809 signnm
551 1744 698 1821 'pugnae
721 1724 771 1789 ad
795 1724 1017 1790 exeundum
1046 1725 1085 1789 in
1114 1726 1239 1791 aciem
1262 1727 1389 1793 diceret

238 1855 298 1919 pro
322 1855 372 1913 eo,
396 1833 484 1917 qnod
508 1839 558 1899 est
581 1833 737 1917 signum
770 1833 944 1897 exeundi
978 1831 1051 1914 (aut
1079 1833 1127 1898 ad
1151 1835 1391 1917 exeundum)

239 1943 278 2007 in
301 1943 429 2009 eciem
451 1946 509 2006 aut
538 1942 696 2024 signum
731 1941 892 2024 pugna?
936 1939 1150 2025 Perspicuum
1173 1949 1233 2022 est,
1255 1944 1290 2007 in
1312 1964 1389 2010 con·

239 2049 309 2117 sule
331 2073 406 2131 non,
429 2049 518 2135 quod
539 2048 664 2115 factum
687 2054 783 2128 esset,
806 2047 864 2114 sed
881 2048 970 2130 quod
986 2048 1173 2114 faciendum
1196 2049 1312 2116 fuisset
1328 2072 1391 2117 nec

238 2158 361 2224 factum
384 2166 489 2239 esset,
511 2157 745 2241 reprehensum
772 2158 902 2221 narrari
936 2158 1067 2239 (quum
1095 2193 1138 2203 -
1165 2160 1388 2225 exeundum

236 2268 276 2332 in
299 2268 427 2333 aciem
450 2264 626 2347 fuisset).
671 2263 789 2349 ltaque
812 2265 926 2330 autin
953 2267 1207 2349 propositum
1230 2276 1389 2352 corrupta

237 2376 403 2460 participii
425 2374 531 2440 forma
553 2380 603 2440 est
625 2374 727 2439 etsie
750 2371 973 2439 scribendum:
1003 2395 1118 2457 quum
1140 2374 1230 2440 luce
1258 2376 1388 2460 prima

238 2485 397 2568 signum
437 2484 719 2564 proponenda·
759 2501 897 2565 pugna
935 2487 1047 2558 etque
1085 2483 1309 2549 exeundum
1347 2485 1387 2548 in
1445 2567 1448 2577 Ι

213 2592 365 2683 'aciem
408 2592 574 2669 fnisset,
618 2596 676 2655 aut
722 2608 818 2654 casus
861 2588 999 2654 licenter
1041 2597 1201 2670 mutatus,
1241 2599 1279 2656 ut
1316 2591 1388 2657 ·hoc

236 2700 368 2765 restitui
419 2697 551 2763 debeat:
601 2717 721 2782 quum
772 2694 865 2761 luce
910 2697 1041 2780 prima
1087 2698 1201 2780 algu
1246 2719 1389 2781 propo·

237 2807 312 2870 alt·
344 2825 481 2892 pugna
515 2805 740 2872 exeundum
772 2805 806 2868 in
846 2805 970 2869 aciem
1002 2805 1165 2871 fuisset.
1221 2807 1296 2872 Non
1330 2808 1386 2873 de-

236 2936 361 3013 cerno„
383 2916 417 2980 in
455 2921 564 2980 utram
604 2919 732 2997 partem
771 2913 898 2978 maiora
935 2913 1181 2997 probabilitatis
1219 2923 1389 2981 momenta

709 3043 752 3086 u.

235 3130 402 3198 inclinent.
448 3129 574 3215 (Codex
618 3131 795 3215 signasm
835 3151 894 3214 pro
934 3130 1113 3213 signum.)
1169 3130 1388 3218 (Livium‘II,

237 3245 287 3320 33,
328 3246 346 3306 9
387 3238 739 3324 plusquamperfectum
784 3239 981 3303 coniunctivi
1019 3237 1265 3323 hypotheticum
1309 3239 1387 3304 sub·

236 3350 351 3414 iecisse
385 3348 608 3414 coniunctioni
640 3368 699 3431 per
732 3367 767 3411 se
795 3347 1038 3411 coniunctivum
1065 3344 1261 3430 postulanti,
1297 3367 1388 3412 com·

235 3459 413 3523 memoravi
445 3458 479 3522 in
517 3456 635 3539 Opusc.
675 3454 707 3519 Η
744 3477 776 3538 p.
811 3458 890 3534 2273
929 3454 1006 3519 addi
1039 3461 1151 3538 potest
1184 3454 1229 3534 X,
1263 3459 1314 3534 46,
1349 3459 1384 3519 6:

236 3586 354 3649 quum
383 3601 424 3610 -
458 3566 678 3649 potuisset;
711 3583 819 3645 neque
853 3563 938 3626 enim
960 3564 1172 3647 participium
1199 3570 1286 3641 erat,
1321 3584 1387 3645 quo

236 3679 402 3752 uteretur;
424 3673 488 3751 hie,
511 3674 538 3737 si
561 3672 748 3737 coniunctio
771 3670 913 3750 abesset,
936 3679 1025 3736 recte
1043 3670 1220 3737 diceretur:
1245 3691 1386 3736 exeun·

235 3782 324 3846 dum
356 3779 553 3862 fuerat.)¹)
596 3780 752 3845 Extremo
786 3780 896 3863 capite
929 3777 1019 3862 §13‚
1047 3779 1104 3845 nbi
1132 3777 1253 3844 editur:
1287 3777 1385 3844 Post

235 3910 438 3955 sermones
460 3896 593 3954 tamen
615 3886 756 3953 consul
780 3888 1007 3953 orationem
1029 3888 1191 3962 habuit,
1215 3889 1248 3950 in
1272 3886 1384 3952 codice

255 4075 281 4141 ¹)
299 4073 461 4144 [Vahlenins
480 4074 520 4128 ad
537 4074 757 4145 propositum
775 4075 921 4144 signnm,
940 4073 1055 4144 propius
1073 4073 1110 4127 ad
1127 4072 1189 4127 cod.
1225 4072 1313 4127 Recte
1331 4071 1385 4126 mi·

302 4161 367 4214 lites
386 4161 422 4214 ad
440 4161 549 4231 signnm
568 4161 617 4227 (ab
635 4160 818 4229 imperatore)
837 4161 1013 4230 propositum
1032 4175 1108 4212 arma
1126 4175 1225 4227 capere
1243 4157 1384 4225 dicuntur,

301 4247 463 4315 imperator,
483 4247 531 4315 qui
548 4246 609 4315 ipse
627 4246 739 4316 signnm
757 4247 901 4316 proponit,
920 4245 968 4301 vix
985 4250 1060 4298 recte
1088 4243 1122 4297 ad
1146 4243 1256 4313 signum
1277 4260 1383 4313 propo·

302 4331 386 4385 situm
404 4329 499 4399 exire]
