3060 5272
244 335 307 392 Lib.
325 336 374 392 IX
793 328 856 389 216

331 507 410 592 Cap.
435 514 485 591 31,
515 514 592 576 2et
614 515 649 575 3:
683 512 728 575 ln
751 509 915 575 Samnio
937 511 1139 591 Cluviam,
1166 515 1403 597 praesidium

245 615 473 696 Romanum,
496 620 591 700 qnia
612 620 858 702 nequiverat
878 620 918 682 ri
940 622 1041 703 capi,
1064 621 1277 687 obsessum
1298 622 1404 688 same

244 723 284 786 in
314 723 565 792 deditionem
597 734 847 811 acceperant
876 725 1089 807 Samnites,
1117 765 1170 793 -.
1209 729 1313 795 Huic
1340 731 1403 795 in·

243 829 387 897 sensns
415 834 659 899 crudelitati
682 834 836 912 lunius,
864 834 970 898 nihil
999 836 1217 918 antiquius
1246 858 1403 920 oppug·
1481 912 1486 917 ,

243 939 412 1005 natione
452 939 648 1006 Cluviana
685 950 818 1020 ratus,
852 948 936 1023 'quo
975 942 1040 1007 die
1079 964 1300 1026 aggressus
1338 953 1401 1010 est

243 1048 412 1127 moenia,
446 1049 481 1112 vi
505 1050 626 1131 cepit,
655 1056 778 1132 atque
807 1068 940 1113 omnes
968 1049 1146 1132 puberes
1173 1050 1400 1116 interfecit.

242 1152 409 1238 Oppidum
433 1155 629 1221 Samnitium
656 1155 849 1239 significari,
878 1157 932 1219 cui
955 1156 1094 1221 Romani
1123 1158 1312 1241 praesidium
1340 1160 1401 1223 im·

242 1263 441 1345 posuissent,
460 1272 619 1348 apparet;
637 1264 671 1328 id
691 1263 835 1329 editores
854 1263 942 1328 idem
961 1284 1032 1328 esse
1052 1273 1182 1348 putant,
1199 1265 1289 1347 quod
1309 1266 1400 1349 apud

241 1369 392 1436 Tacitum
416 1373 501 1438 Hist.
522 1372 575 1451 IV,
607 1377 625 1436 5
650 1371 726 1452 (etsi
749 1371 796 1436 ibi
821 1371 923 1436 codex
946 1371 1065 1436 Medic.
1085 1370 1254 1438 Cluvius
1283 1373 1400 1455 babet)

242 1479 328 1543 etin
348 1480 561 1563 inscriptione
583 1478 698 1562 aliqua
715 1479 920 1559 (Mommsen.
937 1479 1104 1563 Inscriptt.
1124 1481 1162 1543 R.
1181 1480 1284 1564 Neap.
1299 1484 1398 1544 5293:

241 1586 398 1651 Anxani
424 1595 463 1652 et
482 1585 635 1668 Cluuia)
653 1584 805 1650 Cluviae
831 1585 990 1669 appellari
1008 1587 1146 1650 ridetur.
1187 1587 1341 1667 (Clibes
1364 1589 1399 1652 in

240 1691 327 1758 libro
357 1695 560 1759 coloniarum
588 1696 685 1759 nimis
708 1696 869 1758 incertum
893 1693 969 1774 est.)
1025 1694 1135 1758 Habet
1158 1695 1398 1761 dubitationem

241 1800 330 1882 apud
355 1801 480 1867 Livium
515 1802 622 1867 forma
656 1802 831 1885 singularis
865 1803 1002 1865 numeri.
1058 1803 1211 1880 Accedit,
1247 1803 1337 1886 quod
1364 1804 1399 1866 in

240 1907 411 1974 codicibus
434 1909 625 1975 melioribus
643 1908 770 1989 (urna
788 1908 917 1986 Kloclr.)
937 1906 1124 1973 Cluviani
1148 1910 1304 1974 scribitur
1320 1909 1398 1990 (Ge-

239 2014 347 2080 lenius
364 2017 511 2082 codicem
528 2039 594 2082 non
612 2016 784 2100 appellat),
808 2037 874 2080 non
892 2014 1072 2080 Cluviam
1085 2017 1188 2100 (quod
1205 2019 1244 2082 in·
1256 2019 1300 2082 Ll
1321 2018 1398 2098 est),

239 2124 359 2206 exigua
381 2145 460 2189 sane
483 2145 599 2208 perse
622 2123 856 2206 discrepantia.
908 2123 971 2188 Sed
994 2123 1076 2187 illud
1099 2124 1280 2203 molestius,
1309 2125 1398 2208 quod

240 2233 495 2314 oppugnatio
525 2230 729 2296 Cluviana
757 2230 855 2313 plane
884 2231 1065 2296 insolenter
1087 2232 1292 2315 appellatur,
1319 2253 1397 2297 nam

238 2345 275 2401 ut
303 2340 413 2421 possit
444 2338 574 2405 obsidio
597 2339 731 2421 longius
753 2344 864 2402 tracta
886 2344 921 2402 et
943 2340 1064 2420 saepius
1088 2345 1342 2404 commemorata
1363 2341 1398 2403 in

237 2446 406 2512 narranda
422 2448 533 2529 aliqua
550 2467 595 2526 re,
619 2465 692 2527 quae
711 2446 754 2510 ad
773 2467 846 2510 eam
866 2446 1021 2528 pertinet,
1047 2447 1209 2512 adjectivo
1227 2447 1398 2530 appellari,

237 2559 276 2617 ut
297 2553 424 2637 aliquid
446 2553 537 2619 verbi
561 2573 662 2618 cansa
684 2553 717 2616 in
741 2553 912 2618 obsidione
930 2553 1060 2617 Veienti
1083 2555 1243 2619 accidisse
1267 2554 1398 2620 dicatur

239 2658 317 2740 (etsi
355 2682 420 2726 non
455 2662 576 2725 dicitur
610 2661 699 2744 apud
734 2661 892 2740 Livium),
926 2682 992 2724 nou
1026 2661 1113 2725 idem
1146 2662 1320 2727 transferri
1353 2663 1395 2727 ad

238 2770 517 2851 oppugnationem
534 2774 654 2852 potest,
676 2770 884 2851 minimeque,
908 2789 1008 2851 quum
1026 2770 1099 2850 quis
1118 2769 1276 2852 oppidum
1295 2769 1396 2835 semel

237 2876 440 2940 nominatum
473 2896 663 2959 oppugnare
697 2878 831 2955 statuit,
866 2876 906 2940 de
940 2877 1186 2958 oppugnatione
1215 2899 1243 2940 v.
1267 2897 1294 2941 c.
1317 2876 1395 2940 Fre-

237 2982 367 3064 gellana
390 2985 534 3067 cogitare
558 2984 623 3047 dici
645 2989 764 3066 potest.
808 2983 868 3047 Hae
888 2981 996 3047 turbae
1019 2990 1265 3065 componentur,
1290 2984 1317 3048 si
1340 3005 1394 3048 co·

237 3084 346 3154 dicum
375 3091 485 3173 priore
514 3091 587 3156 loco
617 3092 815 3174 scripturam
843 3096 994 3155 tenentes
1022 3089 1224 3170 (Cluviani
1252 3092 1393 3173 praesi-

237 3196 346 3262 dium
368 3198 587 3263 Romanum
610 3233 653 3242 -
674 3199 713 3262 in
741 3197 864 3262 dedit.
889 3197 1154 3281 acceperant)
1183 3198 1290 3264 altero
1319 3199 1393 3263 loco

235 3325 300 3369 una
322 3305 435 3370 littera
457 3310 587 3371 mutata
609 3306 836 3390 scripserimus
865 3307 1170 3390 oppugnatione
1193 3305 1390 3384 Cluviani,

235 3413 466 3495 oppidumque,
489 3418 527 3476 ut
542 3412 701 3497 pleraque
715 3412 920 3492 Samnitium,
938 3412 1070 3477 aliunde
1087 3412 1234 3495 ignotum
1253 3413 1391 3477 eandem

234 3519 377 3584 nominis
417 3519 557 3585 formam
599 3526 700 3602 atque
739 3519 963 3584 Bovianum
1002 3519 1157 3585 habuisse
1195 3522 1389 3603 putarimus.

149 3625 536 3706 (lsalffalumbinnm
565 3626 605 3706 x,
638 3631 689 3705 45,
719 3625 762 3708 9.)
803 3625 926 3707 (1875.)
966 3626 1091 3693 Eodem
1121 3628 1229 3710 capite
1260 3625 1390 3710 §6(in

233 3734 426 3799 narratione
449 3755 558 3799 rerum
582 3754 602 3798 a
625 3732 659 3798 G.
683 3734 776 3798 lunio
799 3733 948 3799 Bubulco
969 3735 1104 3798 tertium
1128 3755 1215 3799 cons.
1238 3736 1272 3798 in
1296 3733 1389 3799 Sam·

233 3841 287 3907 nio
334 3841 531 3924 gestarum):
571 3841 747 3905 omnium
792 3841 1022 3925 principum
1063 3843 1102 3905 in
1142 3841 1304 3907 Samnio
1344 3863 1388 3907 eo

233 3968 337 4014 curae
365 3955 459 4013 sunt
489 3949 676 4025 intentae,
711 3953 755 4011 ut
787 3948 956 4013 insidiis
985 3955 1237 4030 quaereretur
1264 3950 1387 4028 locus,

232 4056 265 4119 si
302 4077 380 4139 qua
412 4056 587 4120 licentia
621 4055 862 4138 populando
898 4054 1053 4121 effusus
1082 4057 1293 4120 exercitus
1322 4077 1387 4121 ex·

233 4163 316 4248 cipi
339 4183 385 4228 ae
409 4162 700 4228 circumveniri
722 4170 873 4245 posset.
919 4163 1034 4246 Neque
1058 4164 1091 4229 si
1115 4184 1192 4246 qua
1214 4163 1388 4228 licentia
