3060 5272
211 361 274 416 Lib.
293 359 381 415 XXII.
561 421 563 425 ¹
759 347 822 409 290

213 534 297 598 alter
320 553 340 597 a
362 539 462 616 poeta
488 553 585 597 versu
615 538 752 617 cogente
776 539 833 597 aut
856 554 930 597 cum
952 533 1110 616 singulari
1133 532 1247 616 aliqua
1268 534 1373 618 signi·

211 639 366 706 ficatione
388 641 539 725 scriptus.
628 649 631 653 ’

298 749 335 813 In
359 769 429 833 cap.
451 752 506 828 10,
539 747 555 830 ἓ
585 753 620 828 2,
650 748 707 813 ubi
736 755 892 813 narratur
920 748 962 812 de
992 755 1068 813 voto
1098 749 1141 814 ob
1167 770 1238 814 rem
1259 748 1372 834 publi·

213 878 283 921 cam
318 863 487 940 suscepto,
527 859 684 940 quoniam
722 857 756 920 in
788 855 814 920 P
848 857 1035 938 ceterisque
1069 855 1165 921 bonis
1199 856 1373 923 codicibus

213 963 386 1030 scribitur:
412 965 444 1029 si
468 986 532 1029 res
557 987 588 1047 p.
612 987 643 1047 p.
667 964 705 1029 R.
730 964 951 1041 Quiritium
973 963 1024 1028 ad
1046 965 1369 1048 quinquennium

211 1072 435 1155 proximum
459 1073 515 1136 sic
539 1072 663 1136 uelim
686 1093 852 1154 eamque
870 1071 1022 1136 salvam
1040 1070 1279 1151 servaverit,
1301 1073 1370 1155 pri·

212 1199 303 1243 mum
336 1178 486 1259 efficitur,
521 1181 609 1262 quod
642 1181 770 1264 pridem
803 1181 994 1244 restitutum
1017 1185 1083 1244 est:
1118 1181 1240 1245 sires
1270 1203 1302 1264 p.
1324 1215 1372 1226 —
1461 1213 1463 1216 ⁴

212 1286 329 1351 salva
350 1293 516 1352 servata
536 1288 625 1352 erit.
654 1288 781 1353 Deinde
804 1295 915 1352 autem
933 1308 972 1350 ex
989 1287 1048 1350 sic
1065 1285 1184 1351 uelim
1204 1308 1370 1371 eamque

211 1393 249 1458 fit
292 1395 400 1459 sicut
445 1394 562 1458 velim
602 1417 854 1479 voveamque,
900 1396 1053 1460 retractis
1092 1394 1199 1459 tribus
1236 1395 1372 1474 litteris,

212 1501 330 1585 quibus
353 1503 482 1567 omissis
505 1509 619 1567 natum
642 1511 692 1568 est
716 1524 883 1586 eamque
906 1509 940 1566 et
962 1501 1005 1566 ad
1027 1503 1062 1567 id
1084 1501 1370 1568 accommodatum

212 1616 264 1674 est
291 1609 447 1674 salvam
475 1612 714 1675 servaverit.
765 1610 903 1675 Prorsus
931 1610 1062 1674 incaute
1085 1610 1281 1693 corrigendo
1304 1609 1369 1675 tol·

211 1715 293 1781 litur
321 1738 410 1799 que,
444 1738 611 1801 praveque
646 1718 688 1782 ad
721 1719 839 1782 velim
868 1718 1059 1799 adiungitur
1089 1739 1172 1782 eam
1200 1716 1372 1798 salvam;

211 1823 356 1889 debebat
397 1817 514 1889 saltem
556 1825 621 1890 dici
655 1828 762 1891 sicut
797 1847 880 1890 earu
915 1827 1073 1889 servari
1106 1825 1245 1905 velim,
1280 1846 1370 1891 ser·

211 1939 308 1996 vata
336 1932 424 1997 erit.
486 1933 669 2016 Diligenter
695 1940 818 2017 praetor
847 1933 976 1997 duobus
999 1933 1107 1998 verbis
1130 1941 1233 2013 cavet,
1259 1939 1298 1998 ut
1320 1934 1373 1998 ita

211 2046 323 2105 votum
352 2039 581 2122 intellegatur,
615 2041 891 2122 quemadmodum
924 2043 995 2124 ipse
1028 2048 1139 2106 mente
1168 2043 1369 2124 conceperit.

212 2147 337 2230 (1862.)
383 2148 527 2214 *Deinde
551 2147 567 2230 ξ
593 2152 610 2211 3
634 2147 739 2232 Lipsii
766 2149 1039 2229 emendationem,
1073 2170 1149 2231 qua,
1184 2150 1372 2231 transposi-

210 2255 301 2321 tione
330 2254 434 2335 facta‚
464 2277 505 2321 ea
534 2255 792 2338 coniunguntur,
821 2277 896 2338 quac
924 2258 1090 2321 sententia
1112 2264 1146 2320 et
1167 2257 1372 2321 narrationis

211 2369 334 2428 natura
361 2363 525 2429 cohaerent
553 2362 681 2445 (hisce
719 2364 885 2444 duellis,
922 2365 1025 2447 quod
1054 2364 1246 2442 duellum,
1279 2369 1365 2428 turn:

198 2470 360 2535 ¹donum
383 2471 481 2550 duit,
511 2471 619 2554 quod
641 2493 708 2535 ver
732 2472 950 2553 attulerit),
978 2478 1055 2555 post
1079 2472 1278 2537 Gronovinm
1300 2491 1368 2536 non

213 2578 462 2659 commendabo,
495 2600 601 2661 neque
634 2578 824 2663 explicabo,
859 2600 960 2662 quam
992 2600 1150 2664 perversa
1178 2579 1260 2657 sint,
1294 2599 1371 2662 quae

213 2687 401 2766 excogitata
429 2692 508 2751 sunt
536 2687 578 2751 ad
608 2686 849 2751 defendendam
878 2686 1029 2751 codicum
1058 2688 1257 2770 scripturam
1279 2687 1370 2752 omni

213 2793 374 2858 orationis
404 2793 469 2877 legi
498 2801 531 2859 et
560 2795 719 2859 iuncturae
747 2801 985 2877 repugnantem
1014 2795 1061 2875 (in
1090 2815 1157 2878 qua
1186 2799 1262 2878 post
1288 2814 1372 2877 apo·

213 2900 308 2966 dosin
342 2902 565 2984 interponitur
594 2904 760 2968 sententia
790 2901 930 2967 relativa
959 2903 1002 2967 ad
1028 2923 1148 2967 nomen
1176 2903 1210 2965 in
1238 2902 1369 2985 protasi

213 3010 357 3092 positum
390 3009 532 3084 adnexa,
572 3010 689 3074 deinde
729 3015 841 3074 autem
880 3011 986 3075 altera
1026 3011 1191 3075 sententia
1229 3008 1374 3074 relativa

214 3116 362 3181 adhaeret
383 3119 507 3183 nomini
529 3119 562 3182 in
586 3117 723 3201 apodosi
748 3118 858 3200 posito
882 3116 1151 3198 accommodata),
1173 3117 1263 3181 velut
1280 3116 1370 3200 qnod

213 3245 319 3308 nuper
340 3225 635 3304 Weissenbornius,
658 3226 721 3290 etsi
743 3224 883 3304 dubitat,
907 3233 1017 3291 tamen
1040 3226 1125 3290 hanc
1147 3223 1372 3289 confusionem

214 3334 342 3414 antiqui
371 3333 498 3416 aliquid
526 3331 649 3397 habere
677 3340 774 3416 putat
802 3339 835 3396 et
857 3332 998 3398 fortasse
1021 3354 1060 3397 ex
1082 3339 1212 3398 vetusto
1234 3331 1325 3396 fonte
1349 3353 1374 3395 a

213 3440 306 3507 Livio
329 3447 492 3506 retentam
516 3461 601 3519 esse,
636 3442 730 3522 quasi
758 3440 938 3524 quidquam
966 3441 1010 3504 sit
1037 3441 1203 3522 antiquius
1226 3446 1260 3505 et
1281 3447 1372 3504 vete·

214 3570 288 3612 rum
325 3547 540 3613 formularum
568 3548 674 3631 magis
702 3549 871 3632 proprium
901 3568 1001 3629 qnam
1029 3547 1099 3612 haec
1127 3549 1201 3631 ipsa
1228 3549 1263 3613 in
1292 3546 1373 3612 sub·

216 3657 360 3721 stantivo
384 3656 581 3737 geminando
605 3655 791 3738 diligentia:
815 3655 928 3719 hisce
952 3653 1109 3735 duellis,
1134 3654 1238 3738 quod
1261 3652 1370 3719 duel·

214 3763 293 3828 lum
314 3799 358 3808 —
380 3785 547 3847 quaeque
579 3762 728 3827 duella.
789 3762 940 3842 (Prorsus
973 3763 1281 3846 eiusdem'generis
1315 3783 1372 3827 ex-

215 3870 357 3954 emplum
381 3872 554 3936 sententiaa
577 3870 654 3936 loeo.
672 3890 731 3935 suo
754 3876 852 3934 motae
875 3871 909 3934 in
933 3869 995 3935 hoc
1016 3871 1088 3954 ipso
1112 3869 1197 3935 libro
1220 3891 1247 3934 c.
1271 3873 1321 3947 38,
1351 3873 1373 3931 2

215 3999 236 4042 a
258 3978 409 4044 Creverio
438 3985 472 4044 et
493 3976 764 4043 Drakenborchio
792 3983 943 4044 notatum
966 3983 1031 4056 est,
1061 3977 1119 4042 ubi
1145 3976 1375 4071 Weissenbor⁵

215 4088 289 4151 nius
328 4087 449 4152 iniuria
482 4086 743 4152 additamentum
778 4085 912 4151 subesse
946 4091 1056 4169 putat,
1095 4077 1187 4151 cuius
1221 4084 1304 4149 nihil
1337 4085 1372 4148 iu

216 4193 327 4258 codiee
360 4194 538 4280 archetypo
572 4193 670 4258 huius
705 4193 839 4259 decadis
873 4193 978 4258 simile
1012 4196 1195 4277 reperitur,
1236 4193 1373 4257 tertium
