3060 5272
215 299 281 355 Lib.
299 299 335 354 la
777 285 817 345 72

219 473 372 550 vertisse3
406 469 464 536 sed
492 469 580 552 quod
609 468 829 535 seeundum
858 489 1054 552 quosnam
1082 468 1217 549 scribit,
1250 468 1285 535 in
1311 467 1379 535 hac

219 579 420 665 pronominis
449 577 669 660 geminatione
698 598 826 660 semper
855 577 971 643 eadem
999 577 1105 643 forma
1132 584 1274 662 utroque
1301 576 1378 643 loco

219 689 355 772 ponitur
376 686 482 769 (quis
505 706 627 768 quem,
652 690 742 750 uter
764 690 897 749 utrum
914 684 1160 768 fraudavitl)
1176 685 1380 768 minimeque

219 795 326 861 altero
359 794 432 859 loeo
468 793 599 877 gravior
631 798 665 857 et
698 792 826 877 plenior
860 793 939 877 poni
971 798 1095 876 potest,
1128 792 1226 877 quasi
1258 792 1376 876 magis,

219 925 303 986 quos
326 902 442 980 secuti,
466 922 566 984 quam
589 901 646 985 qui
664 901 770 966 secuti
790 900 866 980 sint,
889 908 1017 984 agatur.
1052 900 1378 985 Scripseratldvius:

150 997 152 1003 ’
219 1011 288 1094 qni
311 1008 506 1075 eonsules
530 1007 752 1073 secundum
775 1028 892 1090 quos;
920 1030 985 1073 non
1008 1007 1247 1089 animadverso,
1274 1008 1378 1074 inter·

219 1119 404 1202 rogativum
427 1137 508 1194 esse,
538 1115 709 1182 substituit
732 1114 852 1197 aliquis
875 1115 1085 1198 quosdam,
1113 1121 1256 1196 secutus,
1285 1115 1378 1200 quod

220 1232 378 1309 quattuor
400 1223 547 1289 versibus
570 1231 646 1289 ante
669 1224 799 1307 legitur,
823 1222 929 1307 apud
951 1223 1155 1306 quosdam.
1210 1222 1278 1306 [Ita
1299 1220 1379 1289 Cre·

219 1334 330 1399 uerius
353 1331 569 1414 dubitanter]

307 1440 386 1524 Cap.
410 1443 461 1518 23,
485 1445 521 1503 7:
566 1439 651 1505 Non
679 1440 757 1503 iam
786 1438 876 1504 foro
900 1461 940 1505 se
962 1439 1164 1505 tumultus
1186 1439 1379 1519 sustinet,

221 1549 290 1615 sed
330 1548 478 1632 passim
517 1553 644 1612 totam
682 1547 820 1612 urbem
854 1548 1061 1630 pervadit.
1125 1545 1179 1612 Sic
1211 1552 1288 1631 post
1319 1545 1382 1611 Al»

220 1656 419 1723 schefslrium
453 1654 605 1719 Hertzius
644 1653 748 1721 edidit
781 1655 911 1720 codices
945 1661 979 1718 et
1008 1655 1149 1739 optimos
1178 1654 1314 1737 (MPLl)
1343 1660 1381 1720 et

221 1764 402 1830 deteriores
432 1783 583 1844 sequens;
616 1762 693 1827 olim
724 1762 885 1828 edebatur
915 1763 1116 1841 continet,
1150 1762 1239 1845 quod
1267 1763 1302 1827 in
1323 1761 1375 1827 Hl

152 1890 206 1958 (aa)
225 1893 297 1938 esse
320 1870 455 1950 dicitur,
483 1871 653 1954 tenuitque
676 1870 974 1948 Weissenbornius‚
1004 1891 1104 1952 quum
1126 1876 1216 1935 reete
1238 1870 1381 1937 sentiret

220 2001 389 2064 nunquam
430 1979 632 2043 sustineri
671 1978 831 2061 aliquid
866 1979 938 2059 (aut
972 1999 1012 2043 se
1046 1977 1268 2061 sustinere)
1301 1977 1378 2045 leco

221 2095 281 2154 aut
313 2087 433 2152 finibus
467 2084 548 2165 dici;
581 2086 743 2151 tumultus
778 2087 961 2151 sustinetur
997 2085 1039 2150 ab
1067 2106 1122 2165 eo,
1155 2087 1213 2169 qui
1246 2087 1278 2152 ei
1310 2105 1376 2150 non

221 2196 318 2262 cedit.
376 2194 441 2261 Sed
469 2215 516 2258 us
546 2200 655 2258 ortum
684 2200 796 2259 estex
820 2201 968 2258 extrema
991 2193 1120 2277 syllaba
1142 2195 1231 2260 vocis
1253 2214 1379 2279 praece

220 2305 338 2383 dantia,
367 2324 466 2386 quum
488 2301 601 2366 Livius
623 2301 823 2385 scripsisset:
859 2322 901 2366 se
924 2301 1125 2368 tumultus
1147 2307 1275 2368 tenet.
1325 2300 1377 2368 Si·

219 2412 356 2478 millimo
380 2430 492 2476 errore
514 2408 570 2473 lib.
588 2408 688 2488 XXV,
711 2414 742 2486 4,
766 2413 784 2473 6
808 2430 848 2474 ex
870 2409 951 2493 ipsi
975 2409 1230 2475 sustulerint
1251 2409 1379 2475 factum

221 2542 292 2586 esse
315 2519 447 2602 ipsius
471 2516 737 2596 sustulerint,
768 2516 921 2582 Dukerus
944 2516 1034 2582 vidit.
1090 2517 1242 2583 Proximo
1266 2518 1380 2602 capite

222 2627 237 2711 ξ
263 2633 280 2692 5
304 2629 374 2710 ipse
397 2646 528 2710 quoque
551 2646 638 2689 nunc
661 2625 694 2688 in
717 2646 790 2690 eam
806 2625 929 2689 inclino
948 2631 1088 2709 partem,
1111 2646 1211 2707 quam
1222 2625 1379 2692 Hertzius

220 2742 353 2801 secutus
371 2739 431 2812 est,
454 2740 491 2798 ut
508 2734 619 2817 potius
637 2756 657 2816 p
665 2734 826 2797 1·aeverti
849 2753 910 2816 pro
932 2733 1193 2817 praevertisse
1212 2732 1380 2799 scribatur·

221 2845 308 2924 (orto
337 2862 447 2908 errore
477 2862 516 2906 ex
547 2862 599 2921 eo,
635 2840 724 2923 quod
758 2839 931 2925 precedit,
964 2841 1242 2906 intervenisse
1276 2846 1310 2907 et
1337 2863 1380 2907 ex

222 2952 384 3035 cepisse
424 2957 457 3015 et
496 2949 773 3025 consuluisse,
814 2969 886 3030 quae
926 2948 1138 3030 sequuntur),
1178 2969 1278 3031 quam
1316 2968 1379 3033 pro

221 3080 344 3144 posse
374 3057 596 3124 substituatur
626 3078 724 3122 coss.
749 3056 884 3140 (Opusc.
908 3055 1008 3120 dead.
1032 3055 1064 3120 11
1093 3078 1125 3139 p.
1152 3055 1236 3137 127).
1293 3054 1378 3122 Con·

190 3169 382 3234 ·iecturam
417 3164 509 3230 illam
543 3172 576 3229 et
605 3164 790 3230 Schellerus
823 3163 948 3229 fecerat
981 3170 1015 3229 et
1051 3185 1110 3247 ego
1145 3162 1378 3246 significaram.

222 3274 333 3360 [Quod
355 3273 639 3340 Weissenboruius
662 3272 780 3338 edidit:
809 3293 880 3337 nec
903 3292 1022 3356 posse
1119 3273 1314 3356 praeverti
1337 3292 1380 3338 se

222 3385 436 3468 quicquam
464 3381 515 3464 (ut
542 3381 731 3466 praeverti
759 3381 864 3446 active
893 3378 1105 3463 accipiatur),
1135 3400 1315 3463 pronomen
1337 3399 1380 3446 se

222 3513 359 3577 prorsus
381 3488 635 3556 intolerabiliter
657 3510 677 3554 a
699 3510 819 3572 posse
843 3489 1026 3569 seiungitur
1049 3494 1082 3552 et
1103 3485 1275 3568 reficitur]

308 3599 387 3682 Cap.
417 3602 473 3677 25,
508 3603 526 3662 6
555 3605 624 3663 tam
656 3598 773 3679 ignave
807 3602 842 3662 et
874 3594 1080 3661 incommode
1117 3603 1193 3678 post
1220 3595 1381 3661 Romam

221 3707 386 3774 reduxit
424 3705 611 3772 subiicitur:
651 3703 919 3769 Decedentem
952 3703 1128 3781 Romam,
1163 3709 1201 3768 ut
1234 3701 1380 3769 dubitari

221 3838 287 3882 non
309 3815 445 3893 debeat,
473 3815 552 3896 quin
580 3833 692 3878 errore
714 3810 806 3876 urbis
828 3832 947 3876 nomen
969 3809 1022 3876 bis
1045 3812 1190 3894 positum
1212 3812 1265 3877 sit.
1309 3810 1380 3877 Nec

223 3944 250 3988 c.
270 3927 322 4002 27,
346 3927 365 3987 2
387 3930 430 3989 ut
453 3928 522 3987 aut
545 3971 552 3983 .
572 3969 604 3983 ..
628 3927 698 3984 aut
719 3925 762 3984 ut
784 3920 818 3984 in
839 3917 901 3985 hac
923 3918 1087 3985 brevitate
1109 3927 1144 3984 et
1167 3919 1380 4004 simplicitate

224 4032 381 4096 orationis
421 4029 666 4095 excusationem
705 4026 828 4093 habere
867 4027 1013 4107 videtur,
1059 4027 1117 4095 sed
1155 4033 1198 4092 ut
1232 4049 1271 4092 ex
1305 4032 1382 4095 aut

223 4139 379 4205 auxilio
402 4144 512 4205 ortum
535 4157 614 4201 esse.
660 4135 783 4217 (1861.)
