3060 5272
285 360 347 428 Lib,
365 358 439 414 XXI.
830 344 894 407 278

371 530 449 615 Cap.
474 535 531 609 55,
560 533 578 593 5
607 528 655 611 (in
683 529 904 613 descriptione
925 528 1046 613 proelii
1068 528 1112 593 ad
1133 514 1316 611 Trebiaml:
1346 528 1445 617 qni·

285 639 359 704 bus
388 636 612 720 (Balearibus)
647 659 764 720 quum
798 638 949 702 maiore
977 635 1125 701 robore
1152 636 1342 720 legiones
1370 635 1446 702 ob·

287 748 501 824 sisterent,
531 744 713 810 deducta
740 765 915 829 propere
944 745 985 809 in
1008 764 1160 809 cornua
1181 744 1296 810 leves
1318 765 1444 810 arma·

285 861 385 919 tnrae
413 852 516 918 s'nnt.
573 851 664 916 Adeo
692 850 746 916 hic
773 851 913 936 pluralis
943 851 1070 933 (leves
1099 850 1331 933 armatura)
1354 852 1445 918 inso-

285 962 356 1026 lens
378 967 444 1041 est,
473 961 529 1042 qui
551 980 592 1023 ne
614 966 686 1024 tum
708 960 840 1041 quidem
862 961 1004 1043 ponitur,
1033 980 1134 1041 quum
1156 959 1298 1024 duorum
1318 960 1445 1025 exerci-

286 1076 380 1135 tuum
401 1069 481 1133 levis
505 1074 683 1132 armaturae
705 1067 827 1132 milites
851 1067 947 1132 simul
971 1074 1283 1148 commemorantur,
1316 1073 1445 1133 utnon

286 1177 434 1243 dubitem
460 1176 638 1240 restituere
668 1173 771 1257 (quod
793 1174 998 1239 Alschefskio
1029 1176 1064 1239 in
1085 1181 1228 1240 mentem
1249 1175 1354 1257 venit,
1383 1175 1445 1243 sed

287 1286 401 1351 statim
425 1284 582 1350 omissum
605 1281 686 1363 est):
722 1282 894 1347 diducta
920 1304 975 1365 pr.
999 1283 1039 1347 in
1061 1302 1088 1347 c.
1111 1281 1214 1348 levis
1238 1281 1300 1364 (sic
1320 1280 1361 1366 P)
1383 1304 1444 1349 ar·

285 1398 506 1471 maturast3
540 1390 661 1455 erroris
685 1390 776 1470 origo
799 1410 839 1453 ex
861 1394 897 1452 st
918 1409 979 1472 pro
1003 1396 1099 1455 sunt
1121 1395 1257 1474 accepto
1281 1389 1334 1471 (ut
1354 1412 1445 1476 saepe

285 1501 319 1563 in
342 1497 511 1563 Ciceronis
533 1496 642 1578 libris)
665 1502 746 1560 nata
767 1503 827 1561 est.
880 1495 945 1578 [lV,
974 1501 1003 1576 8,
1035 1499 1110 1561 3in
1133 1498 1168 1561 M
1190 1497 1349 1564 scribitur
1370 1498 1480 1564 ini·

286 1609 387 1671 tium
423 1612 518 1670 sunt
550 1605 608 1669 rei
641 1624 702 1687 pro
737 1601 798 1685 st]
854 1604 1040 1669 Diductae
1074 1607 1140 1669 iam
1169 1604 1444 1673 Drakenborchio

285 1714 473 1797 placuerat,
507 1712 612 1778 divisa
641 1712 726 1775 enim
755 1711 836 1776 levis
865 1719 1033 1777 armatura
1061 1712 1167 1777 altera
1194 1733 1273 1797 para
1301 1713 1335 1777 in
1364 1713 1444 1778 dex·

285 1827 388 1898 trum,
422 1819 528 1884 altera
556 1821 589 1884 in
619 1819 790 1884 sinistrum
818 1839 922 1884 cornu
952 1819 1098 1885 abducta
1121 1827 1181 1885 est.
1239 1806 1379 1903 [Seneca
1401 1820 1444 1886 de

285 1927 363 1991 Vita
390 1926 497 1991 Beata
529 1931 563 2006 8,
599 1931 617 1990 2
647 1933 877 1991 armaturas
909 1926 1020 1992 leves
1056 1928 1095 1992 de
1128 1929 1231 1992 variis
1264 1928 1445 2010 generibus

285 2034 365 2099 levis
394 2041 569 2099 armaturae
598 2035 694 2112 dixit,
724 2036 752 2098 si
774 2034 885 2098 tainen
906 2034 934 2099 is
957 2035 1047 2100 locus
1071 2056 1171 2100 sanus
1195 2040 1256 2100 est.
1312 2035 1365 2099 Ad
1388 2035 1444 2100 Li-

285 2143 372 2207 vium
412 2164 478 2207 non
517 2142 621 2223 magis
658 2141 721 2206 hoc
757 2142 901 2223 pertinet
935 2163 1034 2226 quam
1068 2143 1181 2207 eadem
1216 2142 1317 2208 verba
1353 2143 1446 2228 apud

286 2249 397 2334 script.
421 2248 484 2313 bel.
507 2248 606 2312 Afric.
630 2270 657 2312 c.
682 2252 720 2311 59
745 2246 880 2331 posita]

371 2355 450 2440 Cap.
475 2360 531 2435 56,
561 2360 580 2419 2
610 2355 664 2437 (55
687 2354 845 2420 Romanis
876 2357 909 2419 in
940 2357 1067 2439 proelio
1095 2357 1138 2421 ad
1161 2356 1346 2440 Trebiaml:
1375 2357 1444 2422 de·

287 2486 367 2529 cem
395 2464 508 2528 milia
535 2463 660 2528 ferme
688 2461 889 2527 hominum
911 2499 955 2508 -
976 2464 1109 2528 media
1130 2463 1321 2530 Afrorum
1343 2466 1443 2545 acie,

202 2587 376 2655 (tanqua
410 2571 587 2636 Gallicis
622 2571 791 2634 auxiliis
826 2569 992 2636 firmata
1025 2578 1127 2650 erat,
1164 2593 1249 2636 cum
1284 2573 1445 2654 ingenti

287 2679 393 2743 caede
415 2678 594 2743 bostium
617 2698 850 2762 perrupere.
902 2678 1012 2743 Media
1032 2679 1187 2744 Afrorum
1210 2681 1298 2744 acies
1321 2680 1356 2743 in
1378 2679 1444 2744 hac

287 2808 397 2871 pugna
418 2808 482 2851 non
506 2786 584 2851 solis
609 2785 714 2849 Gallis
738 2785 896 2864 constitit,
920 2785 988 2865 scd,
1012 2793 1049 2850 ut
1071 2788 1142 2870 ipse
1167 2785 1278 2852 Livius
1301 2807 1328 2851 c.
1349 2790 1399 2865 55,
1423 2790 1444 2849 2

286 2895 383 2973 dixit,
417 2896 504 2959 omni
538 2894 688 2978 peditum
720 2892 856 2971 robore3
891 2893 1070 2977 Hispanos,
1107 2893 1239 2972 Gallos,
1273 2893 1370 2959 Afros
1394 2893 1444 2958 di·

354 3095 566 3150 burdationibus
584 3093 714 3149 dolorem
732 3094 930 3163 efficientibus)
949 3096 1057 3163 51(55)
1075 3102 1109 3150 te
1128 3095 1379 3150 admonendum
1398 3094 1445 3162 (55

353 3180 420 3234 fano
437 3180 536 3234 Tulliae
555 3180 743 3247 exstruendo).
785 3181 898 3235 Mutata
919 3183 1122 3252 praepositione
1145 3182 1247 3235 litterar
1265 3179 1444 3235 detractione

354 3266 440 3320 etiam
463 3283 545 3322 casus
568 3270 691 3320 mutatus
714 3270 763 3319 est.
802 3265 854 3333 (Eo
877 3267 984 3336 capite,
1012 3267 1047 3322 de
1071 3284 1126 3335 quo
1152 3266 1225 3332 dixi,
1252 3262 1319 3334 §4,
1347 3264 1397 3318 nbi
1415 3265 1445 3319 in

354 3350 499 3406 codicibus
518 3354 573 3404 est:
600 3349 654 3403 lta
671 3350 765 3403 mille
784 3351 960 3420 equitibus
977 3351 1126 3420 Magoni,
1144 3349 1241 3404 mille
1258 3348 1445 3419 peditibus

355 3434 519 3502 dimissis,
536 3435 567 3487 A.
577 3434 740 3488 Perizonius
754 3440 847 3489 antem
856 3437 1059 3505 proMagoni
1073 3437 1195 3491 coniecit
1207 3430 1445 3504 clrmMagone,

355 3519 534 3573 scribendum
552 3520 675 3574 videtur:
697 3520 752 3574 Ita
770 3538 844 3575 cum
862 3521 956 3575 mille
974 3523 1153 3589 equitibus
1171 3521 1325 3588 Magone,
1345 3519 1446 3574 mille

355 3605 529 3674 peditibus
553 3605 710 3672 dimiss03
739 3622 833 3660 errore
858 3608 1039 3677 participium
1067 3607 1103 3660 55
1132 3606 1313 3675 peditibus
1336 3621 1446 3659 accom-

354 3690 501 3745 modatum
519 3696 569 3745 est
609 3688 707 3758 Neque
724 3691 800 3744 enim
818 3689 1000 3747 dimittuntur
1016 3684 1129 3758 milites,
1155 3692 1203 3759 qui
1221 3707 1285 3745 cum
1303 3688 1376 3744 duce
1393 3689 1443 3743 ali·

356 3793 411 3844 quo
430 3777 591 3842 mittuntur,
608 3779 638 3828 et
655 3774 749 3843 potius
768 3775 804 3830 da
822 3775 944 3845 Magone
962 3776 1062 3846 agitur.
1093 3776 1178 3843 1862.)
1213 3775 1349 3829 Extremo
1368 3773 1445 3828 dani-

355 3878 410 3929 que
432 3862 526 3931 capite
545 3856 571 3928 (§
589 3859 617 3926 9)
635 3859 771 3914 iniuriae
789 3860 850 3914 cod.
870 3868 1033 3915 revocatum
1052 3866 1106 3915 eat:
1135 3866 1172 3915 nt
1192 3861 1250 3915 vix
1272 3876 1446 3914 armorum

355 3945 578 4000 tenendorum
597 3946 759 4013 potentia
778 3951 873 4000 esset
885 3965 937 4016 pro
952 3952 1077 4002 555551.
1100 3945 1173 4000 Nam
1187 3945 1387 4015 potentiam
1403 3950 1446 3998 te-

355 4030 458 4084 nendi
480 4048 532 4099 pro
551 4030 655 4084 viribus
675 4030 710 4083 ad
727 4031 882 4086 tenendum
899 4049 981 4087 nemo
999 4032 1074 4086 Livii
1092 4037 1178 4088 551515
1196 4031 1283 4097 dixit3
1304 4047 1357 4085 nec
1375 4030 1446 4084 eiua·

356 4115 421 4169 dem
438 4117 549 4183 generis
568 4120 622 4181 est,
646 4114 722 4183 quod
741 4112 848 4170 Seneca
869 4118 904 4171 55
922 4117 1057 4172 Marciam
1081 4135 1104 4171 c.
1123 4119 1160 4184 t,
1176 4119 1193 4170 3
1211 4117 1284 4171 dixit
1301 4115 1446 4171 secandi

356 4199 551 4269 potentiam
571 4198 890 4269 (Schneidevermdgen).
