3060 5272
237 362 300 418 Lib.
318 361 403 416 XXV.
784 349 846 411 358

238 534 317 600 vult.
368 533 447 618 [Cfr.
470 534 510 614 X,
534 537 584 615 33,
610 539 642 597 1:
673 532 866 598 cohortes
888 569 941 614 -,
970 554 1054 617 quae
1077 535 1265 619 proximas
1287 530 1395 599 forte

240 640 379 725 erant]
431 641 499 707 Sub
528 642 627 707 finem
655 642 776 727 capitis
801 640 831 724 (ᾗ
857 642 909 723 12)
932 663 998 707 non
1026 648 1116 707 recte
1139 642 1305 709 deiecta
1325 641 1396 707 ho-

239 753 361 816 stium
388 756 531 815 castra
558 750 624 814 dici
647 749 728 815 mihi
750 750 918 829 videntur,
952 771 1025 832 quae
1047 772 1156 836 neque
1178 752 1253 835 ipsa
1274 750 1396 817 emine-

238 858 321 923 bant
348 858 636 943 (quemadmodum
664 857 816 923 columna
844 857 941 922 deiici
971 858 1106 942 dicitur)
1133 880 1240 942 neque
1263 879 1305 927 ex
1325 859 1396 926 alto

240 973 274 1032 et
308 967 464 1053 eminenti
498 967 571 1031 loco
604 967 637 1030 in
672 966 862 1032 inferiorem
891 966 1026 1033 detrusa
1054 975 1146 1049 sunt,
1180 968 1238 1033 sed
1264 972 1397 1033 vastata

239 1075 331 1158 (igni,
355 1081 393 1139 ut
415 1075 542 1158 opinor,
565 1073 715 1155 iniecto),
739 1075 913 1158 potuitque
937 1075 1114 1140 deiectis
1135 1075 1235 1142 facile
1258 1076 1338 1142 oriri
1356 1099 1398 1144 cx

155 1190 225 1261 (293)
244 1182 403 1248 deletis.
454 1182 600 1248 Deleta
623 1189 743 1261 castra,
772 1202 845 1264 quae
867 1183 935 1265 igni
957 1191 1152 1269 consumpta
1174 1191 1259 1264 sunt,
1287 1185 1398 1252 Livius

241 1293 323 1357 dixit
345 1291 446 1370 XXX,
470 1296 499 1370 6,
524 1295 551 1355 6.
586 1292 757 1355 Deiecto
778 1312 838 1375 pro
862 1290 999 1356 deleta
1022 1291 1131 1373 (urbs)
1154 1294 1187 1357 in
1210 1293 1282 1359 cod.
1298 1292 1397 1360 Bam·

240 1401 390 1482 bergensi
414 1399 571 1464 scribitur
591 1398 711 1478 XXXI,
735 1402 785 1477 29,
811 1403 859 1463 11.

327 1507 406 1592 Cap.
433 1512 481 1585 15,
506 1511 562 1571 20:
597 1504 784 1572 Ceterum
808 1506 957 1587 (Fulvius
982 1515 1016 1572 et
1038 1505 1197 1575 Claudius
1220 1510 1397 1594 eonsules),

241 1638 287 1681 ne
326 1615 605 1680 Beneventum
651 1616 737 1679 sine
784 1614 976 1698 praesidio
1023 1623 1134 1682 esset
1180 1624 1220 1683 et
1264 1624 1310 1684 ut
1348 1618 1398 1684 ad

241 1723 379 1788 subita
417 1722 532 1801 belli,
574 1723 607 1787 si
641 1721 862 1803 Hannibal,
905 1725 1012 1807 quod
1052 1724 1257 1791 facturum
1291 1725 1398 1792 haud

242 1831 505 1910 dubitabant,
551 1830 598 1894 ad
643 1852 755 1913 opem
802 1831 1012 1896 ferendam
1057 1833 1184 1898 sociis
1223 1832 1399 1917 Capuam

240 1941 439 2018 venisset,
468 1939 630 2020 equites
659 1939 734 2002 vim
757 1941 964 2003 sustinere
988 1948 1171 2024 possent,
1200 1942 1254 2007 Ti.
1279 1941 1399 2007 Grac-

241 2047 353 2112 chum
388 2070 432 2112 ex
461 2047 635 2112 Lucanis
671 2069 758 2111 oum
786 2049 977 2130 equitatu
1007 2070 1051 2112 ao
1079 2049 1159 2114 levi
1189 2057 1400 2116 armatura

241 2156 517 2222 Beneventum
539 2156 677 2220 venire
702 2155 854 2220 iubent.
907 2155 980 2221 Non
1004 2163 1072 2221 tam
1094 2157 1128 2221 id
1150 2158 1300 2224 consules
1323 2179 1399 2242 pro·

241 2266 387 2347 spexisse
410 2266 535 2349 opinor,
559 2270 595 2328 ut
619 2265 746 2347 equites
770 2246 849 2344 (sui,
868 2264 955 2348 quod
979 2264 1060 2330 dure
1084 2266 1192 2347 abest)
1215 2267 1280 2331 vim
1300 2267 1399 2332 susti·

240 2395 319 2438 nere
353 2380 488 2457 possent
515 2372 619 2456 (quod
652 2373 762 2456 ipsum
795 2373 891 2436 nimis
919 2372 1045 2439 infinite
1075 2375 1144 2439 sine
1174 2375 1325 2458 genetivo
1349 2373 1399 2439 di·

244 2479 359 2561 citur),
389 2502 489 2565 quam
515 2489 553 2545 ut
576 2481 640 2564 ipsi
664 2480 796 2544 omnino
819 2482 987 2562 equitatus
1010 2481 1141 2563 Punici,
1169 2503 1234 2565 quo
1257 2483 1397 2548 maxime

240 2587 405 2654 Hannibal
429 2589 579 2671 superior
602 2594 689 2666 erat,
723 2589 787 2652 vim
810 2590 1024 2668 sustinerent,
1055 2597 1088 2654 ct
1111 2590 1186 2656 ideo
1211 2589 1399 2656 Gracchum

243 2717 317 2761 cum
340 2698 492 2780 equitatu
516 2703 550 2760 ot
571 2697 633 2760 levi
657 2703 826 2760 armatura
848 2699 1064 2763 arcessivisse.
1110 2699 1227 2783 ltaque
1250 2698 1400 2783 suspicor

241 2826 333 2889 paene
356 2804 483 2869 Livium
505 2805 693 2887 scripsisse:
716 2806 869 2888 equitis
893 2805 1068 2887 (equitum)
1092 2807 1167 2871 vim
1191 2809 1399 2874 sustinere

242 2920 419 2997 possent.
477 2911 629 2977 Ceterum
659 2933 777 2997 parum
800 2921 953 2979 accurate
978 2914 1047 2979 haec
1070 2924 1329 3000 componuntur:
1358 2922 1400 2981 et

242 3028 285 3087 ut
324 3022 373 3086 ad
416 3021 553 3086 subite
585 3020 685 3086 belli
720 3056 763 3067 -
797 3023 956 3104 equitis
999 3024 1080 3099 (sive
1114 3024 1290 3107 equites)
1322 3024 1399 3089 'vim

243 3131 450 3194 sustinere
480 3136 665 3214 possent;
701 3131 805 3195 multo
833 3132 955 3196 rectius
984 3130 1129 3196 futurum
1160 3140 1247 3197 erat:
1282 3139 1321 3197 et
1349 3131 1399 3197 ad

243 3239 380 3304 subita
403 3237 512 3319 belli,
543 3246 594 3318 ut,
619 3241 652 3303 si
676 3246 747 3319 cet,
770 3241 911 3323 primum
934 3241 1085 3305 universo
1109 3240 1256 3320 consilio,
1280 3239 1399 3306 deinde

246 3348 412 3431 praecipuo
434 3353 530 3431 parte
552 3346 707 3411 indicata.

328 3453 407 3538 Cap.
435 3460 489 3535 16,
519 3459 537 3518 3
562 3455 631 3535 (ubi
661 3454 702 3520 de
731 3456 816 3520 extis
839 3476 859 3519 a
882 3456 1091 3540 serpentibus
1121 3457 1231 3522 adesis
1260 3454 1400 3540 agitur):

242 3568 363 3647 atque
397 3564 600 3628 intentius
630 3568 724 3627 exta
752 3571 1075 3629 reservarentur.
1133 3564 1207 3629 Non
1239 3563 1401 3647 agebatur

244 3671 285 3736 de
317 3671 526 3736 reservandis
560 3671 601 3735 ad
636 3671 738 3735 alium
770 3693 864 3735 usum
898 3673 997 3751 extis,
1031 3672 1089 3737 sed
1113 3672 1152 3737 de
1175 3670 1402 3742 servandisot

242 3779 474 3844 custodiendis.
529 3780 645 3863 ltaque
679 3778 889 3843 scribendum
919 3787 970 3845 est
992 3778 1401 3858 servarentur3-nisi

242 3888 327 3954 forte
362 3908 402 3952 ex
438 3887 575 3952 confusa
608 3887 731 3951 codicis
759 3887 785 3950 P
814 3888 980 3971 scriptura
1014 3895 1401 3954 extarescreserva·

242 4004 390 4062 rentur
414 3996 499 4061 effici
523 3995 623 4060 debet
645 4002 832 4061 extorum
856 3995 969 4062 seriae
993 4004 1265 4062 servarentur.
1301 3994 1401 4076 (1862

242 4113 276 4170 et
307 4105 413 4185 1876.)
465 4103 482 4187 ξ
511 4110 530 4165 8
560 4103 601 4169 de
631 4104 731 4168 Flavo
760 4104 894 4170 Lucano
924 4127 997 4169 cum
1020 4103 1160 4187 Magone
1187 4102 1325 4168 insidias
1352 4101 1400 4165 Ti.
