3060 5272
211 320 273 376 Lib.
291 319 326 374 X.
759 305 822 367 228

213 513 330 576 quam
353 490 498 569 simile,
521 490 553 555 h.
572 510 680 573 aeque
703 489 803 570 leve)
822 509 928 573 neque
949 489 1018 553 ulla
1040 489 1245 572 significatur
1262 508 1373 573 neque

214 602 264 665 ita
296 599 616 682 haudquaquam
643 618 717 681 par
740 597 805 662 dici
827 603 954 681 potest3
984 597 1073 681 quod
1096 603 1207 662 autem
1224 594 1375 662 Alschef-

213 706 303 772 skius
337 706 371 771 id
400 705 580 790 significari
606 705 692 785 vult,
728 707 780 769 cui
809 704 1067 789 haudquaquam
1101 725 1198 789 pares
1228 703 1373 770 Romani

212 814 316 879 futuri
340 815 421 893 sint,
449 835 516 878 non
537 814 586 877 ita
609 813 674 877 sibi
696 811 893 877 diffidebant
914 833 976 877 nec
998 815 1047 878 ita
1069 810 1303 896 desperabant,
1332 816 1374 876 ut

213 943 248 987 se
281 943 491 1005 nequaquam
526 920 615 986 bello
650 941 748 1004 pares
782 919 853 986 fore
887 921 1074 1000 crederent;
1107 940 1169 985 nec
1203 919 1372 1002 defungi

214 1030 437 1094 certamine
471 1029 619 1111 impari
653 1034 790 1113 propter
822 1030 929 1112 ipsam
956 1027 1047 1093 verbi
1076 1035 1245 1107 naturam,
1279 1027 1374 1110 quod

214 1138 256 1201 de
284 1138 372 1203 malo
395 1137 643 1201 incommodave
667 1135 837 1201 subeundo
861 1136 1103 1220 etsuperando
1126 1136 1276 1219 ponitur,
1304 1134 1373 1200 dici

214 1250 340 1328 potest,
371 1245 428 1328 qui
455 1245 527 1327 ipse
555 1244 727 1308 certamini
754 1245 861 1326 impar
890 1242 991 1325 est¹);
1031 1243 1229 1309 adiectivum
1256 1262 1372 1308 neces-

215 1353 304 1417 sario
329 1351 371 1417 ad
393 1352 600 1416 adversarios
627 1356 765 1433 spectat.
805 1351 923 1433 Itaque
947 1352 1137 1417 necessario
1161 1349 1373 1416 scribendum

214 1459 360 1524 videtur:
396 1466 434 1523 et
462 1459 776 1541 haudquaquam
806 1459 942 1540 imperf
965 1459 1261 1542 defungendum
1282 1479 1373 1524 esse

216 1569 454 1644 certamine,
489 1574 526 1630 ut
554 1568 604 1630 im
633 1565 699 1647 (in)
728 1574 805 1650 post
832 1586 861 1627 ι
884 1567 1045 1632 exciderit
1073 1567 1128 1648 (de
1158 1588 1222 1651 quo
1251 1566 1372 1632 mendo

216 1675 259 1739 ad
287 1674 348 1752 IX,
377 1679 434 1753 41,
464 1679 483 1736 8
512 1674 603 1754 dixi).
659 1673 760 1738 Pares
794 1675 860 1738 iam
893 1696 1030 1758 prorsus
1065 1676 1129 1739 sibi
1163 1675 1373 1741 adversarios

215 1782 375 1846 Etruscos
417 1780 647 1865 Samnitesque
692 1783 900 1862 coniunctos,
952 1782 1057 1847 Gallis
1104 1782 1254 1862 adscitis,
1298 1781 1386 1848 fore'

216 1875 465 1971 augurabantur
488 1889 637 1968 Romani,
665 1896 703 1953 ut
727 1890 815 1954 omni
838 1912 900 1974 ope
923 1896 1041 1955 contra
1063 1889 1251 1956 enitendum
1274 1896 1372 1956 esset.

217 1995 315 2078 [Novi
345 1997 556 2061 attractionis
585 1996 739 2079 figuram,
771 2002 804 2061 et
827 2003 938 2062 tamen
960 1998 1056 2062 valde
1084 2018 1212 2078 vereor,
1240 2019 1282 2063 ne
1311 1995 1328 2080 ξ
1352 2002 1372 2063 6

216 2105 326 2170 Livius
349 2105 536 2187 scripserit:
566 2110 605 2168 et
627 2101 794 2169 fortuna
816 2106 925 2188 ipsa,
954 2107 1097 2186 vereri,
1125 2127 1172 2171 ne
1196 2106 1260 2170 cui
1282 2104 1373 2172 deo·

215 2234 302 2276 rum
341 2214 467 2276 nimia
500 2213 579 2276 iam
613 2213 652 2275 in
688 2233 728 2276 se
758 2247 802 2257 -
830 2214 1029 2278 videatur.
1074 2213 1158 2278 Nam
1181 2214 1247 2279 alio
1271 2214 1373 2296 signi·

216 2318 319 2384 ficatu
342 2319 551 2384 fortunam
575 2321 709 2383 vereri
733 2320 863 2384 dicitur.
911 2319 1018 2404 1861]

151 2514 157 2521 Ι
303 2424 383 2511 Cap.
410 2432 458 2503 14,
486 2430 541 2490 13:
572 2425 624 2507 (Q.
647 2426 769 2491 Fabius
792 2427 956 2493 Maximus
986 2430 1100 2494 consul
1122 2431 1157 2494 in
1180 2429 1305 2512 proelio
1330 2428 1376 2494 ad

217 2534 386 2599 Tifernum
408 2535 451 2598 M.
465 2534 614 2598 Fulvium
637 2540 671 2598 et
692 2536 735 2599 M.
749 2535 926 2615 Valerium,
951 2537 1102 2602 tribunos
1124 2537 1275 2617 militum,
1299 2557 1377 2602 oum

219 2642 387 2724 equitibus
410 2643 443 2705 in
461 2641 656 2706 Samnitium
676 2644 781 2707 aciem
800 2644 973 2724 immittit.)
1008 2642 1191 2710 Ceterum
1215 2644 1375 2729 quando

218 2771 263 2812 ne
287 2771 333 2814 ea
355 2770 516 2833 quoque
539 2755 704 2814 tentata
726 2751 783 2814 vis
806 2752 1047 2834 proficeret,
1071 2753 1244 2818 consilio
1267 2773 1376 2835 gras·

219 2857 403 2935 eandum,
434 2858 468 2921 si
491 2857 598 2922 nihil
621 2859 728 2921 vires
751 2858 953 2938 iuvarent,
982 2867 1109 2940 ratus,
1138 2860 1376 2944 Scipionem

218 2965 398 3047 legatum
436 2965 628 3030 hastatos
662 2966 797 3048 primae
831 2966 1010 3047 legionis
1044 2967 1294 3033 subtrahere
1328 2987 1375 3032 ex

220 3074 372 3137 acie-
395 3072 522 3137 iubet.
573 3072 701 3136 Livium
729 3092 836 3155 neque
858 3096 906 3138 ne
928 3110 972 3119 -
994 3097 1153 3159 quoque
1180 3098 1241 3160 pro
1263 3095 1311 3140 ne
1332 3109 1377 3121 —

219 3180 380 3264 quidem
404 3181 514 3245 dicere
536 3181 683 3265 potuisse
706 3201 813 3263 neque
837 3182 999 3263 quando
1022 3219 1065 3227 —
1087 3182 1314 3266 proficeret
1335 3182 1377 3247 de

218 3287 322 3354 futuri
351 3296 487 3353 eventus
518 3289 634 3353 timore
664 3286 709 3368 (si
737 3286 844 3353 forte
875 3312 922 3355 ne
954 3312 1001 3354 ea
1023 3291 1183 3373 quidem
1204 3291 1265 3355 vis
1287 3312 1376 3374 pro·

219 3394 397 3475 ficeret),
428 3394 470 3459 ab
502 3395 575 3458 aliis
603 3394 807 3460 intellectum
831 3398 1084 3480 expositumque
1108 3405 1166 3464 est.
1221 3397 1286 3463 Sed
1309 3398 1377 3462 sin-

219 3503 304 3587 gulis
327 3503 435 3567 verbis
459 3502 663 3584 corrigendis
685 3503 768 3568 nihil
791 3505 915 3586 agitur3
943 3527 1021 3570 nam
1044 3506 1204 3571 excidisse
1227 3505 1379 3588 quadam

220 3612 392 3676 sententiae
425 3608 533 3674 forma
566 3610 713 3675 ostendit
746 3612 828 3676 satis
862 3633 902 3676 ex
935 3614 1107 3696 particulis
1135 3613 1295 3698 quando
1329 3633 1376 3679 ne

220 3719 412 3804 perspicua3
457 3716 568 3782 fuerat
611 3724 722 3782 autern
768 3719 897 3801 integra
939 3719 1143 3788 huiusmodi:
1186 3720 1378 3786 Ceterum

221 3826 396 3909 quando,
440 3846 486 3890 ne
531 3845 576 3888 ea
615 3845 778 3908 quoque
817 3831 980 3893 tentata
1018 3829 1080 3893 vis
1119 3848 1245 3910 pern
1284 3849 1377 3913 pro·

251 4078 273 4144 ¹)
292 4077 376 4144 Quasi
399 4078 489 4134 meas:
518 4079 600 4132 einen
620 4077 726 4147 Kampf
749 4080 918 4136 bberstehen
944 4081 1006 4148 (mit
1028 4083 1119 4138 einem
1141 4082 1261 4152 Kampfe
1284 4082 1377 4137 daron

289 4162 449 4230 hommes),
461 4164 525 4220 dem
542 4181 610 4218 man
626 4165 803 4233 unterliegen
820 4171 921 4221 misse.
