3060 5272
281 392 342 447 niu.
361 393 445 448 xnv.
828 381 890 463 upa

236 570 244 583 ‘
282 565 353 630 dari
376 573 497 649 posset.
541 566 667 632 Deinde
689 567 723 631 in
747 586 787 632 ea
804 566 1007 644 condicione,
1031 586 1103 648 quae
1124 565 1201 630 huic
1219 566 1333 649 primae
1356 586 1433 630 eon·

281 674 386 739 traria
419 695 458 738 ex
492 675 629 740 adverso
662 675 798 758 ponitur
820 673 869 756 (si
899 680 1030 740 autem
1057 674 1143 756 cet),
1173 673 1364 757 adiungitur
1392 673 1432 738 de

281 780 441 847 Antiocho
465 781 512 864 (si
546 790 680 849 autem
702 781 902 872 Antiochi
925 804 1001 848 non
1028 782 1203 863 fuisset),
1234 783 1286 847 cui
1315 783 1348 846 in
1370 782 1432 847 hac

193 887 268 957 (⁰2⁹1)
285 889 366 954 nihil
388 891 575 974 respondet.
618 890 782 956 Praeterea
803 891 838 955 in
858 889 966 956 altera
987 897 1081 974 parte
1103 889 1230 955 infinito
1253 890 1349 956 modo
1373 890 1430 972 (eo

281 1018 327 1063 ne
350 1013 380 1081 p·.
401 998 562 1083 quidem
579 999 748 1065 Romani
768 997 918 1064 iactum
934 1006 1149 1084 apparere)
1167 1006 1336 1082 tamquam
1356 1020 1432 1063 con·

282 1127 422 1190 sequens
446 1114 479 1172 et
502 1107 591 1191 quod
614 1104 785 1186 efficiatur,
808 1107 842 1171 id
864 1108 1009 1191 ponitur,
1032 1107 1122 1190 quod
1144 1109 1178 1172 in
1200 1115 1298 1192 parte
1319 1106 1432 1172 condi·

281 1214 384 1280 cionis
407 1235 480 1281 esse
504 1214 612 1281 debet.
656 1214 742 1280 Nam
763 1215 896 1280 Prusias
917 1215 1086 1297 ignoscere
1116 1214 1272 1295 debebat,
1304 1215 1332 1280 si
1354 1235 1433 1298 eger

281 1320 436 1388 Antiochi
459 1344 524 1388 non
545 1322 710 1389 fueratet
732 1322 807 1388 ideo
837 1323 967 1389 omnino
992 1323 1216 1389 Romanorum
1236 1322 1345 1388 iactus
1367 1345 1434 1388 uon

282 1437 370 1510 erat,
394 1437 432 1495 ut
453 1430 536 1496 nihil
558 1431 599 1497 de
622 1452 660 1497 eo
691 1430 864 1497 decernere
891 1439 1041 1514 possent,
1075 1438 1132 1496 aut
1160 1432 1188 1496 si
1211 1431 1433 1497 Romanorum

282 1537 415 1620 quidem
437 1537 553 1620 iactus,
576 1539 635 1605 sed
657 1538 753 1605 datus
778 1538 882 1604 Gallis
905 1540 971 1604 iam
994 1546 1074 1604 erat.
1109 1538 1177 1604 Iam
1195 1540 1229 1604 in
1251 1539 1364 1605 codice
1387 1541 1434 1605 sic

283 1645 455 1711 scribitur:
490 1649 522 1712 si
556 1655 690 1713 autem
722 1647 891 1712 Antiooi
924 1668 1000 1712 non
1035 1649 1276 1732 peruissent
1310 1668 1352 1713 eo
1386 1669 1434 1712 ne

283 1754 425 1837 populi
449 1755 609 1840 quidem
631 1755 799 1821 Romani
821 1753 975 1821 factum
998 1762 1172 1840 apparat
1201 1763 1270 1820 aut
1298 1754 1434 1820 datum

283 1861 417 1928 Gallis
451 1872 575 1945 esset,
609 1865 847 1947 ignosceret
873 1863 1059 1928 Prusiam
1088 1863 1271 1943 deberet,
1305 1864 1338 1929 si
1362 1874 1433 1944 cet,

284 1968 318 2033 in
336 1991 402 2053 qua
417 1972 582 2055 scriptura
598 1970 641 2037 ad
657 1971 716 2036 illa
732 1979 914 2056 apparat
936 1978 1005 2037 aut
1027 1971 1163 2036 datum
1183 1971 1311 2037 attendi
1329 1972 1433 2036 velim.

284 2077 412 2143 Liuium
445 2081 618 2165 scripsisse
652 2081 785 2164 opinor:
808 2081 859 2159 ,si
892 2080 928 2145 is
962 2100 1055 2164 ager
1088 2079 1232 2163 populi
1264 2081 1435 2145 Romani

284 2185 421 2252 factus
450 2195 579 2268 esset,
613 2209 735 2272 quum
767 2187 962 2254 Antiochi
990 2209 1068 2254 non
1096 2187 1219 2251 inisse
1247 2196 1282 2251 et
1316 2210 1360 2254 eo
1388 2210 1435 2253 ne

283 2315 373 2379 pop.
397 2297 559 2378 quidem
585 2297 753 2361 Romani
785 2296 939 2362 factum
972 2304 1174 2377 appareret
1207 2304 1276 2362 aut
1310 2297 1435 2359 datum

286 2401 415 2469 Gallis
438 2423 530 2484 carc,
552 2406 765 2488 ignoscere
787 2404 973 2470 Prusiam
1002 2405 1153 2470 debere
1177 2413 1237 2470 oet.
1284 2403 1433 2486 (Residet

284 2512 469 2596 scrupulus,
491 2535 533 2578 ne
557 2512 637 2598 quid
653 2513 757 2578 lateat
773 2514 807 2577 iu
824 2512 881 2577 illo
903 2513 1141 2596 peruissent
1163 2518 1283 2597 praeter
1304 2512 1432 2579 luisse

283 2619 349 2701 et.)
386 2617 559 2704 {Occurrit
591 2620 712 2686 litteris
752 2621 948 2703 proximum:
983 2620 1017 2685 si
1061 2627 1192 2685 autem
1231 2621 1433 2687 Antiocho

196 2789 200 2798 .
283 2749 362 2793 non
383 2729 572 2812 paruisse
595 2736 635 2793 et
658 2748 703 2793 eo
727 2734 788 2793 cet.
834 2727 993 2793 Retentat
1015 2747 1185 2793 assensum
1215 2736 1249 2795 et
1270 2730 1434 2794 Antioci

282 2835 319 2900 in
342 2835 454 2901 codice
477 2837 635 2921 seriptum
657 2842 690 2902 et
713 2834 801 2919 quod
824 2857 883 2920 per
907 2857 942 2901 se
964 2856 1042 2919 ager
1071 2835 1134 2901 hoc
1161 2835 1233 2902 loco
1257 2838 1365 2921 aptius
1388 2839 1433 2901 vi·

285 2942 384 3009 detur
411 2944 566 3010 Antiochi
595 2943 694 3011 luisse
723 2943 789 3010 dici
818 2964 916 3026 quam
938 2943 1099 3009 Antiocho
1121 2945 1283 3028 paruisse.
1327 2941 1433 3026 leon]

285 3051 411 3118 Deinde
439 3052 470 3137 (ξ
500 3053 553 3135 13)
581 3054 614 3117 in
643 3051 695 3118 his
723 3051 845 3132 verbis,
879 3052 998 3136 quibus
1025 3053 1186 3119 transitur
1220 3052 1263 3117 ad
1296 3040 1435 3119 alteram

286 3181 364 3242 rem,
388 3182 488 3247 quam
504 3161 639 3227 Prusias
661 3181 682 3225 a
706 3168 823 3226 senatu
839 3161 1017 3244 petiverat:
1041 3158 1179 3226 Facile
1201 3159 1434 3226 Nicomedis

285 3269 675 3336 commendationem
705 3270 912 3353 accipere,
943 3274 1096 3353 apparet,
1120 3268 1323 3348 adverbium,
1347 3268 1436 3353 quod

285 3379 417 3445 omnino
450 3377 612 3443 inutiliter
646 3375 808 3456 abundat,
842 3398 908 3442 non
941 3377 1086 3460 potuisse
1120 3377 1225 3460 primo
1252 3375 1327 3442 loco
1357 3378 1436 3460 poni

286 3494 364 3552 ante
383 3507 431 3567 ea,
455 3485 573 3568 quibus
590 3505 676 3551 nova
692 3504 745 3549 res
762 3483 1013 3567 significaretur.
1047 3482 1085 3547 In
1105 3483 1216 3550 codice
1234 3494 1286 3550 est
1306 3483 1436 3564 felici,

285 3596 446 3678 superiori
468 3592 638 3659 sententiae
660 3590 739 3656 addi
761 3591 846 3657 nihil
867 3598 991 3675 potest;
1024 3591 1231 3676 relinquitur,
1255 3598 1292 3657 ut
1314 3592 1437 3657 scriba·

287 3724 376 3769 mus:
400 3700 479 3768 Fili
501 3680 737 3766 Nicomedis
761 3699 1155 3765 commendationem
1179 3701 1381 3785 accipere.

372 3810 510 3877 Desinet
531 3809 601 3874 haeo
623 3813 738 3875 nostra
760 3829 861 3892 opera
882 3808 917 3871 in
940 3809 1055 3874 eodem
1071 3808 1285 3874 correctionis
1309 3827 1436 3890 genere,

286 3939 391 4001 aquo
409 3939 512 4002 prope
530 3938 605 3983 orsa
623 3923 683 3996 est,
706 3916 840 3983 meliore
859 3917 1095 3983 sententiarum
1113 3916 1329 3982 distinctione.
1353 3915 1439 3980 Nam

287 4027 388 4112 paulo
411 4033 487 4110 post
510 4025 541 4109 (ἓ
567 4025 619 4107 16)
642 4025 689 4092 sic
719 4023 889 4089 scribitur:
925 4031 965 4089 et
995 4025 1206 4107 (censuerunt
1233 4021 1361 4105 patres)
1396 4028 1440 4087 ut

287 4157 336 4201 cx
365 4135 515 4215 classe,
551 4155 635 4219 qnae
664 4132 880 4198 Brundisii
908 4142 1031 4213 esset,
1066 4153 1189 4198 naves
1223 4129 1351 4215 longas
1381 4132 1440 4195 vi·

287 4244 395 4327 ginti
428 4229 750 4328 adsignarentur
777 4240 914 4322 (Prusiae
942 4241 1036 4326 regi),
1070 4240 1217 4326 quibus
1239 4248 1440 4319 uteretur,
