3060 5272
214 406 277 461 Lib.
296 406 379 460 XLV.
766 396 827 456 740

215 578 409 658 Videndum,
431 599 473 643 ne
496 576 606 642 Livius
630 578 816 662 scripserit:
839 579 974 645 Iratus
998 579 1070 663 (pro
1092 578 1221 660 totus)
1243 579 1370 645 Mece-

215 685 386 752 donicus
438 687 647 752 exercitus
691 687 935 772 imperatori
978 686 1248 771 neglegenter
1287 694 1369 751 crat

215 792 433 860 adfuturus
468 795 653 859 comitiis
686 793 707 859 f.
731 794 753 859 l.
798 795 893 860 Unde
926 797 988 861 ita
1021 803 1128 862 ortum
1160 797 1218 876 sit,
1247 798 1368 862 nescio.

215 901 332 986 [Paulo
356 904 481 968 rectius
503 901 580 967 erit:
604 902 743 968 Iratus
760 903 1048 971 Macedonicus
1072 905 1279 998 exercitus
1302 905 1369 969 im·

168 994 173 1009 ⁵
214 1012 401 1096 peratori
424 1016 531 1090 erat,
559 1011 699 1095 itaque
727 1010 994 1094 neglegenter
1016 1018 1104 1077 erat
1126 1019 1187 1078 cet.
1224 1011 1368 1095 1864.]¹)

300 1117 380 1203 (lap.
415 1122 465 1198 36,
505 1122 524 1182 2
564 1125 597 1183 et
638 1122 655 1183 3
691 1139 790 1201 quum
825 1118 983 1204 Grynaeus
1020 1119 1177 1186 edidisset
1212 1121 1368 1204 primum:

215 1225 295 1293 Ser.
326 1227 461 1295 Galba
489 1234 662 1311 repente
692 1229 898 1310 processit
927 1234 965 1292 et
992 1248 1013 1291 a
1045 1234 1090 1293 tr.
1125 1229 1368 1313 postulavit,

213 1342 257 1401 ut
288 1372 331 1383 —
364 1337 404 1400 in
438 1342 645 1419 posterum
679 1334 781 1399 diem
811 1334 1034 1401 differrent
1067 1344 1106 1402 et
1138 1357 1251 1401 mane
1285 1357 1368 1402 eam

213 1465 294 1511 rem
319 1450 502 1528 agerent,
527 1442 659 1509 deinde:
694 1464 815 1526 quum
844 1444 1035 1509 tribunus
1058 1445 1198 1510 dicere
1222 1465 1264 1511 eo
1289 1444 1367 1519 die,

214 1551 368 1634 siquid
396 1552 539 1631 vellet,
570 1551 747 1625 iuberet,
777 1551 984 1636 Kreyssigius
1007 1553 1115 1636 priore
1142 1553 1216 1618 loco
1238 1562 1326 1618 recte
1351 1574 1368 1618 e

215 1660 329 1726 codice
351 1661 514 1744 reposuit:
548 1679 569 1724 e
596 1659 778 1725 tribunis
801 1660 1048 1744 postulavit,
1072 1661 1160 1745 quod
1182 1663 1269 1745 ipsa,
1293 1682 1366 1744 quse

213 1776 411 1852 sequuntur,
440 1767 541 1833 verbe
563 1765 784 1833 differrent
814 1775 848 1833 et
871 1776 1041 1853 agerent
1065 1776 1194 1852 cogunt.
1240 1769 1304 1836 Sed
1328 1790 1367 1836 eo

213 1879 345 1963 pravius
367 1878 542 1943 retinetur:
577 1897 696 1958 quum
717 1876 912 1941 tribunus
937 1913 981 1927 —
1014 1877 1193 1943 iuberet.
1218 1898 1368 1962 proquo

213 1986 248 2050 in
271 1984 382 2051 codice
406 1992 471 2050 est:
506 2007 623 2069 quum
645 1984 806 2049 tribuni
833 2020 877 2031 -
900 1985 1061 2051 iuberet
1083 1985 1196 2066 (verbo
1219 1985 1262 2050 ad
1284 2006 1368 2072 pree-

214 2093 332 2160 cedens
355 2094 483 2160 vellet
505 2091 775 2173 accommodato),
799 2094 954 2176 quoniam
977 2095 1187 2178 perspicuum
1209 2100 1274 2171 est,
1298 2115 1368 2159 eos·

214 2201 303 2280 dem,
327 2223 347 2267 a
370 2203 488 2286 quibus
512 2200 627 2266 dilatio
651 2200 820 2285 postulata
843 2202 900 2280 sit,
925 2222 997 2267 eam
1021 2223 1086 2267 non
1109 2201 1254 2281 dedisse3
1288 2203 1369 2266 scri-

212 2308 357 2375 bendum
374 2311 475 2393 igitur
493 2317 560 2375 est:
584 2330 701 2392 quum
720 2309 882 2374 tribuni
903 2345 948 2355 -
968 2309 1164 2376 iuberent.
1205 2308 1368 2375 Tribunos

215 2420 431 2484 communiter
452 2440 521 2483 rem
545 2418 661 2501 egisse,
685 2417 732 2481 Ti.
755 2415 947 2501 Sempronio
971 2420 1109 2483 actionis
1132 2418 1288 2502 principe,
1312 2438 1369 2502 ap-

213 2532 311 2612 paret
334 2528 434 2592 etiam
457 2548 496 2591 ex
519 2525 582 2591 fine
605 2525 723 2608 capitis
747 2523 777 2607 (ξ
803 2525 867 2606 10).
912 2525 1020 2609 Atque
1049 2526 1149 2591 etiam
1170 2525 1368 2591 Plutarchus

214 2635 249 2700 in
271 2635 339 2700 vita
360 2633 484 2699 AEmilii
507 2656 533 2699 c.
556 2637 605 2712 30,
629 2632 756 2697 Livium
780 2639 893 2717 aperte
912 2635 1107 2717 exprimens,
1131 2635 1274 2718 primum
1292 2633 1369 2700 Gal·

213 2741 291 2807 bam
314 2764 334 2806 a
355 2742 499 2807 tribunis
528 2741 634 2826 plebis
669 2740 769 2805 alium
799 2741 885 2805 diem
914 2742 1099 2824 postulasse
1130 2742 1259 2822 scribit,
1287 2751 1367 2815 tum,
1411 2781 1416 2791 ·

127 2852 201 2923 (61⁷)
218 2858 271 2913 τῶν
293 2857 439 2933 δημάρχων
462 2858 547 2933 λέγειν
570 2854 660 2923 αὐτόν,
682 2857 710 2911 el‘
734 2877 758 2911 τι
788 2856 923 2930 βούλεται,
952 2858 1126 2931 κελευόντων,
1159 2850 1291 2934 longam
1315 2872 1369 2917 ex·

214 2979 325 3025 orsum
349 2959 532 3026 orationem
554 2979 624 3024 rem
645 2959 680 3023 in
702 2963 831 3024 noctem
856 2960 1085 3042 extraxisse.²)

222 3098 363 3106 ——-—
367 3099 416 3105 -.—.
435 3100 438 3105 .

239 3162 263 3229 ¹)
282 3161 299 3233 ὅ
316 3166 334 3219 9
350 3164 433 3234 plane
451 3165 609 3220 necessaria
627 3167 671 3219 est
695 3161 831 3217 Gronorii
858 3163 1031 3218 emendatio:
1058 3164 1244 3219 Pecuniam
1270 3163 1370 3217 illum

282 3265 351 3304 non
369 3249 448 3304 dere
467 3250 544 3321 (pro2
562 3249 643 3304 dere
661 3248 738 3317 non)
756 3250 935 3319 potuisse;
954 3250 1104 3304 militem
1117 3249 1369 3304 honoremnon

283 3333 365 3389 dare
383 3336 459 3406 (prm
488 3335 658 3390 honorem
686 3334 780 3402 dare)
807 3352 919 3405 posse.
956 3330 1139 3405 Compcrstnr
1162 3336 1302 3404 utrimque
1319 3352 1370 3405 po·

282 3424 370 3474 testas
397 3439 454 3475 non
481 3420 610 3476 faciendi.
647 3420 773 3475 Licuisse
797 3419 867 3474 dicit
890 3419 978 3474 Galba
1000 3420 1116 3476 AEmilio
1143 3421 1265 3474 militum
1292 3438 1371 3491 spem

282 3504 428 3574 frustrare;
455 3523 517 3561 esse
545 3513 574 3562 et
600 3506 720 3559 militum
747 3506 869 3574 aliquam
888 3505 1011 3577 negandi
1033 3511 1209 3576 potestatem.
1245 3505 1309 3561 vid.
1334 3507 1370 3561 ad

282 3608 305 3646 c.
324 3594 349 3658 8,
368 3594 393 3647 6.

236 3676 262 3744 ¹)
281 3675 375 3731 Etiam
385 3674 401 3745 ᾗ
412 3681 425 3731 1
437 3678 466 3733 in
477 3677 613 3733 eademre
632 3678 791 3731 aberratum
806 3677 931 3746 videtum
949 3696 1014 3734 num
1032 3679 1166 3749 quoniam
1183 3678 1219 3732 ad
1234 3679 1367 3734 coniunc-

283 3763 385 3816 tamin
402 3762 446 3827 iis,
461 3782 524 3834 quae
543 3767 705 3832 sequuntur,
724 3764 848 3816 omnium
863 3764 1042 3819 tribunorum
1062 3764 1233 3818 mentionem
1252 3762 1371 3830 accedit,

283 3848 358 3916 quod
376 3845 421 3903 hic
440 3865 551 3919 quoque
569 3849 599 3902 in
617 3847 679 3902 cod.
699 3848 830 3903 scribitur
847 3848 996 3914 ferrent,
1021 3849 1167 3920 probabile
1184 3847 1225 3914 fit,
1253 3866 1270 3902 a
1287 3848 1369 3903 Livio

283 3934 419 4004 scriptum
441 3933 528 3990 fuisse
550 3933 595 3988 Ti.
616 3931 842 4002 Sempronius
865 3940 906 3988 tr.
926 3934 968 4004 pl.
988 3936 1169 4003 ceterique
1188 3939 1228 3987 tr.
1247 3935 1288 4004 pl.
1307 3934 1370 3990 fer·

283 4025 367 4074 rent
403 4019 501 4088 (1864.)
538 4017 778 4089 §drocentiores
801 4020 940 4088 integram
964 4019 1099 4075 Gronovii
1117 4026 1146 4073 et
1163 4019 1283 4073 Iacobsii
1306 4036 1371 4073 con·

284 4104 421 4160 iecturam
435 4105 562 4175 recipere
577 4104 732 4158 debuerant
751 4106 824 4172 (iam
841 4122 933 4161 nnnc
952 4106 1051 4159 nimis
1072 4120 1159 4174 saepe
1179 4104 1370 4159 ambitione

284 4191 447 4260 peccari),
467 4190 569 4244 omisso
589 4189 655 4242 iam
673 4206 759 4257 prava
773 4199 816 4245 est
831 4191 979 4245 sententia.
1008 4189 1068 4259 §10
1084 4189 1371 4260 pronuntiarunt,

284 4275 360 4344 quod
377 4275 505 4331 Dukerus
524 4294 575 4346 pro
594 4277 845 4331 renuntiarunt
861 4277 962 4344 reponi
979 4275 1070 4343 iussit,
1086 4292 1146 4329 non
1158 4274 1251 4330 minus
1267 4279 1310 4330 est
1323 4291 1371 4331 ne·
