3008 4756
623 327 683 389 189
1072 342 1135 397 Lib.
1153 343 1228 398 VIIL

73 516 209 594 tamque
241 511 416 594 imaginem
444 518 503 577 aut
535 512 643 576 animo
670 512 778 595 ipsum
805 510 939 577 finxisse
970 520 1027 578 aut
1056 514 1229 581 scribendo

75 619 287 702 expressisse,
326 619 360 683 in
400 640 440 684 ea
472 619 640 698 inciderit,
680 639 752 702 quae
797 618 946 684 codicum
985 608 1161 686 consensus
1196 629 1230 689 et

75 726 236 792 orationis
264 733 361 791 tenor
387 748 446 811 per
475 749 509 792 se
536 726 645 792 bonus
673 733 707 792 et
733 727 943 811 incorruptus
966 750 1038 793 eum
1062 731 1229 813 scripsisse

75 832 312 899 demonstrant.
325 834 354 916 ¹)
415 835 519 899 Extra
551 836 658 918 ipsam
691 856 802 899 rerum
837 836 1090 920 explicationem
1123 859 1231 921 pauca

103 1001 128 1070 ¹)
145 1002 271 1056 Primum
295 1002 381 1071 igitur
402 1004 599 1072 manipulatim
623 1008 761 1057 structam
784 1005 872 1058 aciem
894 1011 924 1059 et
946 1005 1058 1060 ordines
1075 1005 1230 1060 instructos

144 1091 279 1156 tanquam
308 1088 364 1141 duo
388 1094 416 1141 et
438 1089 549 1143 diversa
571 1090 726 1158 separavit,
754 1106 839 1157 quum
861 1092 1002 1145 centurias
1023 1095 1052 1144 et
1070 1091 1181 1144 ordines
1201 1093 1232 1144 in

144 1173 304 1241 manipulos
330 1173 468 1227 conflatos
491 1174 617 1243 legissem
646 1174 747 1229 deinde
770 1175 911 1228 centurias
934 1173 1068 1242 (ordines)
1093 1182 1121 1229 et
1144 1177 1231 1230 mani·

144 1257 226 1326 pulos
250 1276 349 1326 parum
372 1259 514 1325 distinxit3
543 1261 731 1313 centuriarum
755 1260 830 1311 enim
854 1276 971 1313 numero
994 1260 1114 1313 militum
1137 1262 1230 1329 posito

145 1340 208 1410 (60),
229 1343 311 1397 binos
330 1344 440 1397 eddidit
457 1345 643 1410 centuriones,
662 1344 758 1411 quiin
774 1345 919 1413 manipulo
939 1351 1019 1398 erant
1038 1346 1076 1411 (in
1096 1348 1230 1400 centuriis

144 1427 272 1496 singuli),
299 1430 506 1497 manipulisque
534 1431 648 1483 vicenos
675 1430 743 1482 levis
768 1437 916 1483 armaturae
939 1432 1041 1484 milites
1061 1431 1230 1500 adsignavit,

145 1518 214 1582 quot
236 1515 265 1567 in
284 1516 411 1567 centuria
428 1515 513 1568 fuisse
528 1515 664 1582 Polybius
684 1514 794 1581 scribit,
818 1532 869 1567 nec
888 1517 975 1583 cavit,
1002 1517 1077 1584 quod
1095 1517 1229 1586 Polybius

146 1599 299 1666 diligenter
317 1599 396 1664 facit,
420 1605 452 1653 ut
469 1600 498 1653 hi
517 1606 596 1653 extra
613 1602 648 1653 60
666 1600 793 1653 hastatos
812 1601 1009 1669 principesque
1027 1602 1112 1670 ipsos,
1136 1604 1184 1671 qui
1202 1604 1232 1657 in

145 1685 390 1749 commiscerent,
409 1692 633 1751 numerarentur;
652 1686 787 1754 manipuli
806 1688 895 1739 totius
914 1704 1060 1739 numerum
1074 1688 1114 1740 ita
1128 1689 1231 1755 omisit,

145 1774 178 1823 nt
201 1787 264 1822 cum
287 1771 419 1822 centuriae
442 1787 558 1824 numero
578 1769 740 1824 confudisse
758 1771 894 1824 videatur.
938 1770 998 1825 Una
1014 1773 1184 1841 relinquitur
1202 1775 1233 1828 in

145 1854 197 1908 hac
215 1860 296 1923 perte
314 1855 469 1922 dubitatio,
492 1857 566 1909 unde
586 1859 617 1909 15
635 1856 795 1925 manipulos
813 1857 998 1923 hastatorum,
1025 1861 1056 1911 15
1074 1861 1232 1927 principum

146 1941 301 2008 acceperit,
328 1941 369 1992 ita
386 1946 417 1992 ut
436 1957 469 1992 ex
487 1943 535 2007 30,
563 1942 610 2008 qui
634 1960 766 1995 numerus
791 1942 998 2010 manipulorum
1021 1943 1077 1994 iam
1097 1946 1232 2011 antiquis·

146 2027 223 2079 simae
242 2025 361 2093 legionis
381 2029 473 2077 certus
492 2042 552 2077 esse
570 2026 694 2092 videtur,
718 2027 786 2079 nulli
810 2027 915 2079 triariis
938 2027 1140 2094 relinquantur.
1177 2028 1233 2080 Nu-

144 2129 254 2164 merum
289 2110 495 2178 manipulorum
531 2112 621 2164 totius
657 2111 779 2179 legionis
811 2111 847 2164 ad
877 2111 1003 2164 hastatos
1035 2113 1233 2179 principesque

146 2198 242 2250 neseio
265 2213 320 2264 quo
346 2213 440 2249 errore
463 2196 632 2249 translatum
655 2197 741 2264 (quod
765 2198 793 2249 in
816 2195 920 2249 triariis
946 2196 1001 2248 alia
1020 2202 1080 2249 erat
1098 2198 1232 2249 centuriae

146 2283 233 2350 ipsius
259 2288 288 2335 et
309 2281 446 2349 manipuli
472 2281 635 2349 descriptio)
653 2282 728 2334 inter
746 2298 794 2334 eos
814 2282 941 2334 divisisse
959 2281 1081 2334 videtur.
1124 2281 1233 2334 Deinde

146 2372 240 2421 autem
260 2368 290 2420 in
309 2368 413 2419 triariis
433 2366 633 2433 describendis,
652 2368 682 2419 in
701 2384 755 2435 qua
772 2371 852 2435 parte
871 2367 991 2418 maxime
1005 2366 1159 2431 laboratur,
1176 2383 1232 2418 ma·

145 2452 248 2505 niiesto
270 2470 322 2520 pro
346 2470 401 2504 uno
421 2452 523 2504 vexillo
544 2452 708 2520 (manipulo)
728 2453 783 2504 tria
802 2468 905 2519 genera
923 2453 1046 2504 militum
1065 2452 1231 2518 continenti,

145 2538 257 2590 triarios
272 2539 362 2606 ipsos,
382 2538 516 2602 rorarios,
542 2555 682 2601 accensos,
703 2539 850 2591 substituit
866 2538 1041 2606 manipulum
1056 2537 1148 2605 (quem
1163 2538 1235 2591 ordi·

146 2640 210 2676 nem
232 2625 355 2690 vocavit)
375 2625 430 2677 tria
449 2624 552 2677 vexilla
572 2624 765 2678 continentem
784 2628 813 2675 ct
826 2623 871 2676 his
887 2623 977 2675 tribus
991 2624 1101 2677 vexillis
1117 2624 1234 2692 singulis

146 2709 261 2776 plenum
284 2710 418 2762 centuriae
437 2726 586 2762 numerum
605 2709 692 2762 dedit.
732 2709 756 2760 E
776 2709 887 2778 Polybii
910 2708 1100 2777 descriptione
1116 2710 1232 2764 intelle·

147 2794 236 2861 gitur,
264 2795 323 2846 eius
351 2800 434 2848 aetate
461 2795 620 2848 triariorum
650 2796 844 2863 manipulos
872 2796 991 2847 cundem
1019 2795 1150 2848 habuisse
1178 2813 1232 2848 nu·

145 2896 265 2946 merum,
303 2881 348 2948 qui
387 2882 415 2934 in
447 2881 568 2934 hastatis
609 2880 840 2948 principibusque
878 2881 1116 2934 centuriarum
1152 2885 1233 2948 esset,

146 2965 201 3018 nisi
234 2965 309 3032 quod
335 2966 434 3018 velites
462 2967 548 3019 etiam
574 2965 604 3018 in
631 2966 739 3019 triariis
768 2965 941 3033 quadrageni
969 2971 1076 3032 essent,
1108 2971 1179 3034 quot
1205 2966 1234 3020 in

146 3049 323 3102 hastatorum
351 3050 564 3118 principumque
591 3049 739 3117 manipulis
769 3048 813 3114 (20
834 3050 864 3101 in
890 3052 1042 3114 centuriis).
1087 3051 1149 3103 Duo
1169 3055 1236 3104 sunt

150 3133 165 3202 ξ
190 3138 206 3187 7
229 3140 258 3187 et
282 3137 298 3186 8
321 3141 420 3186 eontra
447 3134 559 3186 codices
589 3133 715 3186 tollenda
744 3133 945 3185 additamenta:
975 3135 1131 3202 primurn,
1159 3135 1236 3202 quod

149 3224 214 3272 ante
245 3218 350 3286 pilum
382 3218 497 3285 ponitur
531 3218 686 3285 (primum
720 3216 826 3285 pilum
854 3217 961 3269 librarii
988 3223 1102 3281 norant,
1129 3219 1234 3286 pilum

148 3303 275 3356 alisolnto
299 3302 333 3354 de
357 3318 472 3354 numero
501 3303 622 3355 militum
653 3303 779 3370 positum
803 3302 998 3369 ignorabant),
1022 3302 1137 3368 deinde,
1160 3304 1236 3371 quod

149 3388 204 3439 iam
231 3386 344 3454 Lipsius
376 3392 404 3439 et
432 3385 591 3440 Gronovius
623 3388 834 3452 intellexerunt,
873 3387 1036 3439 vexillum
1068 3393 1133 3440 anto
1161 3405 1234 3441 cen·

148 3480 217 3526 tum
236 3472 429 3540 octoginta,
454 3473 594 3541 additum,
618 3490 703 3540 quum
722 3489 780 3524 non
799 3472 1080 3536 animadverteretur,
1104 3491 1236 3528 numeros

148 3559 183 3611 od
206 3558 363 3612 ordinem
387 3559 541 3627 pertinere;
565 3564 672 3624 cetera,
696 3558 789 3626 qualia
811 3558 840 3610 in
864 3559 1007 3612 codicibus
1032 3563 1108 3625 sunt,
1132 3560 1234 3637 retine·

147 3645 254 3698 bimus:
287 3645 349 3698 sub
382 3645 500 3713 signis
533 3646 599 3698 iam
629 3645 691 3697 alii
720 3644 929 3712 quindecim
957 3644 1116 3715 ordines¹
1136 3646 1234 3697 loca·

148 3731 294 3797 bantur,
320 3732 508 3799 exquibus
528 3730 881 3798 ordounusquisque
900 3736 975 3784 tres
994 3731 1234 3799 partashabc·

149 3816 221 3884 bat3
248 3817 373 3884 (eornm
397 3834 679 3886 unamquamque
702 3817 816 3886 pilum
834 3816 1039 3882 vocabant)
1058 3817 1178 3868 tribus
1197 3833 1237 3867 cx

149 3904 293 3956 vexillis
328 3906 539 3969 constabat3
573 3907 716 3957 centnm
751 3903 945 3970 octoginta
978 3920 1041 3954 sex
1072 3901 1236 3954 homines

149 3996 251 4042 erant
269 3993 322 4042 cet.
363 3988 489 4042 Levioris
509 3994 657 4041 armaturae
677 3988 796 4040 militum
816 3987 913 4040 Livius
933 4003 1022 4053 noque
1041 4004 1147 4048 corum,
1166 4003 1237 4054 quos

78 4059 84 4074 ⁸
148 4071 268 4126 hastatis
296 4079 324 4126 et
350 4074 525 4141 principibus
554 4075 703 4127 adiunctos
728 4074 827 4126 velites
852 4071 990 4140 appellat,
1018 4088 1107 4139 neque
1131 4089 1237 4138 eorum,

149 4173 219 4225 quos
238 4159 343 4212 triariis
362 4159 521 4227 adscripsit,
540 4158 642 4213 deinde
660 4159 689 4211 in
708 4156 892 4210 describendo
911 4173 1014 4224 pugnae
1033 4173 1135 4225 genere
1153 4157 1238 4210 ullam

149 4243 290 4297 rationem
307 4242 408 4312 habet,
427 4260 561 4299 accensos
580 4250 674 4296 temen
693 4244 722 4295 in
741 4260 801 4312 cap.
824 4245 855 4295 10
872 4242 1008 4295 nominat.
