3060 5272
223 355 283 408 Lib.
305 354 376 408 VIII.
769 340 829 400 198

309 527 387 610 Cap.
412 531 462 604 23,
491 532 503 588 l
531 533 563 589 ct
586 531 614 588 2.
666 524 761 589 Hunc
783 525 901 602 locum,
932 525 1093 604 utillum,
1123 525 1163 589 do
1187 546 1251 606 quo
1275 524 1373 608 riuulo

223 645 299 701 aute
322 636 485 712 admonui,
511 633 579 711 VII,
603 638 652 707 39,
679 638 726 710 14,
750 655 848 714 quum
873 634 1010 715 primum
1034 640 1123 698 recto
1147 634 1256 698 oditus
1279 640 1374 710 esset,

222 746 329 828 ruralis
358 745 389 807 in
419 743 514 806 bonis
544 741 712 805 codicibus
740 747 862 819 exstat,
904 749 1019 824 postca
1048 743 1191 806 oditoros
1220 762 1373 824 corrupe-

222 862 314 930 runt,
355 852 556 916 deteriorum
596 849 762 913 crroribus
804 849 942 933 (lecopti.
1007 850 1115 914 Livius
1149 856 1299 914 serratum
1332 849 1374 912 ab

223 971 363 1043 utroquo
397 959 532 1024 consulo
561 958 604 1039 (u.
630 962 690 1021 327
714 981 743 1021 a.
768 956 858 1038 Chr.)
888 959 1059 1023 cortiorom
1094 959 1216 1024 factum
1250 957 1373 1031 scribit,

223 1070 387 1135 Samnites
410 1067 530 1132 bollum
554 1066 671 1130 moliri.
723 1066 930 1131 Publilius
952 1065 993 1147 (is
1017 1067 1049 1130 in
1073 1066 1256 1131 meridiana
1279 1064 1373 1130 Cam-

221 1180 320 1262 pania
353 1185 437 1255 crat,
472 1174 723 1258 Palaepolitanos
756 1174 843 1239 bollo
873 1175 1098 1257 coercituros),
1128 1175 1203 1240 duo
1240 1173 1375 1238 millia

221 1287 464 1351 Nolanorum
493 1284 666 1348 militum
689 1289 952 1364 etquattuor
976 1282 1224 1363 Samnitium,
1247 1283 1372 1364 magis

222 1394 388 1459 Nolanis
417 1392 654 1476 cogentibus
684 1412 798 1474 quam
827 1392 1039 1456 voluntate
1063 1391 1293 1456 Graecorum
1316 1412 1372 1453 ro-

221 1511 341 1586 copta
378 1500 573 1583 Palaepoli
614 1499 660 1579 (M
700 1499 965 1583 Palropolim),
1010 1500 1181 1565 miserat
1226 1497 1274 1579 (id
1313 1504 1373 1573 ost,

221 1611 330 1675 missis
360 1610 479 1674 littoris
508 1608 748 1688 nuntiaverat);
798 1610 908 1672 loma
937 1608 1010 1691 (pur
1038 1608 1177 1673 altorum
1201 1607 1375 1684 consulem,

221 1719 256 1782 Ii.
271 1717 465 1794 Cornelium,
490 1717 545 1798 qui
559 1716 761 1780 Samnitibus
785 1716 999 1798 opponendus
1023 1717 1122 1780 utiam
1144 1723 1214 1781 tum
1238 1716 1276 1796 iu¹
1294 1714 1374 1778 urbe

221 1825 402 1905 restite-rut)
436 1831 701 1908 compartum,
736 1823 933 1887 dilectum
970 1825 1173 1889 indictum
1202 1846 1222 1889 a
1250 1824 1374 1906 magi-

221 1934 441 2011 stratibuS,
488 1933 800 2013 uniuersumque
842 1930 1042 1996 Samnium
1084 1939 1264 1997 erootum
1312 1938 1373 1995 oct.

222 2041 275 2107 Sic
298 2044 384 2106 onim
407 2048 458 2106 ost
480 2043 512 2105 in
536 2040 659 2119 MI'Hl,
689 2039 762 2104 aliis
785 2039 874 2119 (Lov.
899 2046 928 2118 4,
958 2039 1105 2120 Haverc,
1128 2040 1243 2122 fragm.
1268 2039 1374 2119 Hau).

221 2149 339 2214 Videat
362 2171 446 2213 nuuc
469 2149 548 2213 milii
572 2149 708 2232 aliquis,
737 2170 835 2230 quam
864 2149 949 2212 bollo
978 2149 1046 2214 haec
1069 2149 1271 2233 interpolata
1293 2149 1375 2227 siut;

134 2268 205 2339 (168)
223 2258 282 2323 alii
304 2259 389 2323 onim
412 2260 627 2342 scripserunt:
651 2258 991 2323 miseratltomam
1014 2265 1262 2342 compertum
1286 2256 1375 2338 (bar-

220 2367 316 2447 baro,
350 2390 454 2451 nequo
478 2368 563 2431 onim
586 2374 831 2450 compertum
853 2368 1019 2432 mittero
1043 2368 1196 2449 dicitur),
1231 2365 1374 2431 (lorne-

220 2477 299 2541 lius
334 2476 524 2541 diloctum
560 2483 638 2553 ccts,
680 2475 794 2540 addito
829 2477 975 2556 nomine,
1010 2477 1103 2541 cuius
1133 2499 1172 2541 no
1203 2477 1374 2541 minimum

221 2585 353 2668 quidem
377 2587 549 2672 vestigium
572 2585 719 2649 inbonis
744 2584 911 2648 codicibus
936 2591 987 2650 est
1010 2584 1086 2666 (nisi
1111 2586 1199 2668 quod
1223 2585 1371 2650 Drakon-

222 2693 425 2758 borchiuslu
438 2694 644 2776 interpolatis
663 2693 836 2773 adiungit),
854 2693 911 2757 alii
929 2700 1054 2757 autom:
1075 2695 1260 2773 miserat3
1279 2694 1374 2759 (lor-

221 2802 353 2865 nolius
374 2802 566 2865 dilectum
584 2808 655 2875 cet,
675 2801 839 2876 dori-actis,
858 2807 894 2864 ut
906 2800 1049 2865 Cornelii
1067 2802 1189 2866 nomini
1206 2801 1299 2866 locus
1318 2803 1374 2867 fio-

220 2916 280 2987 ret,
298 2910 424 2974 (luobus
438 2910 580 2989 vocibus,
599 2931 671 2991 quic
685 2911 753 2974 sino
766 2909 834 2974 ulla
845 2910 1003 2973 varietate
1015 2909 1264 2992 perscribuntur
1275 2912 1376 2977 otiam

221 3019 254 3081 in
284 3018 503 3082 deterioribus
533 3018 717 3096 codicibuS,
752 3040 817 3082 uno
851 3024 885 3081 et
918 3016 1024 3082 altero
1054 3019 1197 3100 pessimo
1228 3026 1374 3103 excepto.

221 3126 283 3192 Seu
325 3129 428 3190 maior
461 3127 493 3188 iu
527 3125 591 3190 boc
624 3127 732 3209 capito
765 3148 819 3189 ros
844 3127 1139 3198 ‚commemoranda
1172 3133 1237 3203 ost,
1276 3148 1375 3210 quam

221 3235 364 3299 breuiter
397 3234 575 3316 significavi
611 3235 643 3297 iu
678 3234 845 3317 prooemio
880 3257 909 3317 p.
940 3238 980 3296 26
1009 3234 1083 3299 ima.
1131 3234 1213 3298 Nam
1242 3234 1258 3317 ξ
1290 3240 1328 3298 10
1357 3257 1375 3301 c

220 3342 329 3407 modio
358 3343 542 3424 legatorum
567 3343 786 3407 Romanorum
816 3366 854 3405 ox
884 3342 964 3406 urbe
988 3343 1162 3406 missorum
1187 3365 1259 3407 curu
1283 3344 1374 3409 Sam-

220 3451 345 3515 nitibus
379 3452 558 3533 colloquio,
597 3451 668 3527 ubi,
704 3452 812 3533 posito
849 3451 1069 3514 Romanorum
1102 3451 1145 3515 ad
1180 3451 1375 3516 Samnitium

221 3560 489 3643 prouocationem
528 3581 703 3641 rosponso,
745 3565 989 3641 suspiciamus,
1030 3565 1066 3622 ut
1099 3559 1256 3642 primum,
1296 3560 1375 3641 quid

221 3667 340 3732 deindo
375 3667 500 3731 dictum
528 3667 638 3749 quisve
667 3666 741 3730 finis
770 3666 923 3748 colloquii
947 3666 1061 3746 fuerit,
1091 3675 1160 3732 tum
1183 3667 1305 3732 bollum
1328 3669 1376 3733 in-

222 3777 344 3840 dictum
384 3783 417 3840 ot
456 3776 525 3858 gori
565 3782 718 3858 coaptum
752 3780 918 3852 uarrotur,
959 3768 1072 3841 subito¹
1108 3775 1295 3841 mirabundi
1333 3776 1376 3842 ad

221 3884 398 3948 Publilium
432 3884 597 3948 oonsulom
633 3883 876 3966 Palaepolitanis
917 3886 1104 3967 oppositum
1143 3891 1176 3949 et
1208 3906 1278 3950 rom
1311 3886 1376 3963 iam

221 3993 263 4057 ab
287 4014 326 4057 oo
350 3998 478 4075 gestam
501 3991 737 4068 trausfcrimur,
762 3991 823 4054 hoc
845 3993 1045 4057 narrationis
1068 4000 1199 4057 tenore:
1232 3992 1377 4076 Legati

223 4101 490 4166 Romanorum
514 4122 629 4182 quum
653 4121 693 4164 se
716 4121 803 4176 non,
828 4121 902 4183 quo
927 4099 1063 4165 hostis
1081 4107 1280 4182 vocasset,
1305 4101 1377 4167 sed

221 4230 296 4293 quo
320 4209 591 4295 imperatores
615 4210 678 4274 sui
701 4207 924 4288 duxissent,
948 4209 1082 4276 ituros
1101 4231 1190 4276 esso
1209 4231 1376 4297 respon-
