3060 5272
706 829 768 891 363
1148 841 1212 897 Lib.
1230 841 1316 896 XXV.

241 1015 319 1101 Cap.
349 1020 406 1089 22,
435 1022 469 1095 4,
503 1015 561 1080 ubi
590 1015 714 1080 editur:
758 1021 801 1079 ut
836 1015 1094 1100 conquisitio
1127 1014 1315 1080 volonum

154 1126 280 1193 fieret
306 1127 414 1208 iique
443 1125 491 1189 ad
519 1125 637 1205 signa
668 1125 990 1204 reducerentur,
1021 1146 1122 1209 quum
1151 1125 1185 1188 in
1207 1122 1233 1187 P
1256 1144 1316 1207 pro

153 1235 282 1301 fieret
314 1235 425 1318 iique
456 1235 501 1297 sit
527 1232 739 1316 hortique,
769 1233 1027 1299 Forchhammer
1053 1232 1217 1299 intellexit
1238 1232 1318 1296 scri·

154 1343 300 1410 bendum
322 1363 410 1409 esse:
442 1340 562 1406 fieret
584 1343 824 1426 repertique.
881 1341 1005 1407 Oculus
1027 1344 1062 1407 in
1085 1363 1126 1407 er
1142 1340 1317 1406 aberravit.

154 1451 280 1534 (1862.)
320 1449 336 1535 ἓ
360 1456 394 1515 8:
419 1450 482 1515 Ita
503 1450 586 1514 tria
607 1451 803 1533 praetoria
826 1452 938 1516 circa
959 1449 1133 1535 Capuam
1157 1454 1308 1529 erecta,
1328 1453 1399 1521 (297)

155 1567 241 1626 tres
265 1556 331 1643 [et]
355 1560 565 1623 exercitus
589 1558 767 1623 diversis
791 1559 982 1642 partibus
1006 1581 1106 1644 opus
1130 1559 1318 1642 adgressi

154 1673 216 1734 cot.
271 1667 392 1733 Notavi
426 1666 624 1750 particulam
660 1687 812 1749 pravam,
848 1669 879 1733 si
914 1689 974 1752 pro
1013 1668 1136 1733 etiam
1165 1666 1318 1749 accipias»,

155 1776 354 1861 praviorem,
388 1775 416 1840 si
445 1782 531 1839 tres
561 1781 602 1839 et
630 1795 690 1858 pro
720 1782 759 1839 et
788 1781 873 1840 tres
901 1798 922 1840 a
946 1775 1038 1841 Livio
1061 1777 1096 1840 in
1118 1795 1221 1858 prosa
1243 1795 1320 1839 ora-

154 1885 246 1950 tione
274 1885 418 1968 positum
445 1889 550 1966 putes.
607 1882 723 1947 Potest
752 1889 864 1969 tamen
898 1883 1139 1967 transpositum
1172 1905 1245 1949 esse
1279 1890 1319 1949 et

155 1991 211 2073 (ct
239 1993 348 2073 tres).
400 1988 510 2073 [§11‚
546 1989 603 2054 ubi
633 1991 667 2055 iu
696 1990 722 2055 P
751 1998 818 2056 est:
860 2013 1038 2075 suasque
1067 2013 1131 2057 res
1160 1993 1318 2057 secuin-

155 2099 298 2178 ferret,
345 2098 554 2163 efficiendum
588 2104 660 2163 erat
694 2121 830 2165 secum
869 2098 1043 2179 ferrent,
1082 2122 1149 2166 non
1182 2122 1319 2165 secum

156 2208 248 2273 inde
270 2207 437 2285 ferrent,
461 2227 520 2289 pro
544 2206 635 2271 edita
656 2209 823 2292 scriptura
844 2229 982 2273 secum
1004 2208 1234 2274 auferrent.
1269 2209 1318 2273 Ex

156 2336 186 2380 ι
207 2323 322 2381 natum
345 2315 392 2394 ln,
415 2320 484 2379 tum
507 2313 629 2378 lineola
652 2315 769 2381 addita
793 2323 845 2381 est
868 2316 1018 2398 (secum
1041 2316 1103 2397 in).
1152 2316 1259 2400 1862]

243 2422 322 2508 Cap.
346 2429 402 2503 24,
433 2426 460 2500 l,
484 2422 541 2487 ubi
565 2421 692 2486 editur:
727 2423 808 2488 Iam
838 2425 950 2489 mille
979 2431 1227 2489 armatorum
1257 2447 1319 2490 ce·

157 2539 302 2618 perant
336 2536 510 2616 partem,
544 2531 611 2594 iam
643 2531 829 2616 Heusinger
862 2532 1027 2597 intellexit
1060 2533 1125 2597 dici
1157 2532 1318 2613 debuisse,

157 2641 251 2706 cuius
279 2642 328 2705 rei
357 2646 486 2723 partem
509 2640 677 2722 cepissent
700 2640 837 2720 armati3
867 2645 1009 2724 apparet
1032 2639 1210 2723 significari
1234 2641 1318 2704 muri

157 2755 286 2833 partem
322 2768 461 2830 eumque
495 2749 682 2830 genetivum
716 2748 906 2813 addendum
935 2769 1008 2814 esse
1036 2754 1114 2833 post
1142 2753 1319 2812 armato-

157 2877 242 2922 rum
266 2855 364 2938 (rum
387 2855 514 2938 muri).
560 2854 684 2938 (1862.)

245 2964 324 3049 Cap.
349 2969 400 3044 26,
431 2968 485 3027 12:
514 2963 641 3030 Multo
671 2972 809 3030 tamen
837 2965 896 3028 vis
919 2965 1046 3030 maior
1068 2964 1200 3048 pestis
1223 2963 1320 3028 Poe-

158 3093 297 3138 norum
331 3079 471 3137 castra
505 3093 622 3156 quam
658 3073 842 3138 Romana
876 3073 942 3137 diu
978 3072 1319 3138 circumsedendo

157 3180 385 3266 Syracusas
420 3181 517 3245 caelo
552 3183 756 3265 aquisque
792 3181 1019 3246 adsuerant
1055 3182 1193 3264 magis.
1256 3181 1320 3246 Ex·

158 3288 278 3354 cidisse
300 3276 436 3353 verbum
460 3296 617 3372 apparet3
653 3290 840 3374 supplenda
869 3291 976 3355 oratio
1007 3291 1040 3355 in
1072 3290 1158 3355 huuc
1186 3290 1320 3356 modum

158 3396 303 3461 videtur:
339 3432 381 3441 —
409 3396 635 3462 Poenorum
670 3405 806 3463 castra
840 3419 955 3482 quam
984 3398 1163 3463 Romana
1197 3397 1320 3461 corri-

160 3511 307 3586 μαψ
341 3524 423 3567 ιιι
452 3505 519 3569 diu
549 3505 881 3571 circumsedendo
905 3512 967 3570 cet.
1011 3506 1184 3570 Aberravit
1207 3504 1319 3569 oculus

159 3633 180 3677 a
212 3635 262 3678 na
295 3613 342 3695 (in
377 3613 564 3696 Romana)
599 3613 642 3678 ad
675 3635 773 3677 nam.
830 3612 868 3677 In
896 3613 1053 3677 Gronovii
1088 3610 1319 3697 supplemento

159 3743 262 3786 unum
300 3720 435 3787 verbum
474 3721 680 3786 incommode
714 3720 906 3804 parenthesi
941 3740 961 3783 a
994 3719 1124 3802 reliqua
1157 3720 1321 3784 sententia

159 3828 337 3894 divellitur.
394 3827 425 3911 [ᾗ
461 3834 500 3893 10
535 3830 568 3893 in
596 3829 658 3893 hac
685 3828 862 3893 verborum
892 3828 1138 3893 coniunctione:
1172 3862 1215 3871 -
1242 3848 1320 3891 non

160 3937 272 4002 modo
320 3936 508 4001 lacrimis
553 3938 746 4019 iustoque
792 3935 1052 4020 comploratu
1092 3955 1320 4020 proseque-

160 4051 307 4111 rentur
335 4050 532 4124 mortuos,
568 4044 640 4110 sed
668 4066 713 4109 ne
745 4042 947 4111 efferrent
975 4043 1133 4128 quidem
1163 4050 1232 4108 aut
1258 4065 1320 4109 se-

160 4153 341 4237 pelirent
359 4174 495 4236 prorsus
513 4159 629 4218 contra
647 4175 743 4217 usum
761 4154 924 4218 omittitur
941 4153 1073 4236 negatio
1091 4158 1168 4217 ante
1179 4173 1320 4236 prose·

160 4267 396 4345 querentur.
452 4259 469 4344 ἓ
507 4265 546 4324 14
574 4261 741 4344 particula
775 4267 815 4326 et
848 4267 925 4325 ante
955 4258 1320 4344 Carthaginienses

161 4368 278 4434 addita
311 4368 401 4435 tollit
436 4369 644 4434 manifestam
680 4370 887 4434 notationem
928 4369 1101 4434 contrariae
1135 4366 1320 4432 Siculorum

160 4483 195 4542 et
218 4476 542 4561 Carthaginiensium
564 4477 715 4543 lortnnae.
765 4474 871 4559 1862]

248 4584 327 4669 Cap.
352 4589 408 4666 28,
439 4593 458 4651 6
488 4586 543 4667 (de
572 4585 690 4668 legatis
719 4585 903 4651 Siculorum
931 4584 1155 4666 Syracusanos
1184 4582 1320 4648 hortan-

161 4691 268 4774 tibus,
296 4700 334 4759 nt
356 4715 391 4760 se
413 4694 570 4759 Romanis
594 4691 781 4773 dederent):
810 4691 1073 4758 multitudine
1098 4690 1146 4755 ad
1169 4691 1320 4756 contio-
