3060 5272
713 792 754 854 97
1179 804 1243 860 ΙιιἹ).
1262 804 1310 861 ΠΙ.

154 978 329 1044 sententie
362 980 524 1056 retracto,
557 980 592 1040 et
624 975 715 1041 verbi
748 977 896 1061 pravitas
924 974 1021 1057 (nihil
1050 982 1101 1042 est
1129 976 1215 1042 enim
1242 977 1311 1043 ad·

153 1084 261 1151 ferre
284 1084 510 1170 prseindicinm
532 1082 594 1164 rei)
619 1089 653 1149 et
675 1082 816 1163 codices,
845 1084 880 1147 in
903 1083 1023 1167 quibus
1045 1084 1206 1165 omnibus,
1229 1106 1310 1168 quo·

153 1215 227 1258 rum
255 1193 390 1276 quidem
417 1191 529 1274 aliqua
556 1197 609 1256 est
630 1191 813 1257 auctoritas
835 1190 1058 1274 (MRPLlHl,
1088 1192 1180 1274 oet),
1209 1193 1311 1278 scrip·

154 1308 225 1367 tum
259 1307 311 1367 est
345 1298 516 1380 suferri3
555 1319 757 1384 quemquam
790 1298 879 1382 quod
911 1299 976 1364 hoc
1008 1300 1116 1383 ipsum
1148 1301 1311 1366 Weissen-

152 1407 292 1474 bornius
328 1410 365 1473 in
404 1407 550 1473 editione
582 1405 814 1472 Teubneriana
852 1407 976 1487 tenuit,
1014 1406 1168 1473 Hertzius
1201 1413 1312 1473 eutem

155 1515 248 1580 inde:
276 1516 475 1583 neminem
502 1499 786 1600 praeiudicium
813 1515 874 1578 rei
901 1519 1025 1579 tentes
1048 1513 1212 1580 auferre
1235 1512 1312 1580 effe·

153 1623 215 1702 cit,
243 1644 308 1688 non
337 1624 446 1688 minus
468 1642 569 1707 quem
591 1621 753 1687 adferre
776 1623 929 1687 vitiosum
952 1627 1019 1702 est3
1047 1644 1124 1688 nem
1148 1622 1312 1688 auferre

154 1729 436 1815 praeiudicium
469 1731 498 1795 is
532 1728 664 1795 demum
697 1728 762 1794 dici
790 1735 915 1814 potest,
949 1730 1006 1812 qui
1034 1730 1140 1795 victor
1162 1751 1182 1794 a
1203 1729 1312 1794 iudice

155 1837 295 1903 discedit
323 1858 400 1903 oum
423 1839 591 1904 sententia
613 1837 677 1903 sibi
700 1837 833 1902 adrem
856 1843 975 1920 postes
996 1836 1205 1902 iudicandam
1227 1836 1312 1916 utili,

153 1945 247 2010 ouius
272 1945 357 2010 nihil
386 1946 493 2010 simile
521 1945 553 2010 h.
576 1945 597 2009 l.
621 1945 761 2028 cogitari
788 1950 909 2027 potest.
965 1944 1017 2025 (In
1040 1944 1148 2009 altere
1169 1942 1312 2009 editione

155 2053 441 2118 Weissenbornius
465 2053 612 2138 scripsit:
642 2056 817 2116 ceterum
840 2053 1201 2117 minime-verum
1224 2073 1312 2116 esse

156 2160 442 2244 praeiudioium
485 2166 611 2225 tentae
653 2160 712 2224 rei
758 2158 929 2239 auferri,
975 2159 1089 2224 relicto
1130 2181 1185 2240 eo,
1224 2157 1313 2244 quod

154 2268 295 2333 maxime
328 2288 465 2352 pravum
493 2273 577 2348 erst,
611 2267 692 2332 mire
725 2272 888 2352 praeteree
920 2267 1079 2332 minime
1113 2275 1147 2332 et
1178 2289 1313 2332 verum

155 2360 349 2457 distractis.)
405 2373 494 2458 [Alia
521 2375 625 2441 nihilo
654 2374 792 2441 meliore
820 2376 853 2438 in
881 2374 982 2439 tertie
1009 2375 1154 2443 editione
1177 2383 1309 2440 secutus

154 2480 230 2566 est]
264 2483 360 2549 Viam
381 2484 451 2548 veri
472 2482 665 2583 inveniendi
683 2481 829 2548 ostendit
850 2483 1118 2566 antiquissimum
1140 2483 1313 2566 vestigium

157 2591 192 2656 in
215 2591 287 2657 cod.
309 2590 346 2656 M
369 2595 552 2672 servatum,
580 2592 615 2655 in
638 2610 703 2674 quo
727 2611 748 2654 e
769 2590 876 2675 prime
893 2582 995 2654 'manu
1018 2611 1083 2655 non
1106 2591 1311 2668 neminem,

159 2698 219 2764 sed
257 2699 408 2763 nemini
448 2699 607 2782 scriptum
643 2703 709 2777 est,
749 2697 839 2780 quod
873 2696 981 2762 sltere
1015 2718 1132 2761 manus
1165 2697 1198 2760 in
1232 2694 1313 2759 illud

158 2807 307 2871 mutavit.
364 2804 505 2890 Scripsit
532 2805 660 2871 Livius:
695 2802 883 2871 Ceterum
905 2841 948 2851 —
971 2804 1126 2883 etenim,
1160 2803 1312 2868 maiore

157 2934 256 2979 cure
290 2913 506 2998 occupetis
540 2914 701 2991 animis,
734 2934 868 2978 verum
898 2934 999 2992 esse,
1033 2910 1313 2996 proeiudicium

157 3028 282 3087 tsntae
309 3023 368 3087 rei
398 3022 485 3084 lut
513 3021 618 3101 lieri,
646 3021 791 3087 —sibi
821 3020 987 3104 placere
1016 3026 1076 3085 cet.
1132 3019 1183 3083 Ex
1205 3019 1312 3097 haut,

157 3130 247 3214 quod
275 3130 309 3193 in
338 3129 410 3194 cod.
434 3129 613 3214 archetypo
642 3129 742 3195 scribi
771 3127 907 3193 solitum
935 3149 1007 3194 esse
1036 3128 1071 3192 M
1099 3134 1133 3193 et
1154 3126 1180 3190 P
1204 3134 1313 3192 osten·

158 3237 248 3317 dunt,
272 3237 452 3320 saepissime
476 3243 585 3303 ortum
608 3242 750 3302 estant
773 3235 879 3318 (utin
903 3235 929 3299 P
952 3256 978 3300 c.
1003 3240 1053 3316 43,
1076 3241 1096 3300 4
1119 3240 1189 3299 eut
1211 3234 1313 3300 inul-

160 3349 250 3424 tum,
274 3344 361 3425 VIII,
385 3347 435 3423 33,
457 3347 498 3407 22
521 3345 555 3409 in
577 3343 672 3409 Mml
694 3343 782 3407 Pml
808 3343 1018 3409 aufrustra
1040 3364 1100 3427 pro
1122 3343 1221 3407 hout
1242 3342 1313 3424 fr).

243 3452 351 3537 Atque
388 3452 438 3517 hae
479 3453 612 3536 quidem
652 3456 721 3516 tres
760 3472 898 3536 prorsus
938 3458 1035 3516 certae
1068 3452 1313 3517 emendationes

159 3565 251 3640 sunt;
284 3560 367 3625 illud
390 3558 556 3624 difficilius
578 3558 621 3625 ad
645 3558 925 3643 persuadendum,
955 3558 1043 3641 quod
1066 3561 1099 3623 in
1121 3559 1183 3624 hoo
1206 3560 1314 3643 capite

161 3689 261 3750 supra
295 3665 312 3750 ξ
347 3670 381 3747 2,
421 3666 478 3732 ubi
512 3666 637 3732 editur:
677 3669 812 3734 oratio
853 3665 933 3730 fuit
971 3666 1164 3750 precibus
1199 3686 1315 3749 quam

64 3768 68 3773 ’
159 3776 294 3857 iurgio
317 3774 482 3852 similis,
516 3773 724 3840 scribendum
747 3776 831 3855 dico,
866 3772 1144 3857 quemadmodum
1166 3774 1315 3856 primum,

159 3888 198 3946 ut
219 3881 358 3963 videtur,
386 3884 420 3946 in
442 3881 587 3947 editione
609 3882 815 3948 Ascensiane
837 3903 865 3947 e.
892 3886 973 3945 1513
998 3881 1186 3946 coniectura
1208 3901 1315 3945 emen-

159 3990 273 4055 datum
296 3994 361 4054 est:
386 3990 571 4067 similior,
593 3991 748 4055 retractis
770 3989 900 4066 fitteris,
923 4010 995 4071 quae
1017 3996 1153 4073 propter
1176 4009 1315 4073 sequens

157 4098 317 4163 orontis
351 4097 479 4162 omissae
515 4105 601 4162 sunt.
657 4098 742 4162 Nem
770 4097 858 4182 quod
892 4098 1015 4180 magis
1044 4098 1151 4164 omitti
1181 4098 1309 4177 dicitur,
1328 4115 1383 4182 (81)

158 4202 284 4270 frustra
306 4225 445 4290 queres,
469 4205 527 4270 ubi
548 4205 658 4271 Livius
682 4206 715 4269 in
737 4204 798 4269 tali
822 4205 982 4271 orationis
1005 4205 1112 4271 forma
1135 4206 1314 4286 (adiunctis

68 4315 73 4323 '
160 4314 311 4396 proxime
334 4312 376 4378 ed
399 4313 506 4396 ipsum
529 4312 726 4378 adiectivum
749 4313 848 4377 rebus
872 4313 1085 4396 comparatis)
1108 4314 1156 4376 ita
1179 4313 1315 4391 dixerit;

161 4417 263 4486 hsbet
289 4422 376 4486 enim
398 4421 469 4486 haec
491 4421 627 4487 licentia
650 4442 726 4486 sues
750 4441 881 4499 causas,
911 4441 989 4485 suos
1014 4420 1103 4484 fines.
1154 4420 1317 4502 Equidem

161 4547 202 4592 ne
225 4527 267 4594 de
291 4527 403 4593 XXIII
425 4529 559 4611 quidem
583 4533 634 4608 43,
666 4533 704 4592 13
728 4537 787 4592 sut
810 4525 958 4603 XXVIII,
983 4533 1034 4603 44,
1059 4532 1077 4589 9
1100 4529 1319 4610 suspicionem

159 4635 309 4701 excludo.
364 4635 526 4719 (XXXVI,
558 4641 606 4720 17,
637 4636 770 4702 3solus
792 4635 864 4700 cod.
888 4634 973 4717 Meg.
997 4642 1084 4700 recte
1108 4637 1317 4719 inexsupe-

1071 4755 1088 4806 7
