3060 5272
235 340 299 395 Lib.
317 342 454 396 XXXVII.
776 334 837 393 534

319 512 395 594 Cap.
419 518 468 592 47,
494 518 511 575 7
536 513 590 593 (de
621 517 763 581 comitiis
798 517 1025 582 consularibus
1056 518 1089 580 in
1119 535 1239 580 annum
1271 518 1333 579 189
1357 532 1391 579 a.

234 617 339 700 Chr.):
374 619 542 685 Fulvius
577 622 719 687 consul
752 646 852 689 unus
888 636 1070 701 creatur,
1104 643 1224 707 quum
1257 620 1392 686 ceteri

233 732 441 793 centurias
475 750 552 793 non
586 730 840 813 explessent3
875 734 992 814 isque
1027 738 1192 814 postero
1225 728 1291 794 die
1323 726 1390 793 Cn.

230 836 427 901 Manlium
467 837 620 919 Lepido
660 838 818 905 ‹leieeto
864 841 966 920 (nam
1008 837 1205 902 Messalla
1237 834 1391 917 tacuit)

231 945 430 1027 collegam
464 945 577 1009 dixit.
622 944 695 1010 Non
724 947 834 1025 rideo,
867 947 1032 1027 quodnam
1054 946 1137 1010 illud
1159 946 1203 1009 sit-
1224 942 1392 1008 Messallae

221 1054 415 1129 silentium3
438 1074 513 1117 nam
537 1053 704 1135 professus
729 1076 763 1117 se
784 1055 996 1118 candidatum
1013 1055 1079 1117 iarn
1097 1052 1200 1117 multo
1218 1059 1295 1115 ante
1314 1056 1392 1115 erat

232 1183 291 1226 neo
311 1162 351 1225 ‹le
372 1163 531 1243 petitione
550 1161 718 1225 destitisse
737 1163 872 1231 elicitur:
896 1183 1002 1244 neque
1019 1160 1179 1225 llanlium
1197 1158 1393 1242 eloquentia

231 1270 347 1333 vicisse
370 1275 460 1352 puto.
506 1270 609 1332 Miror
641 1271 758 1351 igitur,
789 1270 910 1332 nemini
934 1270 1113 1351 placuisse,
1144 1266 1234 1349 quod
1256 1265 1392 1331 codices

231 1377 272 1455 (B
307 1386 338 1440 et
374 1375 489 1456 Druk.)
526 1376 688 1460 praebent,
729 1378 869 1440 iacuit.
916 1375 1093 1458 Lepidum.
1135 1377 1286 1457 cuiuspet
1325 1374 1394 1439 tioi

230 1485 357 1563 aliquid
381 1487 496 1548 virium
520 1484 673 1547 habuerit
697 1492 731 1548 ct
759 1506 899 1566 quocum
931 1492 1097 1547 certamen
1126 1482 1241 1557 suerit,
1276 1481 1392 1546 Livius

232 1591 396 1656 deiectum
419 1613 490 1655 esse
520 1591 613 1657 dicit.
643 1591 831 1656 Messallam
860 1614 924 1655 non
954 1591 1134 1656 deiectum.
1158 1590 1216 1653 sed
1246 1589 1393 1655 iacuisse

231 1693 341 1775 ipsum
364 1717 423 1759 nee
446 1698 514 1761 nlla
537 1721 654 1781 magno
679 1721 778 1781 opere
804 1700 960 1780 suffragiu
984 1700 1147 1763 habuisse.

147 1826 220 1895 (452)
325 1802 402 1886 Cap.
426 1810 475 1879 51,
499 1811 517 1867 5
542 1807 596 1887 (tle
621 1807 657 1883 Q.
680 1807 798 1871 Fabio.
829 1806 959 1870 flamine
985 1805 1160 1881 Quirinali.
1185 1812 1335 1889 praetore,
1358 1806 1394 1869 in

232 1911 433 1992 provinciam
447 1914 611 1995 proficisci
625 1937 645 1978 a
663 1916 816 1997 pontifice
830 1916 970 1977 maximo
983 1917 1084 1978 vetito
1102 1926 1135 1978 et
1154 1912 1395 1996 repugnante):

231 2019 392 2101 Religio
417 2022 473 2092 ad,
487 2031 734 2104 postremum
759 2024 871 2099 vicit,
895 2030 935 2085 ut
960 2022 1070 2085 elicto
1089 2021 1262 2085 audiens
1279 2026 1396 2085 esset

230 2126 379 2192 flomen
402 2129 615 2210 pontifici3
639 2140 677 2194 et-
700 2132 829 2195 multa
853 2133 967 2195 iussu
992 2130 1130 2211 populi
1154 2130 1189 2193 ei
1206 2128 1394 2193 remissa.

231 2235 401 2301 Postrema
424 2238 492 2302 lucc
517 2240 572 2320 (et
594 2240 719 2303 multu
738 2239 813 2319 oet.)
833 2262 871 2303 ex
884 2240 916 2302 lll
935 2237 1133 2302 recentiores
1152 2238 1394 2313 restit-uerunt3

231 2346 263 2408 in
287 2346 451 2427 prioribus
475 2354 591 2410 contra
615 2349 757 2411 omnium
789 2347 937 2411 coelicum
966 2348 1202 2411 auctoritatem
1229 2345 1396 2411 retinetur

232 2455 397 2534 scriptura
421 2455 520 2517 etiam
539 2457 709 2518 sententiae
723 2456 1006 2536 g1uviteruueem.
1032 2453 1113 2517 Num
1133 2454 1215 2517 hoe:
1238 2452 1395 2535 religio

229 2562 344 2631 vicit,
368 2569 410 2624 ut
438 2560 550 2624 (licto
579 2562 749 2626 erudiens
778 2571 886 2626 esset
921 2562 1072 2626 t'lumen
1106 2559 1308 2643 pontifici
1343 2562 1394 2627 sio

232 2668 362 2745 dicitur,
375 2677 542 2748 tamquam
554 2669 624 2749 ipsc
637 2668 756 2733 flumen
767 2671 923 2752 religione
937 2673 1049 2735 rictus.
1062 2671 1186 2733 omisso
1200 2670 1394 2749 certamine,

231 2776 379 2858 pontifici
402 2778 567 2857 paruerit3
591 2784 624 2840 ut
649 2785 798 2842 coactum
816 2800 888 2841 cum
909 2779 1022 2860 populi
1040 2777 1209 2841 voluntate
1228 2783 1261 2841 et
1279 2784 1394 2845 cetera

233 2884 407 2947 decentet
432 2884 520 2964 qnod
544 2906 617 2948 mos
649 2885 837 2963 subiicit-ur,
873 2908 946 2948 enm
976 2886 1025 2948 ira
1054 2892 1175 2965 erepta¹
1212 2885 1391 2966 provinoiae

167 3032 174 3042 ·
232 3001 377 3074 prretura
401 3016 435 3055 se
458 2991 612 3056 abdicare
636 3002 790 3058 conatum
814 3017 896 3056 esse.
943 2991 978 3055 ln
1002 2991 1173 3055 codicibus
1197 2992 1284 3056 uotis
1308 2992 1392 3057 scri-

229 3101 335 3165 bitur:
359 3102 459 3164 rieit
485 3110 526 3163 ut
550 3100 663 3165 dioto
682 3102 852 3164 audiens
872 3109 984 3164 esset
1001 3100 1042 3175 (B
1062 3082 1215 3180 essentl
1234 3101 1389 3167 flamen

230 3209 423 3292 pontifici
447 3211 603 3279 iussus,
628 3210 660 3271 in
684 3230 749 3292 quo
769 3210 941 3291 perspicue
959 3210 1043 3272 inest
1061 3208 1105 3273 iu.
1125 3208 1213 3290 quod
1231 3208 1391 3275 Gelenius

229 3327 288 3381 aut
318 3339 356 3381 ex
387 3318 502 3381 euclem
525 3316 708 3396 lloguntini
732 3318 896 3399 scriptura
925 3320 1010 3381 eruit
1039 3324 1098 3380 orit
1127 3317 1235 3399 ipsum
1263 3338 1303 3379 er
1331 3316 1390 3382 illo

230 3426 383 3507 sumpsit:
408 3434 448 3489 et
472 3426 581 3489 elicto
605 3424 773 3488 audiens
797 3446 890 3487 esse
914 3426 1060 3489 flumen
1090 3424 1283 3506 pontifici
1307 3424 1390 3489 ius·

231 3556 316 3611 sus3
340 3534 397 3597 secl
420 3533 517 3597 simul
541 3531 656 3596 addita
680 3553 745 3595 uno
766 3531 879 3596 littera
909 3532 1136 3597 scribendum:
1170 3566 1212 3575 -
1245 3532 1389 3597 iussus

230 3649 312 3720 est;
347 3641 471 3704 multu
506 3642 617 3705 iussu
651 3639 792 3722 populi
821 3648 881 3704 oet.
928 3641 974 3704 Et
1009 3641 1152 3703 alienum
1189 3646 1248 3703 est.
1294 3636 1389 3704 Nihil

232 3770 365 3833 prorsus
389 3748 579 3812 otl'ensionis
608 3746 709 3811 habet
738 3749 912 3830 participio
943 3747 1110 3826 (iussus)
1145 3746 1390 3811 substantivum

231 3858 442 3938 coniugatum
475 3858 507 3919 iu
541 3856 645 3920 altero
674 3856 845 3920 sententiae
875 3857 1020 3919 membro
1050 3855 1244 3919 subiectum.
1295 3852 1391 3921 Infra

232 3964 263 4045 (ξ
287 3965 319 4043 9)
343 3966 377 4039 in
400 3963 451 4025 his
474 3963 596 4028 verbis:
621 3963 833 4027 desierant
861 3965 963 4027 enim
992 3965 1139 4026 vietum
1168 3964 1207 4025 in
1231 3962 1389 4030 AEtolia

231 4081 411 4137 metuero
435 4072 486 4133 rix
511 4070 655 4134 dubitari
685 4078 808 4153 potest,
836 4073 916 4152 quin
950 4071 1106 4134 exciderit
1140 4091 1272 4152 regem
1295 4068 1388 4150 (rio-

232 4188 314 4245 turn
337 4181 375 4243 in
398 4178 555 4243 AEtolio
577 4200 708 4261 regem
731 4180 921 4258 metuere)
945 4177 1389 4256 autAntioohun13nam
