3060 5272
222 356 284 412 Lib.
304 355 350 412 lv.
771 345 832 407 110

223 551 300 595 non
335 528 528 608 sancitis,
562 550 609 593 ne
643 528 728 594 eet?
761 527 882 592 Verum
909 527 1053 594 alienum
1080 549 1217 614 prorsus
1245 528 1287 595 ab
1314 530 1377 597 hac

223 637 464 722 significatione
504 642 555 702 est
594 634 837 702 conferendi
869 636 1015 703 verbum.
1078 635 1195 721 Itaque
1228 635 1376 704 Draken-

222 745 379 812 borchius
402 752 435 810 et
456 749 534 830 post
556 765 630 810 eum
653 744 710 810 alii
732 752 887 811 enarrant
915 745 1035 816 simul
1064 751 1102 811 et
1124 745 1263 814 eodem
1285 753 1379 814 tem·

223 874 321 939 pore
349 853 465 919 ferre.
523 852 588 918 Sed
610 859 832 937 praeterquam
855 854 944 938 quod
965 854 1030 938 ipsi
1052 853 1264 935 confitentur,
1296 877 1377 920 nun·

223 982 321 1044 quam
355 963 403 1026 sic
435 962 583 1045 positum
616 960 680 1043 legi
713 962 1022 1045 pervagatissimum
1055 963 1199 1027 omnium
1231 962 1377 1043 verbum,

223 1068 469 1149 obliviscuntur,
492 1070 633 1153 primum
657 1067 850 1148 conferre,
874 1069 902 1133 si
924 1069 972 1134 ita
995 1069 1169 1150 diceretur,
1192 1069 1377 1154 significare

223 1177 343 1243 debere
377 1176 496 1242 simul
529 1176 656 1259 (plures
689 1182 748 1241 aut
781 1197 854 1241 cum
883 1176 971 1258 aliis)
999 1175 1124 1257 ferre,
1158 1198 1224 1244 non
1257 1178 1377 1243 simul

223 1284 351 1365 aliud,
386 1284 504 1350 deinde
534 1283 615 1348 nihil
642 1284 832 1350 huiusmodi
854 1283 934 1368 fingi
956 1306 1056 1369 posse
1079 1287 1114 1350 in
1136 1286 1220 1351 certi
1241 1291 1276 1352 et
1296 1284 1377 1371 legi·

221 1395 294 1459 timi
333 1415 412 1458 usus
451 1391 551 1457 verbo
591 1391 789 1472 (technicum
823 1391 1022 1476 appellant);
1060 1394 1124 1459 nisi
1157 1394 1243 1460 forte
1276 1395 1375 1459 etiam

223 1500 443 1568 conscribo
473 1507 506 1565 et
534 1499 705 1566 condico
729 1521 800 1565 esse
823 1500 976 1580 scribo,
1010 1500 1099 1566 dico
1122 1508 1323 1585 praterea
1344 1509 1378 1567 et

223 1610 343 1675 similia
364 1607 526 1691 fingimus.
577 1605 702 1688 (Nihilo
725 1607 864 1674 meliora
885 1608 1058 1674 Ernestius
1082 1608 1125 1673 ad
1149 1608 1237 1675 Suet.
1262 1607 1376 1675 Claud.

224 1719 288 1801 38.)
345 1715 530 1799 Scripserat
557 1713 682 1779 Livius:
718 1712 796 1780 Cur
824 1718 931 1781 enim
958 1738 1035 1782 non
1064 1716 1202 1798 fertis,
1234 1738 1283 1782 ne
1313 1724 1376 1783 cet.

222 1827 268 1892 Ut
300 1825 477 1907 aliquoties
507 1844 546 1887 ex
574 1843 651 1888 non
681 1843 753 1888 con
781 1829 895 1888 natum
923 1831 973 1889 est
1001 1846 1088 1904 con,
1123 1823 1229 1890 altera
1250 1824 1378 1909 syllaba

223 1935 345 2000 extrita
368 1932 422 2013 (de
446 1954 510 2015 quo
534 1952 653 2014 genere
677 1930 784 1996 dicam
806 1930 850 1997 ad
863 1931 977 2012 XLIV,
999 1936 1052 2013 27,
1076 1932 1119 2015 l),
1142 1934 1189 2000 sic
1210 1933 1377 1998 interdum

221 2065 263 2131 ex
296 2064 374 2108 non
404 2047 462 2105 aut
484 2059 562 2104 con
592 2040 811 2123 geminatione
840 2046 953 2105 natum
982 2047 1137 2106 estnon
1166 2061 1254 2120 con,
1288 2041 1377 2107 velut

223 2149 309 2233 apud
331 2146 523 2213 Ciceronem
546 2147 639 2213 Tuso.
664 2146 700 2226 V,
725 2150 775 2226 33,
804 2150 846 2212 94
874 2169 950 2212 non
973 2154 1235 2214 contemnunt
1258 2148 1378 2214 scribe·

221 2258 322 2323 batur
349 2277 408 2340 pro
438 2261 714 2336 contemnunt,
747 2254 838 2339 quod
866 2254 1049 2339 Tregderus
1081 2277 1134 2322 me
1163 2262 1299 2322 auctore
1326 2277 1378 2322 re-

222 2366 341 2444 stituit,
365 2371 398 2429 et
414 2385 473 2448 pro
491 2361 572 2428 Caec.
592 2367 643 2442 24,
667 2366 707 2427 67
725 2383 785 2446 pro
804 2370 924 2428 antea
941 2366 1247 2430 commemoravi
1264 2386 1377 2431 omnes

221 2473 350 2538 codices
373 2471 497 2537 habent
518 2492 632 2554 prave:
657 2476 778 2535 antea
800 2493 878 2536 non
900 2473 1217 2537 commemoravi.

153 2597 206 2662 (91)
311 2578 390 2663 Cap.
411 2584 439 2658 5,
465 2582 483 2642 3
507 2578 554 2659 (in
578 2575 726 2642 Canuleii
750 2577 930 2660 oratione):
956 2576 1069 2659 Quid,
1092 2580 1125 2644 si
1147 2600 1235 2660 non,
1259 2600 1379 2664 qnan-

221 2695 302 2753 tum
335 2689 425 2753 istae
458 2688 570 2751 minae
604 2686 798 2753 adversus
831 2686 966 2770 plebis
1000 2707 1241 2753 eonsensum
1268 2687 1378 2752 vale·

221 2801 327 2873 rent,
361 2793 423 2860 bis
458 2795 535 2858 iam
570 2796 730 2878 experti
764 2794 937 2860 essetis?
973 2793 1035 2871 Qui
1069 2796 1103 2859 in
1136 2794 1196 2860 tali
1229 2797 1379 2861 oratione

222 2902 315 2986 (post
347 2900 420 2966 illa:
461 2910 502 2967 tu
544 2903 682 2968 statim
723 2907 977 2968 sacramento
1018 2903 1203 2969 iuniores
1236 2902 1378 2986 adiges

222 3009 321 3092 ceti)
356 3011 404 3074 ita
438 3011 622 3093 interrogat
652 3010 779 3092 (quid,
814 3011 847 3075 si
881 3031 958 3075 non
988 3012 1151 3093 experti
1179 3010 1377 3091 essetisl),

222 3119 250 3183 is
274 3117 453 3202 significat,
487 3116 634 3182 futurum
664 3117 802 3183 forsitan
831 3116 947 3198 fuisse,
982 3124 1019 3183 nt
1041 3118 1227 3202 indigniora
1249 3124 1283 3183 et
1305 3139 1378 3201 gra·

221 3227 314 3292 viora
335 3224 467 3304 fierent,
496 3247 569 3308 quae
597 3225 762 3291 sententia
783 3225 826 3290 ab
850 3225 1006 3293 hocloco
1029 3226 1141 3293 aliena
1163 3232 1229 3306 est,
1257 3227 1292 3291 in
1315 3244 1378 3310 quo

221 3334 373 3399 tribunus
408 3335 522 3398 inanes
557 3333 738 3398 adversarii
772 3334 876 3400 minas
910 3355 981 3400 esse
1015 3335 1175 3415 ostendit3
1209 3334 1244 3399 id
1272 3334 1379 3418 dupli·

222 3443 305 3508 citer
333 3443 459 3507 usitata
485 3440 591 3506 forma
619 3439 690 3505 fieri
718 3447 867 3524 poterat,
895 3447 953 3509 aut
974 3441 1226 3526 interrogando:
1261 3441 1378 3525 quid?

221 3572 300 3616 non
321 3585 365 3594 -
388 3549 551 3633 experti
574 3549 701 3614 estis?
735 3555 793 3614 aut
815 3550 877 3615 sic:
913 3549 1031 3633 quasi
1053 3570 1132 3615 non
1152 3549 1379 3631 —experti

222 3658 385 3723 essetis.
446 3657 554 3741 Atque
593 3656 657 3723 hoc
690 3656 734 3721 ad
768 3655 898 3722 codices
931 3655 1036 3720 multo
1069 3657 1207 3740 propius
1241 3653 1378 3719 accedit.

223 3763 289 3831 Sed
311 3765 368 3848 qni
390 3764 566 3830 vitabimus
590 3785 703 3830 eorum
727 3769 971 3847 argumentum,
1000 3762 1057 3846 qni
1080 3762 1199 3840 dicent,
1224 3760 1378 3826 Latinam

222 3873 493 3939 consuetudinem
522 3872 709 3956 postulare,
744 3878 782 3936 ut
812 3872 847 3936 in
879 3868 943 3935 hac
976 3870 1137 3935 orationis
1164 3869 1271 3935 forma
1299 3871 1379 3934 scri·

222 3981 336 4046 batur:
360 3981 478 4063 quasi
501 4002 577 4046 non
598 4016 641 4025 -
664 3979 824 4062 experti
847 3977 965 4044 sitis?
997 3976 1160 4062 Equidem
1181 3999 1248 4044 non
1269 3976 1378 4055 video;

223 4110 299 4154 nam
322 4088 406 4153 alius
427 4089 556 4172 generis
579 4086 628 4152 illi
649 4087 715 4153 loci
738 4091 830 4163 sunt,
864 4085 897 4150 in
925 4084 1046 4168 quibus
1075 4093 1193 4171 aperta
1215 4093 1267 4152 est
1289 4106 1377 4151 com·

223 4197 355 4279 paratio
389 4218 463 4261 cum
491 4196 680 4261 condicione
708 4193 786 4260 ficta
814 4192 873 4275 (eo
903 4193 1034 4261 animo
1062 4201 1101 4262 te
1130 4195 1250 4261 velim
1280 4214 1378 4273 esse,
