3060 5272
213 387 276 442 Lib.
293 385 378 442 XXV.
760 372 822 434 354

300 558 378 642 Cap.
404 562 438 638 6,
468 562 487 622 2
511 558 558 639 (in
586 558 736 622 oratione
759 555 901 621 militum
925 553 1146 621 Cannensium
1169 555 1258 641 apud
1280 553 1373 621 Mar-

215 667 361 748 cellumlt
398 665 611 732 Consulem
633 671 681 744 te,
710 664 753 729 M.
778 663 981 744 Marcelle,
1008 665 1050 729 in
1072 663 1241 730 Italiam
1263 663 1370 731 adis·

215 797 361 854 semus,
390 797 507 859 quum
535 774 705 858 primum
736 773 782 837 de
813 771 933 837 nobis
955 806 1005 820 -·
1020 774 1145 839 triste
1168 772 1200 838 S.
1225 771 1260 838 C.
1284 771 1372 838 fac·

213 892 293 951 tum
323 890 395 949 est.
451 882 495 947 In
522 882 687 947 Italiam
717 881 1001 946 Weissenbornius
1036 902 1075 946 eo
1109 881 1207 948 modo
1242 881 1372 948 dictum

212 998 319 1078 putat,
343 1013 406 1074 quo
430 991 564 1055 dieitur:
595 990 721 1073 Arpos
745 990 783 1054 in
807 989 996 1073 Apuliam
1018 992 1157 1056 venire
1179 997 1214 1056 st
1236 989 1369 1056 similia.

212 1101 314 1184 Atqui
341 1106 426 1178 tum,
460 1121 561 1181 quum
583 1098 614 1163 S.
639 1097 672 1162 C.
698 1099 739 1163 de
762 1097 945 1162 Cannensis
974 1099 1138 1164 exercitus
1160 1098 1310 1182 reliquiis
1334 1099 1368 1165 in

214 1209 360 1274 Siciliam
392 1207 562 1272 mittendis
597 1206 720 1272 factum
751 1212 802 1271 est
831 1205 971 1286 (XXIII,
1000 1211 1056 1286 25,
1088 1209 1136 1288 7),
1169 1207 1291 1274 milites
1318 1206 1371 1272 illi

211 1319 244 1382 in
267 1316 367 1382 Italia
397 1322 492 1381 erant
519 1336 580 1380 nec
607 1320 765 1399 poterant
794 1315 832 1377 in
856 1314 1020 1379 Italiam
1049 1316 1187 1381 venire
1215 1322 1273 1381 aut
1295 1315 1372 1382 ali·

212 1447 325 1510 quem
359 1424 483 1489 adire.
539 1422 756 1488 Scribendum
790 1424 903 1505 itaque
937 1423 977 1486 in
1011 1422 1148 1490 Italia.
1205 1423 1293 1505 (Vid.
1324 1423 1369 1491 ad

214 1532 336 1613 XXIII,
362 1538 390 1613 3,
415 1531 460 1613 2.)

299 1639 376 1724 Cap.
406 1645 442 1718 8,
476 1643 495 1703 8
530 1637 577 1718 (in
612 1638 862 1704 condicionibus
896 1639 1057 1722 prodendi
1090 1638 1271 1705 Hannibali
1303 1639 1372 1706 Ta·

212 1748 326 1828 renti):
371 1747 538 1832 prodita
582 1747 776 1830 praesidia
815 1745 1222 1831 Carthaginiensium
1266 1747 1368 1814 fore.

211 1855 402 1920 Praesidium
425 1854 745 1938 Carthaginiensium
778 1855 863 1934 fieri,
897 1878 998 1939 quum
1033 1857 1154 1941 captivi
1183 1854 1371 1938 significen-

211 1971 275 2044 tur,
299 1965 455 2029 inusitate
478 1964 543 2028 dici
566 1963 745 2028 Weissenb.
761 1965 879 2043 sensit3
902 1963 1109 2030 manifestius
1133 1965 1235 2030 etiam
1256 1963 1370 2030 mendi

213 2072 369 2137 indicium
400 2079 465 2152 est,
500 2071 588 2154 quod
617 2072 814 2156 praesidia
842 2072 1012 2152 dicuntur,
1045 2094 1122 2137 nam
1151 2094 1252 2137 unum
1283 2078 1368 2138 erat.

123 2181 251 2268 (290)In
292 2182 317 2245 P
352 2186 402 2245 est
439 2180 605 2264 prodita
644 2179 854 2264 praesidio,
895 2185 974 2263 puto
1013 2180 1142 2244 Livium
1181 2180 1370 2264 scripsisse:

212 2290 383 2374 praebita
411 2288 620 2373 praesidio,
650 2287 889 2370 significantem
915 2309 971 2352 eas
993 2309 1061 2367 res,
1091 2309 1173 2371 quas
1195 2287 1368 2352 Tarentini
1440 2348 1446 2357 .

213 2399 361 2463 Romano
401 2397 555 2481 praesidio
590 2396 680 2474 dare,
722 2395 868 2479 praebere
904 2398 1010 2461 coacti
1049 2395 1204 2474 fuissent,
1243 2415 1370 2461 vacuas

213 2507 328 2571 domos
358 2504 398 2587 (c.
425 2509 472 2585 10,
497 2505 530 2586 9)
554 2525 627 2568 eum
656 2503 868 2587 supellectili;
903 2506 950 2569 ita
979 2506 1064 2569 enim
1086 2503 1241 2588 Polybius
1264 2502 1367 2585 (VIII,

214 2619 264 2693 27,
287 2616 320 2695 2)
345 2614 533 2677 convenisse
557 2612 679 2691 scribit,
703 2619 749 2691 ut,
773 2611 897 2676 tradita
921 2613 1012 2692 urbe,
1037 2611 1370 2696 Carthaginiensibus

212 2722 328 2786 liceret
355 2729 402 2816 τὰς
429 2728 483 2783 τῶν
509 2726 647 2800 ‘Popula
675 2724 760 2790 οἰκίαις
788 2726 833 2782 καὶ
863 2729 1020 2792 καταλύσεις
1043 2728 1206 2803 διαρπάζων.
1256 2719 1296 2802 (P
1302 2741 1369 2784 ro·

214 2828 300 2895 dita
328 2851 411 2894 cum
439 2828 629 2912 praesidio
660 2829 766 2893 minus
795 2828 878 2893 bene
908 2829 1109 2910 dicerentur;
1143 2850 1251 2911 neque
1280 2828 1371 2893 enim

213 2938 262 3002 hae
290 2960 343 3003 res
372 2936 612 3021 prodebantur,
648 2936 766 3002 saltem
800 2958 864 3001 non
900 2939 1004 3021 magis
1034 2958 1132 3022 quam
1159 2942 1233 3002 tota
1259 2934 1369 3017 urbs.)

214 3045 370 3130 Sequitur
393 3045 410 3129 ἓ
435 3051 473 3110 10
496 3044 536 3110 de
559 3045 748 3110 Philemeno
777 3045 920 3110 venandi
950 3048 1059 3130 speeie
1083 3045 1125 3110 ad
1146 3042 1370 3109 Hannibalem

212 3160 429 3220 commeante:
465 3159 704 3237 captumque
732 3151 854 3218 ferme
883 3153 1044 3239 aliquid
1075 3159 1144 3218 aut
1174 3152 1222 3217 ab
1245 3150 1367 3217 hoste

213 3285 257 3328 ex
274 3268 505 3347 praeparato
524 3262 705 3327 adlatum
723 3263 976 3346 reportando
996 3262 1176 3327 donabat
1193 3266 1369 3344 autprae·

211 3371 320 3436 fecto
355 3377 425 3437 aut
465 3370 708 3436 custodibus
742 3378 963 3453 portarum.
1025 3369 1098 3435 Etsi
1126 3375 1193 3448 est,
1227 3367 1284 3432 ubi
1311 3388 1366 3450 ge·

210 3480 320 3544 rundii
349 3479 512 3545 ablativus
540 3481 581 3545 de
610 3479 706 3544 modo
735 3478 853 3561 agendi
882 3480 1011 3562 positus
1041 3477 1256 3562 apraeseutis
1284 3482 1366 3541 tem-

211 3589 301 3672 poris
329 3588 496 3672 participii
525 3587 765 3670 significatione
794 3608 859 3651 non
888 3587 936 3651 ita
963 3586 1103 3651 multum
1131 3585 1233 3650 distet
1261 3583 1369 3668 (quod

210 3718 313 3779 genus
335 3696 478 3762 breviter
502 3696 611 3761 notavi
635 3695 689 3760 Gr.
715 3695 787 3759 Lat.
811 3693 827 3777 ξ
852 3698 913 3758 416
937 3702 1004 3760 not.
1032 3694 1073 3775 l),
1104 3699 1214 3759 tamen
1237 3693 1264 3757 is
1287 3712 1369 3757 usus

211 3805 253 3869 ab
277 3804 340 3870 hoo
361 3805 443 3884 loco,
471 3806 505 3868 iu
528 3825 592 3886 quo
615 3802 707 3868 nulla
730 3802 819 3867 modi
843 3801 1040 3885 significatio
1065 3809 1125 3882 est,
1155 3821 1291 3886 prorsus
1314 3805 1367 3864 est

211 3914 340 3979 alienus
369 3912 540 3998 (semper
567 3911 725 3994 aliquid
753 3910 1000 3995 reportabat
1028 3917 1068 3975 et
1097 3909 1136 3974 id
1160 3903 1364 3987 donabat).

210 4023 248 4086 ln
281 4024 307 4087 P
340 4021 511 4087 scribitur:
552 4018 823 4105 reportandos
858 4018 1052 4084 (leuabat.
1114 4017 1239 4081 Fuerat
1272 4033 1364 4097 ergo:

209 4137 427 4216 reportans
458 4129 649 4208 donabat3
683 4126 803 4193 litterae
833 4128 879 4192 do
910 4128 1051 4212 primum
1080 4131 1156 4191 ante
1186 4144 1216 4204 s,
1246 4120 1366 4188 deinde
