3060 5272
238 319 304 374 Lib.
320 317 395 374 XXI.
785 303 849 367 282

239 496 409 569 narratur,
441 510 509 556 non
532 487 662 568 dubito,
692 488 772 570 quin
795 486 995 564 inauditum,
1024 487 1053 552 si
1073 484 1183 553 Plauti
1204 485 1315 553 locum
1334 485 1398 553 du-

239 598 330 663 bium
352 596 515 680 excipias,
544 596 660 661 usitati
682 594 836 662 vocabuli
858 601 892 660 et
913 614 934 659 a
954 593 1047 659 Liuio
1070 615 1157 678 saepe
1179 594 1281 678 positi
1303 594 1399 661 abla-

238 707 343 771 tivum
376 705 525 789 genuerit
552 723 570 766 ο
596 705 712 769 littera
745 708 780 767 et
813 701 967 767 secundae
995 701 1226 768 declinationis
1256 701 1398 769 ablativi

239 813 346 879 forma
372 833 412 878 ex
439 813 531 896 ipso
559 811 723 878 inhaerens
750 809 880 875 librarii
906 810 1016 877 animo
1045 810 1321 893 scribendumque
1343 811 1401 891 sit,

239 928 278 986 ut
300 926 350 987 est
370 922 405 986 in
426 919 504 985 Lov.
525 923 559 984 3:
580 920 620 984 in
641 920 729 1003 ipso
752 918 968 1002 pulvinari
1002 916 1068 984 Sed
1089 917 1260 984 molestior
1282 939 1399 1002 super·

196 1074 203 1084 -
240 1035 291 1094 est
318 1030 352 1094 in
379 1027 443 1093 boc
473 1027 581 1111 capite
606 1026 782 1093 dubitatio.
833 1026 918 1090 Nam
939 1025 1028 1091 infra
1050 1023 1082 1109 (ἓ
1105 1024 1148 1108 9),
1176 1026 1399 1093 ubicomme-

239 1141 403 1214 moratur,
442 1155 515 1217 quae
552 1134 779 1218 prodigiorum
812 1133 1095 1217 procurandorum
1129 1153 1232 1199 causa
1264 1133 1400 1201 decreta

239 1241 393 1326 factaque
410 1242 486 1321 sint,
509 1241 579 1307 haec
596 1241 763 1325 legumtur:
789 1242 918 1306 Romae
941 1262 1100 1325 quoque
1124 1247 1164 1306 et
1185 1239 1398 1311 lectister-

239 1353 347 1417 nium
375 1349 585 1414 Iuventati
619 1354 660 1413 et
688 1347 945 1432 supplicatio
973 1349 1022 1414 ad
1051 1349 1171 1413 aedem
1199 1348 1399 1415 Herculis

240 1458 494 1537 nominatim,
529 1455 677 1520 deinde
711 1456 906 1520 universo
939 1454 1088 1540 populo
1123 1457 1236 1521 circa
1263 1458 1398 1522 omnia

154 1579 228 1646 (230)
246 1564 478 1649 pulvinaria
505 1563 672 1628 indicta.
728 1561 838 1627 Unum
866 1562 929 1628 hoc
958 1569 1068 1628 exstat
1095 1563 1283 1648 exemplum
1304 1564 1395 1631 lecti·

241 1672 357 1737 sternii
378 1671 544 1736 Iuventati
566 1670 656 1736 facti.
711 1670 823 1735 Habet
851 1670 976 1753 aliquid
1005 1670 1237 1737 admirationis
1260 1677 1334 1745 aut.
1369 1673 1399 1737 si

241 1800 337 1845 voces
366 1778 413 1844 ad
443 1778 563 1844 eedem
591 1777 632 1842 H.
656 1783 690 1842 et
717 1777 760 1842 ad
786 1777 1027 1843 lectisternium
1056 1784 1090 1844 et
1117 1778 1160 1844 ad
1183 1778 1398 1863 supplicatio·

241 1908 314 1951 nem
348 1886 532 1970 pertinent,
566 1885 805 1951 lectisternium
838 1886 881 1950 ad
914 1885 1018 1951 aedem
1046 1885 1200 1953 Herculis
1233 1906 1299 1952 non
1332 1887 1400 1971 ipsi

240 1989 376 2059 Herculi
402 1994 544 2073 factum,
572 1999 645 2072 aut,
674 1994 703 2057 si
732 1993 796 2069 loci
825 1993 1025 2058 mentionem
1053 1998 1184 2057 tantum
1206 1992 1249 2058 ad
1272 1994 1398 2078 suppli·

241 2103 404 2168 cationem
432 2101 597 2186 pertinere
620 2106 791 2184 putamus,
824 2098 894 2164 haec
926 2100 961 2164 in
994 2100 1112 2165 eadem
1138 2121 1175 2165 re
1202 2099 1399 2167 lectisternii

241 2209 421 2289 Iuventati,
455 2208 707 2293 supplicationis
739 2206 875 2273 Herculi
909 2205 1006 2273 lectae
1041 2208 1219 2291 separatio.
1274 2209 1399 2274 Verum

240 2318 311 2383 haec
338 2320 424 2384 inter
451 2317 555 2382 multa
584 2315 650 2380 alia
677 2316 712 2379 in
740 2315 842 2379 sacris
864 2315 1022 2380 Romanis
1051 2316 1167 2398 ignota
1194 2321 1228 2381 et
1255 2316 1400 2382 obscura

241 2425 449 2509 praetermitti
466 2428 622 2508 possunt;
644 2421 727 2486 illud
745 2423 915 2505 praeterire
932 2443 997 2488 non
1014 2443 1160 2508 possum,
1183 2423 1273 2505 quod
1291 2445 1332 2489 ex
1348 2445 1399 2505 eo,

242 2532 330 2616 quod
359 2533 522 2614 sequitur:
556 2530 749 2595 universo
779 2529 933 2613 populo
957 2527 1086 2610 (circa
1110 2530 1241 2595 omnia
1263 2530 1423 2614 pulvi·¹

241 2638 373 2719 naria,
411 2638 501 2720 quod
535 2637 738 2702 contrarium
772 2643 825 2701 est
857 2636 921 2702 illi:
962 2637 1010 2702 ad
1049 2637 1170 2702 aedem
1202 2637 1398 2704 Herculis

241 2744 513 2826 nominatim),
548 2750 673 2811 certum
702 2751 767 2823 est,
803 2764 1003 2828 quamquam
1030 2744 1065 2809 id
1093 2745 1255 2811 neminem
1277 2755 1336 2811 aut
1357 2767 1399 2812 cx
1435 2827 1440 2837 ,

241 2851 324 2916 Livii
347 2852 596 2917 enarratoribus
619 2852 783 2934 attingere
807 2851 900 2917 video
924 2857 983 2916 aut
1005 2873 1045 2916 ex
1067 2852 1124 2932 iis,
1159 2854 1217 2936 qui
1239 2852 1303 2918 hoc
1325 2852 1398 2920 loco

242 2961 293 3025 usi
326 2967 416 3040 sunt,
450 2959 691 3026 lectisternium
723 2958 806 3024 illud
842 2964 875 3023 et
908 2959 1185 3042 supplicationem
1218 2961 1262 3026 ad
1290 2959 1400 3026 ¹sedem

240 3067 392 3132 Herculis
426 3073 557 3132 tantum
589 3069 678 3152 parti
712 3063 827 3151 populi
859 3066 986 3132 indicta
1014 3066 1127 3132 fuisse.
1184 3065 1281 3150 [Nam
1308 3070 1398 3133 uni·

241 3196 383 3240 versus
412 3175 588 3259 populus
617 3176 770 3258 coniuges
792 3175 981 3256 liberosque
1010 3174 1155 3240 adfuisse
1172 3195 1297 3258 parum
1319 3181 1398 3260 apte

241 3281 430 3366 significat]
480 3284 530 3348 Ea
551 3305 630 3367 pars
652 3303 725 3365 qua
747 3280 873 3362 fuisset,
896 3302 962 3346 non
985 3288 1120 3366 poterat
1143 3282 1255 3346 Livius
1277 3282 1312 3347 in
1334 3281 1398 3349 hac

241 3392 347 3474 partis
381 3397 414 3456 et
441 3391 584 3455 universi
614 3390 729 3473 populi
759 3389 971 3456 distinctione
999 3394 1126 3469 tacere3
1159 3409 1237 3453 nam
1265 3389 1293 3454 si
1322 3391 1397 3474 quis

241 3497 376 3579 dixerit,
409 3499 481 3582 ipso
511 3497 579 3562 dere
608 3498 738 3562 nomine
761 3498 844 3562 satis
866 3496 1060 3578 significari,
1093 3497 1151 3580 qui
1175 3497 1399 3579 supplicatum

240 3605 355 3685 ierint,
388 3625 505 3688 parum
538 3609 651 3670 tamen
683 3603 745 3670 boc
778 3603 956 3689 respondet
991 3603 1119 3683 dativo,
1154 3604 1211 3687 qui
1239 3605 1397 3686 sequitur,

241 3712 432 3777 universo
455 3712 623 3796 populo;
651 3710 848 3777 habebimus
871 3717 983 3775 autem
1005 3732 1141 3791 nomen,
1172 3711 1199 3777 si
1223 3712 1270 3776 sic
1293 3712 1397 3796 scrip·

241 3821 396 3885 serimus:
420 3820 549 3884 Roma
571 3839 733 3904 quoque
756 3824 797 3884 et
819 3818 1125 3883 lectisternium
1149 3817 1341 3882 iuventuti
1358 3825 1398 3885 et

241 3927 510 4026 supplicatio
526 3928 575 3992 ad
599 3927 664 3992 aed.
687 3926 728 3990 H.
751 3926 1004 4004 nominatim,
1035 3925 1182 3991 deinde
1204 3926 1397 3992 universo

241 4035 388 4120 populo
412 4042 472 4100 cet.
523 4036 568 4099 Et
588 4041 700 4100 tamen
722 4035 775 4098 vix
799 4033 920 4113 audeo,
949 4032 1011 4098 dea
1034 4032 1184 4118 expulsa,
1212 4021 1397 4099 iuventu-

241 4149 319 4207 tem
347 4143 531 4208 Romanam
558 4141 647 4225 (curn
682 4141 922 4208 recentioribus
950 4139 1059 4222 codd.)
1087 4140 1302 4222 substituere,
1336 4162 1397 4206 nec
