3060 5272
786 334 849 396 594

242 540 356 585 serum
388 519 530 584 feliciter
561 517 694 583 invenit.
739 518 809 602 Ego
839 540 941 602 quum
973 521 1007 584 in
1039 518 1102 585 hac
1129 519 1257 586 Liviani
1286 522 1408 605 operis

244 632 339 712 parte
363 625 460 710 pleno
484 632 517 691 et
539 632 630 691 certo
659 627 880 693 instrumento
909 628 958 692 uti
987 628 1116 709 vellem,
1140 649 1168 694 a.
1195 631 1277 693 1853
1300 627 1402 694 Ioan-

244 756 319 800 nem
341 733 849 814 Forchhammerum‚‘iuvenem
870 733 1097 801 doctissimum
1121 743 1155 802 et
1177 735 1257 801 mihi
1279 757 1319 801 ex
1348 737 1406 802 di·

243 842 370 927 scipulo
393 843 639 922 amicissimum,
663 840 733 926 [qui
754 863 841 908 nunc
864 842 1010 908 scholam
1032 843 1264 910 Herlovianam
1285 843 1405 929 regit}

244 973 345 1036 quum
366 950 497 1016 Italiam
518 956 634 1035 petens
656 950 858 1016 Vindobona
886 949 1126 1037 aliquantisper
1154 954 1333 1020 consistere
1362 955 1401 1020 in

244 1060 354 1126 animo
378 1059 527 1134 haberet,
551 1059 678 1142 rogavi,
706 1065 743 1123 ut
770 1080 845 1124 mea
872 1080 973 1124 causa
995 1060 1141 1126 codicem
1164 1050 1405 1128 Vindobonen-

245 1190 313 1234 sem
335 1173 441 1233 totum
458 1174 611 1233 accurate
629 1166 793 1232 conferret
810 1167 1082 1234 conferendumve
1100 1177 1240 1234 curaret.
1275 1169 1307 1235 Is
1323 1170 1401 1255 ipse

243 1278 278 1342 in
299 1276 384 1342 libro
407 1276 490 1356 XLI,
512 1275 631 1355 XLIII,
654 1272 758 1341 XLIV
781 1275 822 1340 ab
844 1277 940 1342 initio
963 1298 1066 1361 usque
1090 1277 1132 1342 ad
1155 1278 1252 1343 finem
1275 1279 1404 1362 capitis

246 1388 286 1449 36
310 1385 481 1469 scripturae
515 1383 556 1449 ab
586 1384 729 1450 editione
758 1384 1017 1450 Tauchnitziana
1045 1407 1073 1450 a.
1101 1390 1182 1450 1848
1206 1386 1401 1470 discrepan-

243 1493 325 1558 tiam
351 1493 400 1557 ita
429 1493 584 1571 enotavit,
618 1499 656 1557 ut
689 1492 789 1557 etiam
823 1494 969 1558 mimima
996 1515 1134 1577 quaeque
1165 1514 1292 1558 summa
1320 1513 1400 1558 cnm

245 1621 324 1665 cura
345 1621 384 1665 ac
407 1600 578 1681 diligentia
599 1607 870 1684 persequeretur3
903 1600 1032 1684 reliqua
1062 1601 1148 1680 (libr.
1172 1600 1271 1680 XLII,
1293 1600 1400 1666 XLIV

245 1729 309 1773 ac.
328 1711 367 1772 35
391 1708 433 1773 ad
456 1707 562 1788 finem,
584 1707 684 1791 XLV)
696 1708 972 1775 Forchbammero
995 1710 1218 1775 intercedente
1242 1709 1326 1776 alius
1348 1710 1404 1774 vir

245 1816 362 1882 doctus
384 1818 432 1881 ita
454 1837 526 1881 cum
549 1823 706 1881 contextu
727 1816 1042 1882 Drakenborchiano
1065 1816 1220 1896 contulit,
1249 1823 1287 1882 nt
1313 1815 1401 1883 fides

245 1925 315 1989 eius
337 1930 371 1989 et
393 1924 563 2007 diligentia
585 1946 651 1989 non
672 1925 797 1990 levibus
820 1926 949 1990 indiciis
971 1925 1050 1989 mihi
1068 1925 1228 2009 probetur
1247 1925 1301 2009 (ex
1323 1927 1398 2008 qui·

244 2032 307 2097 bus
329 2053 429 2097 unum
452 2040 516 2113 est,
539 2033 642 2116 quod,
666 2053 739 2115 quae
763 2033 957 2118 Kopitarius
984 2034 1036 2098 bis
1058 2034 1203 2116 inspexit
1226 2039 1259 2098 et
1282 2040 1401 2098 enota-

244 2141 301 2221 vit,
325 2162 365 2206 ea
388 2143 498 2207 omnia
519 2149 577 2206 aut
598 2163 701 2226 prope
724 2143 833 2207 omnia
855 2142 935 2206 mihi
953 2144 1000 2206 sic
1019 2148 1155 2207 enotata
1178 2147 1263 2221 sunt,
1282 2162 1401 2225 quem-

246 2249 422 2315 admodum
450 2251 574 2335 scripta
604 2251 754 2315 secundis
789 2252 877 2315 curis
906 2250 1099 2334 Kopitarius
1131 2248 1301 2334 repperit).
1346 2246 1399 2314 Ex

246 2357 308 2422 hac
331 2358 507 2424 collatione
531 2381 629 2442 quum
652 2380 729 2423 casu
751 2358 1012 2437 intercidissent,
1042 2379 1114 2442 quae
1143 2358 1185 2422 ad
1206 2358 1282 2422 libri
1304 2356 1397 2422 XLII

248 2466 360 2549 capita
382 2470 420 2530 21
446 2467 551 2550 prima
584 2466 807 2550 pertinebant,
842 2488 914 2530 eam
942 2472 1087 2549 partem,
1110 2466 1267 2531 benevole
1290 2467 1402 2531 conoi-

246 2571 349 2638 liante
370 2573 557 2639 Hermanno
580 2574 741 2653 Bonitzio,
765 2576 835 2639 viro
859 2573 1057 2652 clarissimo,
1082 2574 1248 2659 supplerit
1269 2574 1401 2639 iuvenis

246 2681 435 2766 philologiae
469 2682 646 2762 studiosus,
681 2680 742 2746 Gn.
777 2680 975 2763 Faustkam,
1008 2704 1087 2747 usus
1124 2683 1159 2747 in
1199 2680 1401 2748 conferendo

247 2789 506 2856 Weissenbomii
528 2790 680 2855 editione.
724 2790 796 2854 Hoc
825 2812 883 2874 ego
914 2791 1058 2856 subsidio
1089 2813 1169 2856 usus
1199 2791 1247 2855 ita
1268 2791 1401 2855 intenta

249 2919 330 2963 cura
351 2898 411 2964 hos
432 2899 534 2964 libros
562 2899 769 2983 pertractavi,
803 2899 897 2983 quasi
930 2921 1016 2964 nunc
1043 2900 1184 2984 primum
1213 2898 1399 2979 ederentur,

249 3008 401 3093 sepositis
423 3009 564 3093 primum
594 3007 745 3073 omnibus
779 3007 919 3073 aliorum
949 3008 1088 3072 inventis
1117 3014 1151 3072 et
1180 3005 1402 3091 opinionibus,

248 3137 322 3201 quae
349 3139 416 3183 non
448 3119 482 3182 in
510 3115 772 3181 Drakenborohii
800 3115 1047 3200 Kreyssigiique
1081 3122 1236 3180 contextu
1270 3118 1399 3194 essent;

246 3226 360 3311 itaque
383 3227 472 3292 etin
498 3224 595 3306 longe
623 3225 781 3308 plurima,
816 3245 888 3306 qnae
917 3231 1034 3308 postea
1063 3223 1104 3288 ab
1133 3224 1207 3287 aliis
1236 3227 1403 3305 occupata

246 3334 322 3415 vidi,
338 3334 438 3399 incidi
455 3340 489 3399 et
504 3355 661 3397 novarum
683 3333 948 3398 emendationum
965 3354 1104 3398 messem
1120 3331 1193 3412 ieci,
1216 3337 1253 3396 ut
1270 3331 1398 3414 opinor,

247 3465 313 3509 non
335 3441 622 3523 contemnendam
646 3462 719 3506 eam
742 3441 794 3506 hio
812 3440 1000 3525 explicab03
1023 3461 1134 3506 omnes
1154 3439 1277 3504 codicis
1297 3439 1402 3521 scrip·

160 3552 236 3624 (488)
253 3558 362 3630 tures,
384 3557 423 3616 ut
445 3548 501 3615 alii
531 3551 719 3615 examinare
741 3549 877 3633 possint,
901 3548 1105 3632 propediem,
1128 3554 1167 3612 ut
1189 3568 1295 3632 spero,
1318 3545 1400 3611 alibi

249 3658 354 3738 edam,
378 3660 531 3740 quoniam
554 3679 627 3723 eam
649 3657 747 3721 molis
769 3656 989 3720 accessionem
1011 3655 1064 3721 hic
1086 3656 1171 3721 liber
1187 3677 1253 3720 non
1270 3655 1397 3739 recipit.

336 3765 465 3832 Codicis
488 3764 751 3831 Vindobonensis
774 3784 847 3844 quae
869 3765 913 3827 sit
935 3771 1069 3829 externa
1091 3765 1233 3848 species,
1256 3785 1296 3828 ex
1317 3763 1398 3828 ima-

213 3848 220 3867 *
249 3875 325 3958 gine
346 3875 404 3939 illa
426 3875 521 3940 unius
543 3875 683 3958 pagina,
707 3893 804 3953 quam
822 3870 1000 3938 Endlicher
1021 3874 1056 3937 in
1078 3873 1230 3955 catalogo
1249 3870 1399 3956 codicum

318 4147 390 4198 par,
410 4129 458 4183 sed
476 4147 527 4198 pro
547 4146 580 4182 eo
599 4128 718 4197 ponitur
735 4145 808 4196 per,
827 4146 849 4181 c.
869 4130 910 4195 23,
929 4130 945 4182 8
963 4145 1020 4181 non
1038 4127 1179 4181 omittitur
1202 4124 1401 4194 aliquando,

319 4215 368 4268 sed
386 4216 529 4269 scribitur:
549 4220 583 4269 et
601 4213 800 4283 aliqnando.
