3060 5272
708 831 768 893 135
1198 847 1261 903 611.
1280 848 1313 902 v.

155 1015 314 1098 pertinet,
347 1015 444 1080 nimis
477 1022 587 1081 tamen
620 1015 779 1081 audacter
806 1015 1022 1082 Treboniae
1050 1018 1083 1082 in
1112 1018 1313 1086 editionibus

156 1122 387 1205 substituitur,
421 1123 510 1208 quod
542 1144 660 1189 nomen
694 1144 731 1189 eo
768 1124 875 1188 minus
907 1125 1079 1209 probabile
1107 1133 1159 1191 est
1187 1129 1235 1192 ita
1258 1129 1313 1193 de-

155 1240 330 1316 pravatum
359 1254 446 1311 esse,
481 1232 571 1315 qnod
599 1232 715 1315 paucis
742 1239 819 1314 post
847 1232 996 1299 versibus
1018 1233 1059 1315 (e.
1085 1239 1138 1314 11,
1170 1234 1200 1316 1)
1223 1243 1313 1300 16616

157 1341 324 1406 scribitur.
375 1341 493 1425 Itaque
521 1340 634 1405 Livius
661 1345 792 1404 tantum
821 1341 991 1424 scripsisse
1019 1342 1165 1407 videtur:
1200 1341 1313 1408 labe-

156 1448 357 1515 factandae
391 1449 494 1532 legis
529 1468 669 1527 66666,
700 1448 851 1513 66116166
885 1449 1005 1532 legem,
1039 1471 1112 1532 quae
1141 1471 1180 1514 ea
1209 1450 1249 1516 de
1277 1472 1314 1516 re

155 1565 254 1637 esset,
277 1556 473 1639 significans,
495 1578 572 1621 mox
593 1557 702 1639 ipsum
724 1577 842 1620 nomen
865 1558 1045 1641 positurus.
1094 1559 1199 1640 1861.)

244 1664 337 1750 [Cap.
365 1670 418 1743 ll,
448 1668 484 1743 2,
512 1664 570 1729 nbi
589 1663 776 1729 Trebonius
799 1667 1015 1748 conqueritur
1038 1666 1078 1731 de
1102 1667 1231 1732 duobus
1254 1668 1313 1731 tri·

155 1774 252 1839 bunis
274 1773 380 1858 plebis
403 1780 520 1838 contra
542 1773 647 1855 legem
669 1771 866 1837 Treboniam
888 1775 1068 1857 cooptatis,
1100 1775 1134 1839 in
1163 1775 1214 1839 his
1242 1797 1313 1841 ver-

155 1881 222 1948 bis:
245 1883 294 1961 ls,
319 1881 424 1965 quod
443 1881 650 1965 petissent
665 1887 805 1964 patres
823 1879 984 1962 quidam
1001 1883 1129 1965 primo
1147 1883 1314 1967 incepto

157 1990 324 2074 repulsi,
356 1996 488 2054 tamen
509 1988 702 2054 tribunos
724 1988 898 2053 militum
920 2011 1187 2073 expugnasse,
1210 1993 1313 2056 voci-

160 2097 297 2164 ferans
321 2105 394 2175 cet,
429 2118 529 2160 unum
557 2118 681 2176 vereor,
709 2118 750 2162 ne
774 2103 807 2161 et
830 2095 907 2161 olim
931 2103 964 2161 et
985 2119 1090 2181 nuper
1113 2097 1224 2180 (1873)
1248 2120 1314 2164 666

156 2213 244 2271 16616
273 2205 348 2270 61116
371 2205 605 2282 concesserim,
638 2205 791 2270 tribunos
824 2205 967 2269 militum
995 2203 1070 2269 hinc
1097 2208 1313 2272 removendos

157 2334 238 2378 esse.
290 2312 375 2378 Nam
405 2314 468 2377 etsi
498 2334 553 2378 eos
581 2313 615 2377 in
643 2311 704 2377 hac
732 2334 768 2377 re
790 2312 902 2377 Livius
931 2320 1008 2377 ante
1030 2336 1094 2379 non
1117 2335 1313 2380 commemo·

156 2423 256 2500 ravit,
290 2428 401 2486 tamen
435 2420 654 2505 probabiliter
684 2422 721 2485 ln
754 2421 971 2503 exsequendis
1007 2428 1139 2505 patrum
1167 2423 1313 2489 consiliis

156 2530 275 2595 summi
309 2531 538 2612 magistratus,
579 2529 636 2611 qui
674 2529 737 2594 hoc
775 2548 862 2592 anno
896 2549 1008 2593 omnes
1042 2531 1173 2612 patricii
1207 2539 1312 2610 erant,

156 2638 369 2702 intervenisse
404 2636 646 2720 significantur,
685 2657 745 2701 nec
783 2657 860 2700 raro
894 2635 1005 2701 Livius
1038 2638 1072 2701 in
1106 2639 1313 2704 orationibus

155 2744 284 2829 aliquid
324 2746 521 2829 interponit,
569 2744 659 2827 quod
698 2744 730 2808 in
771 2744 852 2827 ipsis
894 2743 994 2808 rebus
1032 2744 1209 2810 narrandis
1247 2767 1312 2810 non

155 2855 278 2938 posuit.
330 2854 403 2918 Duo
433 2859 521 2918 recte
544 2851 748 2936 reprehendi,
771 2851 921 2932 alterum,
944 2853 1033 2936 quod
1055 2860 1199 2936 patres
1222 2855 1312 2936 qui-

155 2961 242 3026 dam
272 2960 536 3045 appellarentur,
571 2982 673 3044 quum
701 2965 815 3044 aperte
845 2967 877 3024 et
904 2982 1007 3044 supra
1034 2959 1075 3042 (c.
1108 2966 1161 3039 10,
1197 2960 1250 3042 11)
1279 2969 1313 3027 et

153 3075 273 3153 postea
297 3067 327 3152 (ξ
352 3074 370 3133 3
394 3069 479 3149 614)
503 3090 615 3146 616666
639 3066 902 3150 significarentur
925 3074 967 3146 et,
990 3067 1078 3150 quod
1101 3071 1224 3135 certius
1248 3077 1308 3151 est,
1327 3080 1398 3148 (114)

154 3184 287 3262 6611616
320 3199 451 3256 666166,
488 3176 577 3260 quod
601 3175 727 3241 ordinis
751 3181 814 3255 est,
848 3197 1018 3258 nunquam
1040 3178 1089 3242 ita
1111 3177 1151 3242 de
1174 3179 1312 3262 singulis

155 3292 348 3370 poneretur,
382 3292 419 3349 nt
448 3285 564 3349 multi
593 3291 748 3368 patres,
777 3284 911 3366 pauci,
940 3284 1104 3367 aliquot
1126 3285 1313 3352 dicerentur

155 3392 230 3475 (sed
258 3393 415 3476 partitive
445 3392 564 3457 multi
595 3398 770 3476 patrum,
798 3392 982 3457 iuniores
1012 3394 1235 3477 patrum)¹),
1264 3394 1312 3459 al·

153 3506 277 3580 terum,
313 3501 403 3585 quod
432 3523 496 3565 non
524 3507 613 3565 recte
637 3500 802 3564 diceretur
824 3500 1034 3583 petissent
1056 3554 1063 3566 .
1084 3552 1117 3567 ..
1142 3503 1311 3586 repulsi,

152 3631 256 3693 quum
279 3607 344 3673 hoc
367 3608 512 3692 intellegi
537 3608 681 3686 deberet,
712 3607 846 3689 petisse,
870 3608 931 3673 sed
952 3609 1103 3693 repulsos
1127 3631 1199 3675 esse
1223 3609 1311 3691 (non,

153 3723 230 3801 post
251 3716 419 3800 repulsam
442 3715 595 3801 petisse);
631 3715 793 3785 disemum
821 3716 906 3779 enim
930 3736 1002 3780 6666
1025 3738 1121 3781 66616
1143 3718 1311 3799 6611161611

152 3824 292 3908 perfecti
321 3825 479 3909 temporis
508 3825 541 3888 in
569 3822 725 3888 ablativis
754 3822 917 3887 absolutis
947 3823 1060 3901 dere,
1094 3845 1166 3906 quae
1189 3825 1310 3907 prima·

154 3933 237 3996 riam
260 3934 426 3998 actionem
449 3933 664 3997 comitaretur
687 3928 756 4011 (Gr.
771 3929 873 4013 Lata
892 3935 951 3994 431
971 3931 992 3995 b
1011 3938 1078 3995 not.
1097 3935 1115 3993 2
1134 3930 1184 3995 ed.
1202 3933 1309 3996 tertiae

154 4038 325 4122 Germ.).’)
355 4039 473 4122 (Magis
492 4041 592 4105 etiam
610 4039 776 4104 diversum
794 4059 866 4103 6666
884 4047 1130 4122 apparetusnm
1142 4039 1310 4123 6611161611

187 4274 649 4340 ι)01661666166116116116(111111
672 4276 820 4330 mutavit
843 4275 992 4343 calceos;
1015 4281 1111 4345 pater
1133 4276 1309 4343 conserip-

225 4364 281 4414 tns
298 4361 410 4417 lactus
430 4367 489 4416 est.

182 4443 206 4511 ²)
224 4443 266 4501 Ne
284 4445 398 4502 Tacitus
422 4447 533 4516 quidem
558 4454 587 4502 et
605 4446 771 4514 Suetonius,
798 4447 846 4516 qui
869 4447 910 4500 116
928 4445 1082 4516 perfectum
1100 4446 1242 4516 participii
1260 4461 1308 4516 po·

221 4538 292 4587 nunt
315 4533 346 4587 in
371 4533 502 4588 ablativis
526 4533 665 4588 absolutis
689 4530 877 4601 adiungendis
902 4531 937 4584 de
959 4537 1061 4586 eventu
1083 4537 1237 4586 consecuto
1260 4538 1309 4587 sut

220 4635 279 4672 non
298 4623 454 4674 consecuto
472 4618 559 4685 (velut
577 4619 653 4672 Suet.
673 4615 769 4670 Claud
788 4618 834 4669 26:
858 4632 924 4670 non
942 4617 1101 4686 repertis.
1124 4619 1181 4687 qui
1200 4636 1305 4673 exem·

220 4704 312 4773 plum
331 4703 578 4772 sequerentur),
597 4703 636 4757 sio
655 4701 775 4772 simplici
793 4701 943 4771 participio
961 4707 1087 4757 utuntur.
