3060 5272
251 348 312 400 Lib.
331 346 455 400 XXXVl.
795 336 856 396 520

252 517 417 601 particule
445 519 647 600 copulativa,
676 518 896 583 nominativus
925 516 991 596 (et
1011 518 1093 599 qui.
1126 514 1415 600 praesentibus

252 624 461 688 adulando
497 646 666 707 semper,
700 660 744 670 -—
774 624 975 703 utantur),
1009 624 1048 689 de
1082 644 1148 707 quo
1182 644 1303 705 genere
1341 623 1415 688 disi

251 732 327 795 olim
366 732 407 796 ad
442 728 507 796 Cic.
533 732 601 796 Fin.
627 732 667 807 V,
705 738 723 795 9
748 757 777 816 p.
800 738 864 795 tint)
894 742 927 795 et
958 732 1076 815 Opusc.
1100 731 1200 794 Aced.
1224 730 1255 794 ll
1286 754 1320 814 p.
1350 734 1414 795 177

249 839 411 919 (Gramm.
436 838 508 903 tat.
534 837 549 921 ξ
574 838 660 919 323).
715 840 798 905 Livii
826 842 989 922 geminum
1019 844 1071 903 est
1099 837 1284 921 exemplum
1308 838 1345 901 in
1370 836 1414 915 X,

250 952 306 1024 211,
339 954 373 1010 t:
409 944 526 1023 Sunt,
556 947 704 1027 quibus
732 968 778 1011 nu
803 948 884 1011 hmo
907 946 1064 1028 quidem
1088 946 1316 1009 certamina
1340 966 1414 1009 ex·

250 1074 401 1137 ponere
425 1054 528 1118 satis
551 1053 686 1129 tuerit,
705 1041 944 1119 ¹adiecerint
967 1054 1043 1133 tbcc
1066 1060 1131 1117 est:
1160 1052 1291 1135 etqui
1315 1050 1414 1135 adi.)

250 1170 290 1226 et
312 1161 434 1244 Appii
457 1162 768 1226 criminationes
792 1168 863 1238 cet,
891 1161 948 1225 ubi
970 1159 1257 1225 ll'eissenbornius
1280 1179 1317 1221 se
1342 1178 1413 1224 non

250 1268 424 1351 expedivit,
454 1269 552 1352 pardo
577 1269 698 1345 durius,
729 1266 816 1350 quod
840 1275 916 1351 post
939 1269 1003 1332 duo
1027 1267 1173 1330 rmunbra
1195 1286 1234 1329 ex
1258 1264 1414 1347 quibus

249 1386 282 1442 et
305 1397 472 1457 quorum
495 1378 528 1439 in
553 1376 651 1439 tertio
676 1374 809 1440 auditur
833 1376 975 1456 etqui,
999 1376 1032 1438 in
1056 1372 1108 1451 IX,
1136 1378 1162 1450 l,
1186 1377 1214 1436 9.
1255 1372 1319 1451 (lle
1345 1374 1412 1437 cui

249 1484 412 1547 dubium
442 1483 566 1546 dictum
591 1490 640 1546 est
664 1483 705 1546 ad
729 1483 850 1562 xxlt',
882 1488 936 1551 ld.
968 1482 1010 1563 tl.)
1067 1480 1166 1545 Paulo
1194 1488 1271 1563 post
1294 1476 1327 1561 (ξ
1356 1480 1413 1561 10)

249 1590 338 1655 nullo
368 1590 464 1653 rrrodo
493 1589 571 1652 l'erri
603 1597 712 1672 potest
743 1612 801 1673 per
830 1589 1040 1673 parenthesin
1071 1588 1243 1652 interiecta
1264 1588 1412 1653 interro·

249 1698 357 1780 gando
392 1697 505 1761 eadem
542 1697 582 1759 de
614 1698 734 1780 populo
767 1699 913 1761 llomano
950 1697 1130 1773 sententia,
1166 1716 1239 1777 quse
1269 1696 1302 1759 in
1333 1696 1414 1779 ipse

249 1805 406 1886 primaria
429 1806 578 1868 oratione
602 1816 665 1876 est,
696 1806 945 1887 rectissimeque
970 1804 1143 1867 [louiatius
1174 1812 1207 1865 et
1230 1798 1412 1867 Creverius

249 1934 287 1975 ex
329 1892 525 1993 quicquid
564 1912 712 1975 lecerunt
752 1914 818 1993 qui
854 1912 948 1994 quid
984 1912 1064 1991 (qui
1099 1906 1272 1992 [Pyrrhus]
1308 1909 1411 1989 quid

248 2019 408 2084 tandem
439 2021 516 2082 erit
546 2019 754 2083 vobiscum
784 2024 1091 2101 cornparatusld.
1139 2016 1201 2081 Sed
1224 2022 1284 2079 aut
1306 2014 1413 2081 fallor

247 2136 305 2190 aut
329 2126 424 2191 simul
448 2127 636 2190 necessario
660 2125 866 2190 scrilundum
892 2137 991 2190 erat.
1023 2124 1109 2200 Quid
1132 2123 1232 2187 fuerit
1248 2122 1412 2207 Pyrrhus,

247 2243 335 2299 recte
359 2236 527 2316 quteritur,
552 2234 593 2313 (si
617 2254 704 2296 nunc
728 2234 961 2314 ceunparetur),
985 2255 1048 2297 nou
1073 2232 1152 2316 quid
1174 2232 1305 2295 futurus
1330 2233 1387 2297 sit.

333 2342 412 2423 t'ap.
441 2346 488 2419 12,
513 2346 546 2402 o:
589 2341 636 2404 ad
661 2362 765 2422 spem
791 2341 966 2421 vulgatae
990 2340 1220 2403 clementiae
1242 2338 1408 2421 aliquot

247 2448 388 2531 populi
412 2448 648 2511 Acarnaniae
672 2447 922 2511 defecerunt.
960 2447 1108 2530 l'ulgatre
1131 2448 1197 2511 iam
1219 2446 1407 2513 elementiae

247 2576 321 2636 spes
345 2575 409 2617 non
433 2561 492 2631 est,
515 2554 571 2617 sed
596 2553 700 2618 faura:
724 2574 783 2617 uec
806 2554 940 2635 vulgata
964 2564 1035 2618 erat
1054 2554 1203 2619 Antiochi
1227 2554 1407 2620 clementia

246 2668 277 2723 et
308 2662 338 2721 in
368 2660 480 2722 multis
509 2669 661 2741 experta.
696 2660 766 2727 sed,
801 2682 898 2741 «quam
930 2662 961 2724 iu
993 2684 1059 2725 rina
1088 2662 1169 2727 urbe
1198 2662 1404 2740 ostenderat,

246 2788 317 2829 eam
347 2764 387 2828 ad
417 2764 526 2848 plures
555 2786 731 2846 omnesque
754 2768 952 2832 translatum
975 2770 1014 2832 iri
1039 2770 1227 2852 sperabant.
1283 2769 1404 2853 Itaque

245 2872 456 2937 scribendum
480 2879 546 2936 est:
582 2872 631 2935 ad
659 2894 765 2955 spem
795 2876 994 2955 rotgando
1022 2877 1263 2953 clementiae,
1286 2898 1402 2957 quem·

245 2979 423 3045 admodum
446 2979 601 3043 scribitur
624 2980 770 3057 XXXIV,
796 2986 846 3061 29,
871 2988 905 3047 ὃς
938 3006 1028 3066 spes
1052 2983 1243 3049 dedendae
1266 2983 1401 3057 urbis,

244 3088 277 3151 id
301 3088 462 3167 estsere,
486 3096 524 3153 ut
546 3089 737 3166 dederetur3
762 3092 827 3153 tto.
852 3092 892 3155 ad
907 3093 975 3156 Aa.
999 3091 1055 3161 lll.
1080 3097 1109 3169 7,
1133 3098 1167 3154 tl:
1192 3112 1296 3175 spent
1320 3114 1400 3157 mu·

244 3197 456 3261 tandarum
484 3218 631 3271 rerum,
662 3196 701 3260 de
732 3199 769 3261 lt.
798 3198 832 3261 P.
864 3198 893 3260 II
924 3198 940 3279 ξ
968 3206 1001 3262 l:
1037 3200 1083 3262 ob
1114 3200 1400 3264 labefactandi

242 3306 355 3387 regni
379 3307 572 3382 timorem,
596 3304 628 3368 id
652 3312 710 3383 est,
733 3326 773 3368 ne
797 3304 1061 3370 labefactaretur.
1108 3308 1229 3387 (rste.)

328 3412 406 3495 Cap.
434 3417 487 3491 ll,
518 3417 556 3475 13
588 3411 643 3491 (de
671 3411 723 3475 Μ’.
747 3412 852 3476 Acilio
877 3412 1070 3490 trtabrtone,
1105 3416 1136 3478 in
1166 3435 1262 3495 quent
1284 3412 1397 3477 Thau·

242 3522 343 3583 mucis
367 3521 688 3602 appropinquantem
710 3520 865 3583 iuuentus
888 3520 1017 3603 oppidi,
1047 3542 1119 3604 quae
1143 3528 1272 3585 ammata
1296 3521 1401 3587 silvas

241 3636 273 3690 et
295 3628 416 3691 itinere
439 3626 619 3703 insederat,
649 3626 857 3706 incursavit):
892 3626 1041 3693 Consul
1071 3630 1197 3712 primo
1221 3629 1399 3707 mittere,

240 3734 307 3818 qui
342 3756 387 3797 ex
416 3735 642 3817 propinquo
672 3733 958 3814 colloquentes
988 3734 1249 3800 deterrerent
1279 3756 1347 3799 eos
1376 3756 1399 3801 a

239 3842 315 3906 tali
335 3841 491 3921 surore3
515 3847 730 3923 postquam
755 3860 1020 3923 perseverare
1044 3844 1081 3906 in
1101 3844 1263 3925 incepto
1282 3842 1397 3917 vidit,

153 3965 286 4033 (419)-
309 3948 564 4026 interclusit,
597 3982 633 3992 -
663 3948 781 4029 cepit.
840 3948 958 4014 Parum
992 3959 1090 4033 aptus
1125 3959 1176 4015 est
1211 3950 1394 4013 infinitivus

237 4055 430 4135 historicus,
464 4057 522 4138 qui
551 4054 714 4139 significat
742 4056 911 4120 consulem
940 4058 1119 4122 identidem
1147 4057 1296 4123 homines
1318 4058 1397 4121 mit·

238 4170 306 4227 tere
330 4166 478 4246 coepisse
502 4172 535 4227 et
558 4166 589 4226 in
613 4184 652 4226 eo
676 4160 879 4245 aliquamdiu
902 4166 1098 4247 perstitisse.
1134 4167 1184 4229 cui
1215 4186 1315 4231 unum
1341 4186 1396 4230 co-
