3060 5272
718 852 760 916 619

154 1046 266 1106 stres
289 1046 514 1120 restantcs3
536 1039 583 1105 IX
601 1060 744 1125 quoque,
769 1043 818 1120 30,
841 1044 860 1104 3
883 1039 1024 1123 primam
1046 1040 1157 1105 mendi
1178 1039 1317 1106 formam

156 1147 287 1233 praebet
325 1146 567 1231 (duosieria,
601 1168 750 1213 amanu
779 1169 845 1232 pr.,
879 1149 981 1212 ceteri
1009 1148 1210 1233 interpolate
1232 1148 1315 1213 >duo

158 1257 348 1342 imperia,
375 1256 465 1341 quod
486 1257 521 1322 in
543 1257 578 1322 M
600 1256 746 1322 secunda
768 1277 886 1321 manus
910 1255 1114 1340 adscripsit),
1139 1256 1177 1336 X,
1199 1262 1251 1337 46,
1275 1261 1314 1320 12

160 1366 269 1449 ipsum
301 1385 414 1430 rerum
446 1364 532 1447 (nec
566 1365 729 1431 obsidio
763 1364 832 1430 sed
864 1363 1032 1444 bellum,
1066 1365 1167 1429 ceteri
1200 1365 1316 1431 vitiose

160 1495 232 1538 nec
260 1472 425 1539 obsidio
451 1494 524 1539 noc
546 1472 722 1554 bellum).
774 1471 893 1538 Omnia
919 1480 1032 1538 tamen
1059 1472 1156 1538 facile
1180 1479 1317 1557 superat

158 1581 284 1661 marita,
308 1581 498 1666 quodVIII,
521 1585 573 1662 23,
599 1586 638 1647 10
662 1603 747 1646 unus
768 1581 926 1647 indicium
948 1579 1030 1646 facit
1050 1581 1187 1661 lacunae,
1210 1582 1317 1647 verbis

156 1690 207 1768 iis,
229 1689 353 1774 quibus
375 1691 411 1755 in
433 1691 551 1756 ceteris
573 1690 725 1755 omnibus
748 1690 916 1755 occultata
938 1697 998 1770 est,
1018 1696 1150 1755 tantum
1171 1690 1205 1755 in
1227 1711 1312 1756 mar-
1331 1706 1383 1774 (27)

156 1799 233 1882 gine
255 1797 436 1878 adnotatis,
458 1797 734 1882 quemadmodum
756 1800 791 1863 in
812 1798 925 1864 codice
948 1799 1125 1882 archetypo
1148 1798 1317 1884 adscripta

157 1905 264 1972 fuisse
285 1905 453 1988 videntum
481 1907 584 1973 ceteri
604 1892 735 1972 librarii
758 1908 791 1972 in
814 1913 1001 1972 contextam
1023 1909 1205 1973 orationem
1227 1929 1317 1973 rece·

162 2021 293 2099 666666.
306 2015 337 2098 ¹)
392 2014 456 2081 Sed
483 2016 518 2080 in
546 2015 599 2081 his
616 2017 726 2081 'tantis
749 2016 875 2081 meritis
898 2023 1009 2081 tamen
1032 2014 1122 2081 haud
1144 2037 1219 2081 raro
1241 2037 1316 2101 pro-

163 2124 239 2209 pria
265 2124 384 2190 menda
410 2144 606 2210 erroresque
633 2125 765 2190 inscitia
794 2130 884 2189 ortos
912 2123 1014 2189 habet
1042 2124 1094 2206 (ut
1121 2124 1168 2204 Π,
1199 2129 1255 2204 24,
1286 2132 1315 2205 6,

162 2251 242 2314 quo
273 2233 403 2298 minus
432 2253 474 2298 se
502 2234 542 2297 in
570 2234 700 2299 omnis
729 2232 898 2298 sedendi
926 2253 986 2317 pro
1015 2254 1091 2317 quo
1120 2234 1251 2299 minus
1280 2235 1316 2298 ei

159 2340 334 2406 neminie
356 2340 549 2423 edendi2),
579 2346 630 2422 42,
654 2347 673 2405 6
697 2362 771 2406 cum
793 2342 823 2406 R
845 2362 1034 2426 perversum
1056 2341 1139 2406 illud
1162 2340 1315 2407 favoris

158 2447 199 2511 in
217 2448 535 2530 multitudinem,
548 2449 638 2534 quod
649 2456 769 2535 praeter
779 2449 1021 2515 Alschefskium
1034 2451 1134 2514 miror
1144 2449 1315 2515 Hertzium

160 2562 312 2622 secutum
342 2578 432 2638 esse,
460 2579 521 2642 pro
548 2556 704 2624 furoris
733 2559 772 2623 in
800 2558 1084 2638 multitudine,
1114 2580 1316 2643 quamquam

159 2664 318 2731 favoris
344 2666 379 2730 in
403 2665 580 2751 archetypo
601 2665 704 2731 fuisse
727 2665 827 2731 etiam
850 2665 947 2731 LlHl
974 2672 1148 2745 testantur,
1177 2666 1233 2746 III,
1266 2673 1314 2747 13,

160 2779 182 2838 4
204 2774 270 2838 661
297 2794 359 2859 pro
382 2775 446 2839 cui
467 2775 536 2854 rei,
565 2796 592 2839 c.
617 2779 667 2855 35,
698 2778 738 2838 10
760 2795 835 2839 cum
857 2775 886 2838 R
909 2773 1141 2858 improbant
1163 2797 1222 2857 pro
1244 2777 1315 2840 im-

161 2881 408 2967 probabant,
437 2882 601 2966 quomodo
623 2884 657 2948 in
678 2882 916 2949 recentissimis
938 2882 1065 2965 aliquot
1086 2884 1206 2948 iterum
1228 2905 1316 2949 erra·

160 2996 231 3055 tum
261 2998 327 3072 est,
361 3011 387 3056 c.
418 2993 473 3072 36,
509 2995 528 3055 6
557 3011 641 3074 quae
670 2993 734 3057 sui
762 2991 910 3056 iudicii
938 3011 1022 3074 quae
1050 2991 1196 3072 videri,
1230 2993 1314 3058 male

159 3101 304 3183 repetito
327 3119 422 3182 quae,
451 3103 501 3178 37,
524 3104 543 3163 6
567 3099 824 3165 obsedebant
845 3121 905 3184 pro
928 3100 1191 3181 obsederant,
1214 3123 1240 3166 c.
1264 3108 1314 3182 44,

157 3208 330 3272 6666116
356 3208 642 3273 tabernaculis
671 3230 731 3293 pro
759 3208 963 3287 tabernis,
998 3229 1025 3272 c.
1051 3213 1110 3289 46,
1147 3213 1165 3272 3
1189 3211 1314 3276 cumR

159 3314 274 3380 iusto
303 3315 366 3380 die
388 3337 448 3400 pro
471 3318 534 3382 ius
557 3337 601 3382 eo
624 3317 704 3397 die,
732 3319 765 3382 in
788 3339 886 3402 quem
908 3338 1053 3382 errorem
1076 3320 1177 3382 etiam
1200 3319 1314 3385 incidit

160 3421 318 3488 librarius
346 3423 372 3488 L
398 3424 444 3506 1),
478 3427 512 3490 in
539 3427 716 3511 postremis
747 3426 879 3510 quidem
908 3425 1002 3491 libris
1031 3425 1157 3510 plures,
1192 3429 1315 3511 opinor,

160 3533 394 3616 gravioresque
416 3555 516 3617 quam
528 3534 563 3613 P,
587 3555 728 3618 quorum
751 3555 852 3618 supra
874 3535 1023 3618 exempla
1044 3536 1109 3600 tria
1130 3537 1235 3619 posui,
1258 3538 1316 3602 ad-

163 3639 241 3705 dam
262 3662 372 3720 unum,
396 3641 484 3726 quod
506 3635 750 3707 recentissimos
768 3641 910 3708 editores
928 3643 1067 3728 decepit,
1085 3644 1171 3724 VIII,
1187 3650 1234 3720 16,
1248 3645 1313 3727 7.·1)

196 3877 220 3942 ¹)
236 3876 270 3931 In
285 3877 335 3945 lx,
362 3881 409 3946 39,
436 3879 559 3933 tetiam
576 3878 639 3932 PLl
664 3885 694 3933 66
717 3896 788 3933 6666
814 3885 843 3932 66
861 3878 933 3933 alter
950 3884 1091 3947 praeterea
1110 3887 1206 3935 carent
1224 3882 1316 3935 verbis

234 3963 371 4029 insiticiis,
390 3965 445 4018 nisi
462 3964 541 4033 quod
558 3963 580 4016 P
598 3965 628 4019 in
646 3964 773 4033 margine
790 3963 936 4033 adscripta
953 3980 986 4017 ea
1003 3964 1097 4018 habet

190 4047 295 4114 ¹11³·
318 4066 387 4106 vero
410 4056 520 4105 tantum
543 4068 600 4106 una
623 4050 720 4105 littera
743 4049 885 4120 geminata
907 4049 1030 4103 aberrat:
1063 4066 1126 4118 quo
1151 4051 1260 4103 minus
1285 4051 1316 4106 ei

231 4136 380 4191 nominis
399 4136 555 4192 sedendi.

190 4221 215 4286 ⁸)
233 4221 400 4277 Rectissime
418 4223 457 4276 ibi
475 4223 505 4277 in
519 4223 635 4292 reliquis
648 4221 779 4277 omnibus
792 4220 937 4275 codicibus
952 4221 1099 4276 scribitur:
1119 4229 1153 4277 66
1170 4238 1314 4290 coquen-

231 4312 283 4362 tes
316 4309 479 4376 qussdam
504 4309 761 4363 medicamenta
788 4313 822 4361 66
849 4307 1035 4362 recondita
1063 4308 1133 4361 alia
1160 4308 1233 4376 (quse
1260 4309 1314 4362 iam

232 4398 316 4449 cocta
339 4393 428 4460 amnt)
451 4395 667 4448 invenerunt.
708 4393 741 4448 In
758 4393 801 4459 Μ,
823 4398 1012 4462 praeterquam
1035 4392 1112 4461 quod
1135 4400 1251 4463 propter
1268 4394 1313 4448 lit·

232 4485 308 4533 teras
333 4495 384 4533 am
402 4479 446 4535 bis
463 4479 569 4548 positas
588 4481 726 4549 scriptum
744 4485 789 4534 666
806 4478 1101 4548 quasdammenta,
1126 4480 1315 4546 geminatione

234 4565 392 4620 litterarum
415 4566 467 4619 ita
487 4565 592 4620 iactum
614 4571 659 4621 cst
677 4564 784 4631 (addito
804 4579 816 4614 v
836 4564 872 4618 ad
888 4563 1023 4617 Latinum
1041 4564 1209 4618 vocabulum
1227 4563 1313 4622 effici·

233 4651 550 4719 endumi'recondita
568 4651 707 4717 vitalia,
731 4650 807 4719 quod
824 4666 910 4718 quum
930 4654 988 4701 tam
1007 4653 1082 4703 66666
1100 4650 1260 4719 absurdum,
1283 4657 1315 4706 66

233 4737 284 4792 661
306 4734 483 4792 Alsobeisldo
511 4737 624 4806 probari
650 4743 761 4806 posset,
788 4735 996 4789 substituerunt
1018 4750 1107 4803 nuper
1128 4737 1316 4793 recondita
