3008 4756
685 326 746 387 209
1163 334 1225 389 Lib.
1243 333 1290 389 IX.
1367 379 1375 394 .

136 512 296 593 simplicis
337 511 495 575 orati0nis
530 516 564 574 et
597 508 727 592 elegans
761 509 912 574 videatur
944 506 1079 572 media
1110 505 1195 571 labi
1228 506 1292 570 via

140 619 348 683 interduo
372 613 609 698 consilia.]1)

227 725 306 810 Cap.
333 730 386 804 13,
413 731 449 790 4:
484 725 630 807 Itaque
658 746 737 792 non
765 725 849 791 fusi
876 724 988 790 modo
1016 722 1157 788 hostes
1187 719 1292 801 (Sam-

139 835 224 898 nites
253 854 273 898 a
301 832 338 910 Q.
362 832 504 926 Publilio
535 831 684 913 consule)
714 838 823 912 sunt,
859 832 928 897 sed
956 853 1002 897 ne
1032 830 1183 896 castris
1206 830 1293 911 qui-

141 941 227 1007 dem
256 943 340 1007 suis
368 941 502 1024 fugam
529 939 731 1023 impedire
761 940 854 1006 ausi
880 939 1069 1023 Apuliam
1098 936 1295 1020 dissipati

140 1050 310 1132 petiere.
361 1048 448 1127 Quid
477 1049 522 1114 sit
550 1047 702 1113 castris
724 1048 810 1113 suis
832 1047 968 1129 fugam
989 1044 1200 1130 impedire,
1228 1066 1294 1109 non

140 1157 309 1239 intelleg0;
337 1155 563 1237 intellegerem
584 1154 742 1234 fortasse,
772 1155 800 1220 si
830 1160 917 1220 esset
945 1154 1099 1218 castris
1128 1152 1294 1218 tuendis

138 1264 274 1347 fugam
296 1262 504 1348 impedire,
528 1263 591 1327 etsi
609 1282 650 1326 ne
668 1262 715 1328 sio
733 1263 865 1344 quidem
880 1247 1136 1345 'impediendi
1158 1259 1295 1325 verbum

141 1370 180 1435 de
208 1371 286 1454 fuga
312 1369 513 1436 retardanda
543 1376 642 1451 atque
665 1369 934 1453 interrumpenda
956 1375 1070 1452 aptum
1093 1375 1189 1434 esset.
1240 1368 1330 1456 Vt,

140 1478 298 1557 dendum,
327 1500 367 1543 ne
392 1478 503 1542 Livius
526 1475 560 1540 id
582 1477 689 1559 ipsum
711 1467 858 1559 posuerit
879 1476 1029 1556 verbum,
1058 1496 1123 1559 quo
1147 1477 1181 1540 in
1203 1496 1295 1542 enar-

139 1587 243 1650 rando
266 1586 464 1666 Doeringius
488 1605 566 1649 usus
590 1591 648 1663 est,
671 1583 907 1664 inhibere.²)

227 1691 304 1775 Cap.
332 1697 384 1771 16,
418 1697 455 1756 13
479 1691 550 1773 (ubi
579 1691 619 1756 de
641 1691 677 1755 L.
701 1691 834 1775 Papirio
857 1690 1000 1757 Cursore
1023 1691 1146 1775 agitur)
1169 1690 1297 1755 Livium

140 1799 263 1864 dixisse
297 1800 443 1864 virium
475 1800 527 1878 vi,
560 1798 680 1882 plurali
714 1805 748 1864 et
781 1799 940 1883 singulari
969 1799 1116 1864 eiusdem
1144 1797 1297 1863 vocabuli

140 1907 254 1973 formis
287 1913 446 1991 tanquam
475 1906 611 1972 diversis
640 1905 808 1972 vocabulis
837 1907 1032 1987 coniunctis,
1064 1928 1183 1990 parum
1212 1927 1292 1971 sane
1312 1926 1383 1994 (177)

140 2035 179 2080 eo
213 2015 413 2095 defenditur,
447 2013 536 2097 quod
569 2012 657 2097 apud
686 2012 872 2080 Cornelium
905 2016 1066 2098 Nepotem
1095 2012 1254 2097 Thrasyb.
1281 2020 1295 2078 l

140 2123 266 2188 editur:
301 2122 349 2187 ad
383 2122 489 2186 vires
519 2122 676 2203 vimque
706 2121 974 2204 pugnantium
1003 2143 1076 2186 oum
1104 2120 1298 2186 inanissima

139 2229 370 2313 tautologia.³)
420 2229 495 2293 Vini
525 2227 653 2311 cibique
678 2229 910 2312 capacissimos
933 2249 1039 2310 neque
1061 2227 1218 2293 viribus
1241 2248 1298 2292 ne·

175 2482 197 2548 ¹)
218 2481 234 2552 5
252 2485 269 2536 6
288 2489 413 2549 tamen,
441 2483 516 2549 quod
539 2487 616 2537 recte
640 2487 707 2551 post
729 2500 825 2551 quam
848 2487 896 2536 aut
919 2481 1135 2550 aliquamdiu
1156 2481 1298 2550 interponi

212 2573 338 2637 poterat,
365 2567 611 2622 Weissenbornins
642 2567 782 2623 intellexit
807 2584 893 2638 prave
925 2567 1068 2637 interponi
1093 2566 1169 2621 inter
1194 2582 1298 2636 pugnas

213 2658 378 2707 sustentata>
404 2670 501 2706 causas
520 2658 550 2707 et
566 2653 683 2707 verbum
702 2654 949 2709 sustinuerunt
983 2654 1042 2707 Aut
1064 2651 1243 2707 serihendum
1261 2651 1299 2706 vi·

212 2739 305 2792 detur:
332 2738 517 2792 adiuvabat
535 2739 688 2793 imbellis
707 2739 897 2794 multitudo
917 2743 1081 2807 esttamen,
1099 2737 1315 2808 Fregellani.

213 2825 455 2877 sustinuerunt
473 2830 522 2878 aut
538 2824 696 2878 tollendum
714 2831 832 2878 tamen.
870 2824 966 2892 (1861.)

170 2907 197 2973 ¹)
216 2908 324 2961 Eodem
353 2925 414 2977 cap.
439 2906 455 2976 §
481 2911 514 2962 10
537 2909 626 2963 codex
653 2909 822 2979 archetypus
850 2909 961 2976 habuit,
988 2915 1020 2964 nt
1044 2909 1149 2963 editur:
1181 2907 1300 2963 oonsul

213 2993 349 3046 victore
367 2993 526 3047 exercitu
545 2993 700 3059 advenit3
719 3011 770 3048 neo
788 3000 882 3049 tamen
901 2995 992 3048 omnis
1011 2993 1151 3049 dubitatio
1170 2993 1207 3047 de
1223 3009 1297 3064 prae·

215 3077 356 3145 positione
389 3095 463 3131 oum
496 3077 626 3132 addenda
653 3078 818 3132 excluditur.
868 3078 939 3132 Nam
966 3079 1044 3148 quod
1067 3079 1171 3132 usitate
1198 3077 1301 3130 dicitnr

216 3178 354 3230 magno,
376 3161 566 3228 instructo,
589 3162 719 3216 infesto
738 3163 897 3218 exercitu
914 3164 1046 3231 venire,
1071 3163 1119 3216 ubi
1137 3167 1186 3217 aut
1203 3162 1298 3230 eopia·

214 3262 275 3298 rum
303 3261 433 3300 numerus
464 3251 512 3299 aut
535 3245 634 3299 modus
659 3251 688 3300 et
709 3247 800 3300 forma
824 3246 907 3299 eundi
930 3247 1117 3314 significatur,
1149 3265 1206 3301 non
1232 3263 1298 3300 con·

215 3331 295 3384 tinuo
328 3330 402 3384 idem
429 3331 567 3384 ablativus
595 3331 655 3385 sine
681 3330 883 3400 praepositione
909 3331 1040 3386 veniendi
1066 3332 1159 3386 verbis
1187 3331 1301 3385 additur

216 3415 350 3470 adiuncto
375 3415 512 3469 eiusmodi
532 3416 685 3482 adieetivo,
713 3416 788 3483 quod
811 3417 950 3471 exereitus
973 3415 1102 3471 habitum
1125 3421 1154 3471 et
1175 3416 1302 3486 proprie·

214 3504 302 3554 tatem
325 3499 466 3569 significet
490 3502 632 3570 (viatore
660 3500 818 3555 exercitu
840 3500 1027 3569 advenire).
1072 3500 1159 3556 Paulo
1184 3501 1301 3570 propius

216 3590 259 3640 est
281 3602 373 3640 novo
397 3587 555 3642 exercitu
578 3584 761 3656 proficisci
784 3586 830 3654 IV,
852 3588 959 3653 46,12;
987 3585 1036 3643 cfr.
1057 3586 1141 3640 etiam
1159 3586 1193 3653 X,
1212 3588 1253 3652 26,
1271 3588 1301 3640 4:

215 3669 393 3739 profectus
418 3678 499 3741 apto
524 3672 680 3726 exercitu
704 3677 735 3725 et
754 3672 831 3741 plus
848 3671 986 3726 fiduciae
1005 3689 1041 3727 ao
1060 3673 1132 3742 spei
1150 3677 1300 3743 gerente.

214 3755 275 3809 Lib.
295 3755 349 3823 111,
373 3758 421 3823 24,
445 3759 462 3810 8
487 3761 515 3810 et
538 3755 589 3823 IX,
612 3759 660 3822 23,
683 3758 699 3810 6
724 3761 753 3810 et
773 3757 874 3824 XXIII,
898 3760 922 3824 2,
946 3759 963 3812 3
984 3757 1150 3827 praepositio
1174 3757 1300 3824 additum

216 3842 291 3909 quod
315 3841 421 3910 XXIII,
444 3844 490 3907 41,
514 3842 530 3894 5
552 3841 656 3909 legitur
677 3847 811 3896 victore
834 3843 991 3897 exercitu
1013 3844 1128 3898 urbem
1151 3842 1301 3914 aggredi,

215 3927 254 3978 ibi
273 3927 452 3981 instrumenti
472 3927 551 3980 notio
570 3927 672 3980 subest.
718 3926 795 3981 Nihil
818 3926 933 3994 definio;
961 3946 1025 3982 nam
1048 3930 1149 3998 enguo
1167 3929 1221 3984 fine
1239 3930 1301 3984 haeo

216 4016 395 4080 separantem
414 4011 482 4079 qnid
500 4016 594 4066 tamen
613 4010 732 4076 differat,
752 4012 938 4066 ammadverti
956 4014 1034 4067 volo.

175 4095 201 4162 ⁸)
220 4095 406 4151 Scribendum
434 4096 559 4150 videtur:
592 4095 632 4149 ad
660 4097 752 4150 vires
783 4114 947 4165 usumque
975 4099 1220 4166 pugnantium
1247 4099 1302 4155 etsi

217 4196 268 4248 pro
288 4181 395 4235 incerto
415 4180 510 4234 locum
528 4181 686 4249 reliuquere
704 4186 830 4249 praestat.

1041 4287 1073 4338 14
