3060 5272
783 230 821 292 16

225 423 317 483 recte
349 422 480 497 notata,
519 415 679 482 nonnulla
712 436 877 482 consensu
908 415 1067 482 damnata
1098 424 1185 482 sunt.
1241 417 1378 484 Attendi

225 531 338 591 sutem
366 523 462 590 velim
488 525 522 589 in
552 544 619 590 uno
647 532 681 589 et
701 524 810 590 altero
831 524 996 610 exemplo,
1028 545 1127 610 quam
1148 526 1378 592 1111111111-

226 641 409 716 nanterque
442 631 524 698 talis
555 632 721 699 interdum
754 633 925 719 adscripta
950 634 1032 714 sint,
1064 633 1291 701 additamento
1318 641 1377 700 aut

226 763 292 810 non
319 749 411 808 recte
438 742 472 806 in
499 742 659 807 orationis
687 749 889 808 structuram
909 741 1035 808 incluso
1058 742 1162 824 (velut
1182 742 1243 822 IV,
1271 746 1327 822 32,
1355 747 1376 806 7

226 873 293 918 111
316 849 519 935 adscriptum
541 857 607 931 est,
635 871 736 932 quum
758 851 786 916 ii
809 850 961 930 deberet,
988 858 1023 916 et
1043 850 1103 929 VI,
1133 856 1182 930 17,
1210 855 1229 915 6
1252 849 1292 916 id
1314 872 1377 936 pro

154 967 210 1038 (11)
229 982 282 1041 11,
303 957 577 1042 quemadmodum
598 959 633 1024 iu
653 960 756 1028 tertia
776 958 901 1025 decade
917 958 1020 1039 XXX,
1041 962 1092 1039 23,
1115 964 1136 1023 4
1158 980 1252 1038 eum,
1274 979 1376 1042 quum

224 1069 466 1153 inponendum
495 1067 595 1149 esset)
618 1075 676 1132 aut
697 1067 747 1132 ita
768 1067 909 1147 incluso,
941 1073 979 1132 ut
1007 1067 1074 1132 alia
1101 1067 1376 1151 perturbarentur

224 1175 329 1259 (velut
350 1174 424 1255 VH,
457 1180 513 1255 41,
549 1179 583 1255 6,
616 1174 674 1239 ubi
707 1175 820 1241 addito
849 1177 918 1259 qui
945 1181 980 1240 et
1005 1175 1049 1240 ad
1071 1175 1105 1241 id
1127 1175 1375 1241 accommodato

223 1283 447 1367 fugissent,
478 1282 686 1349 desideratur
715 1292 791 1368 post
816 1283 969 1350 fuisset
992 1290 1032 1349 et
1053 1283 1195 1349 alterum
1217 1283 1375 1367 verbum),

224 1393 409 1458 cuiusmodi
436 1390 568 1457 indiciis
597 1393 666 1476 ipse
695 1414 786 1458 error
814 1413 900 1476 saepe
929 1391 1196 1477 deprehenditur.
1250 1392 1374 1458 Notata

165 1568 169 1574 ,
223 1502 326 1585 igitur
348 1502 492 1566 omnium
515 1500 680 1580 codicum,
708 1501 771 1565 hoo
794 1507 855 1580 est,
884 1500 1054 1584 archetypi
1077 1499 1303 1567 additamenta
1322 1500 1374 1566 his

224 1608 306 1675 locis
338 1610 403 1674 iam
437 1615 547 1687 erant,
580 1609 622 1674 de
652 1630 791 1693 quorum
820 1607 986 1674 nonnullis
1014 1608 1245 1675 confirmandae
1267 1611 1373 1694 suspi-

223 1718 328 1783 cionis
351 1737 453 1781 causa
474 1716 571 1801 plura
594 1716 718 1796 dicam,
752 1717 809 1783 ubi
840 1717 920 1783 ordo
951 1738 1002 1782 me
1031 1717 1073 1782 sd
1102 1738 1158 1783 eos
1185 1717 1373 1784 deduxerit:

224 1826 250 1905 l,
268 1830 318 1905 41,
336 1829 355 1889 3
373 1825 443 1907 (nbi
465 1825 529 1889 vim
551 1826 708 1891 orationis
724 1846 860 1910 prorsus
876 1825 999 1908 frangit
1015 1825 1156 1891 alterum
1173 1825 1373 1909 consilia),

224 1934 265 2013 ll,
296 1938 346 2013 30,
372 1939 386 1998 1
413 1932 630 2018 (putabant
652 1934 908 2014 sententiam,
936 1934 992 1999 ubi
1016 1940 1050 1999 et
1070 1933 1188 2018 frigide
1209 1935 1373 2017 repetitur

223 2042 438 2110 sententiae
466 2062 584 2106 nomen
612 2048 646 2107 et
674 2043 861 2108 necessario
892 2041 1065 2107 dicendum
1087 2046 1174 2107 erat:
1209 2048 1372 2107 senteu-

223 2151 324 2217 tiam
354 2171 439 2215 eam
468 2170 554 2215 esso
581 2150 801 2235 putabant,
829 2171 913 2233 quae
933 2174 992 2231 -;
1026 2171 1102 2215 nam
1123 2148 1256 2216 Lartii
1283 2171 1372 2216 sen-

224 2259 396 2326 tentiam
418 2265 525 2342 puto,
549 2280 634 2343 quae
656 2259 738 2325 nihil
761 2258 835 2341 est),
858 2262 908 2336 58,
933 2263 951 2322 5
975 2257 1094 2342 (neque
1117 2258 1202 2323 enim
1224 2257 1331 2340 quod
1352 2280 1373 2323 a

223 2367 337 2433 codice
360 2366 509 2431 Rhenaui
532 2367 658 2448 aberet,
682 2367 742 2433 sed
764 2368 835 2432 eius
858 2366 980 2432 iudicio
1005 2365 1195 2430 damnatum
1217 2365 1292 2448 est),
1314 2365 1373 2445 111,

227 2481 254 2554 l,
280 2480 295 2538 l
320 2473 565 2556 (Quinctius,
593 2497 653 2558 pro
677 2497 741 2558 quo
764 2475 979 2540 substitutum
1003 2479 1054 2538 est
1076 2471 1277 2556 Quintus),
1300 2477 1329 2553 4,
1355 2477 1369 2537 1

223 2583 388 2666 (Fabios
412 2603 573 2647 consensu
597 2582 802 2664 damnatur),
829 2583 888 2661 IV,
917 2586 973 2661 21,
1004 2585 1023 2645 6
1047 2580 1238 2663 (metum),
1268 2586 1323 2662 32,
1353 2588 1372 2646 7

223 2691 317 2773 (eos,
341 2712 382 2756 ne
404 2688 608 2756 Alschefskio
631 2692 764 2773 quidem
787 2689 1078 2770 contradicente),
1101 2688 1154 2768 Vl,
1180 2694 1228 2770 17,
1252 2695 1271 2755 6
1295 2691 1372 2773 (re-

223 2800 346 2864 misso
369 2798 419 2877 id,
443 2797 572 2882 quod),
592 2798 661 2877 VH,
680 2803 730 2877 29,
752 2804 766 2862 1
787 2799 946 2882 (spatio,
970 2818 1036 2882 quo
1053 2797 1165 2864 addito
1183 2799 1281 2882 plane
1297 2821 1373 2882 per·

223 2928 315 2973 verse
332 2905 469 2971 vel-vel
488 2906 645 2991 ponitur),
658 2912 709 2985 41,
728 2911 746 2971 6
760 2906 864 2991 (qui),
877 2905 964 2986 VIII,
976 2909 1026 2987 21,
1039 2911 1057 2970 5
1069 2905 1370 2989 (patiebantur),

224 3014 280 3095 lx,
306 3018 353 3094 16,
378 3019 397 3077 3
421 3013 563 3094 (nocte,
588 3014 677 3098 quod
694 3015 812 3078 mirum
834 3022 886 3080 est
902 3013 1013 3094 fuisso,
1038 3014 1150 3097 quiin
1175 3013 1290 3079 hoste
1313 3021 1371 3080 aut

222 3122 361 3189 hostes
378 3122 499 3187 mutari
517 3121 653 3187 mallent
669 3143 767 3204 quam
784 3121 880 3204 tolli),
895 3126 977 3202 19,4
995 3120 1228 3205 (Samnites;
1245 3121 1371 3188 frustra

221 3231 291 3298 alia
306 3228 501 3311 tententur),
519 3228 585 3293 ibd.
604 3228 620 3312 ἓ
639 3232 657 3292 7
676 3228 728 3312 (id
748 3236 810 3296 est
828 3230 967 3311 hastae3
985 3231 1129 3296 omnium
1145 3229 1371 3297 manifestissi-

223 3363 311 3405 mum
328 3339 591 3404 additamentum
609 3358 721 3402 omnes
741 3338 1371 3422 (11111111111111111111111111111),

223 3453 280 3527 30,
315 3451 334 3512 3
369 3446 519 3529 (11111,
554 3444 756 3529 adscriptum
790 3445 833 3510 ad
865 3444 924 3511 illa
955 3467 1025 3529 per
1058 3447 1247 3529 speciem3
1284 3448 1373 3513 male

224 3552 507 3621 Weissenbornius
531 3550 704 3616 defendere
728 3552 888 3635 conatur).
939 3552 992 3633 (X,
1016 3556 1065 3632 32,
1089 3554 1226 3634 41111,
1250 3558 1300 3637 37,
1331 3560 1372 3621 15-

224 3662 380 3730 adalind
403 3681 505 3745 genus
527 3659 709 3742 pertinent,
739 3659 778 3724 de
807 3681 872 3742 quo
896 3659 1003 3725 dicam
1025 3659 1124 3744 paulo
1146 3662 1245 3746 post.)
1290 3663 1369 3728 Haec

224 3770 325 3854 igitur
353 3769 425 3849 1111,
463 3785 523 3849 ego
550 3787 635 3831 1111
664 3765 760 3850 plura
787 3767 975 3833 huiusmodi
1001 3768 1295 3854 interpretamenta
1322 3772 1370 3838 ita
1487 3799 1492 3808 ·

225 3879 373 3962 coargui,
408 3883 458 3956 ut,
493 3873 622 3940 etiamsi
655 3873 695 3940 de
722 3895 787 3939 uno
815 3881 849 3941 et
875 3875 980 3943 altero
1009 3884 1125 3944 contra
1153 3878 1295 3959 dicutur,
1329 3879 1369 3944 de

224 3986 320 4070 longe
343 3983 493 4071 plurimis
516 3983 640 4068 peritos
662 3981 821 4063 homiues,
855 3984 912 4068 qui
940 3993 974 4052 et
1000 3986 1034 4051 iu
1055 3986 1191 4070 singulis
1212 3987 1294 4053 locis
1317 4008 1369 4052 ar-

222 4100 380 4178 gumenta
409 4091 686 4159 consideraverint
712 4097 746 4157 11
774 4092 924 4159 omnibus
947 4094 1032 4161 iuter
1054 4116 1088 4161 se
1112 4093 1241 4160 collatis
1262 4101 1371 4161 totum
