<?xml version="1.0" encoding="UTF-8"?>
<!DOCTYPE html PUBLIC "-//W3C//DTD XHTML 1.0 Transitional//EN"
    "http://www.w3.org/TR/xhtml1/DTD/xhtml1-transitional.dtd">
<html xmlns="http://www.w3.org/1999/xhtml" xml:lang="en" lang="en">
 <head>
  <title>
</title>
<meta http-equiv="Content-Type" content="text/html;charset=utf-8" />
  <meta name='ocr-system' content='tesseract 3.04.00' />
  <meta name='ocr-capabilities' content='ocr_page ocr_carea ocr_par ocr_line ocrx_word'/>
</head>
<body>
  <div class='ocr_page' id='page_1' title='image "./emendationesliv01madvgoog_0503.png"; bbox 0 0 3060 5272; ppageno 0'>
   <div class='ocr_carea' id='block_1_1' title="bbox 234 363 840 435">
    <p class='ocr_par' dir='ltr' id='par_1_1' title="bbox 234 363 840 435">
     <span class='ocr_line' id='line_1_1' title="bbox 234 363 840 435; baseline -0.021 0"><span class='ocrx_word' id='word_1_1' title='bbox 234 379 296 435; x_wconf 85' lang='lat' dir='ltr'><strong>Lib.</strong></span> <span class='ocrx_word' id='word_1_2' title='bbox 314 378 441 433; x_wconf 82' lang='lat' dir='ltr'>XXXIII.</span> <span class='ocrx_word' id='word_1_3' title='bbox 779 363 840 423; x_wconf 77' lang='lat'>486</span> 
     </span>
    </p>
   </div>
   <div class='ocr_carea' id='block_1_2' title="bbox 139 536 1396 3951">
    <p class='ocr_par' dir='ltr' id='par_1_2' title="bbox 139 536 1396 2453">
     <span class='ocr_line' id='line_1_2' title="bbox 235 536 1396 635; baseline -0.003 -19"><span class='ocrx_word' id='word_1_4' title='bbox 235 552 357 635; x_wconf 88' lang='lat' dir='ltr'>ipsum,</span> <span class='ocrx_word' id='word_1_5' title='bbox 385 549 533 632; x_wconf 90' lang='lat' dir='ltr'>raptim</span> <span class='ocrx_word' id='word_1_6' title='bbox 556 536 701 631; x_wconf 81' lang='lat' dir='ltr'>capere</span> <span class='ocrx_word' id='word_1_7' title='bbox 724 565 834 609; x_wconf 90' lang='lat' dir='ltr'>arma</span> <span class='ocrx_word' id='word_1_8' title='bbox 857 545 980 609; x_wconf 91' lang='lat' dir='ltr'>iussis</span> <span class='ocrx_word' id='word_1_9' title='bbox 1003 544 1204 610; x_wconf 80' lang='lat' dir='ltr'>militibus</span> <span class='ocrx_word' id='word_1_10' title='bbox 1228 544 1396 625; x_wconf 77' lang='lat' dir='ltr'>(dimidiae</span> 
     </span>
     <span class='ocr_line' id='line_1_3' title="bbox 235 650 1395 740; baseline -0.002 -18"><span class='ocrx_word' id='word_1_11' title='bbox 235 657 323 722; x_wconf 92' lang='lat' dir='ltr'>illius</span> <span class='ocrx_word' id='word_1_12' title='bbox 357 658 478 740; x_wconf 81' lang='lat' dir='ltr'>partis,</span> <span class='ocrx_word' id='word_1_13' title='bbox 520 676 592 737; x_wconf 88' lang='lat' dir='ltr'>quae</span> <span class='ocrx_word' id='word_1_14' title='bbox 632 656 666 718; x_wconf 92' lang='lat' dir='ltr'>in</span> <span class='ocrx_word' id='word_1_15' title='bbox 705 654 822 718; x_wconf 88' lang='lat' dir='ltr'>castris</span> <span class='ocrx_word' id='word_1_16' title='bbox 859 653 1092 733; x_wconf 78' lang='lat' dir='ltr'>remanserat),</span> <span class='ocrx_word' id='word_1_17' title='bbox 1132 650 1395 735; x_wconf 77' lang='lat' dir='ltr'>infrequenti</span> 
     </span>
     <span class='ocr_line' id='line_1_4' title="bbox 235 760 1394 846; baseline -0.001 -18"><span class='ocrx_word' id='word_1_18' title='bbox 235 765 393 845; x_wconf 80' lang='lat' dir='ltr'>agmine</span> <span class='ocrx_word' id='word_1_19' title='bbox 416 770 536 846; x_wconf 86' lang='lat' dir='ltr'>porta</span> <span class='ocrx_word' id='word_1_20' title='bbox 559 760 953 843; x_wconf 83' lang='lat' dir='ltr'>egressum—aciem</span> <span class='ocrx_word' id='word_1_21' title='bbox 976 760 1238 824; x_wconf 83' lang='lat' dir='ltr'>instruxisse.</span> <span class='ocrx_word' id='word_1_22' title='bbox 1268 760 1394 845; x_wconf 90' lang='lat' dir='ltr'>Itaque</span> 
     </span>
     <span class='ocr_line' id='line_1_5' title="bbox 235 866 1393 954; baseline -0.003 -17"><span class='ocrx_word' id='word_1_23' title='bbox 235 870 415 954; x_wconf 88' lang='lat' dir='ltr'>depravata</span> <span class='ocrx_word' id='word_1_24' title='bbox 448 870 517 935; x_wconf 80' lang='lat' dir='ltr'>hae</span> <span class='ocrx_word' id='word_1_25' title='bbox 551 890 623 933; x_wconf 90' lang='lat' dir='ltr'>esse</span> <span class='ocrx_word' id='word_1_26' title='bbox 657 874 795 932; x_wconf 87' lang='lat' dir='ltr'>constat.</span> <span class='ocrx_word' id='word_1_27' title='bbox 859 866 898 930; x_wconf 96' lang='lat' dir='ltr'>ld</span> <span class='ocrx_word' id='word_1_28' title='bbox 936 866 1062 931; x_wconf 84' lang='lat' dir='ltr'>sactum</span> <span class='ocrx_word' id='word_1_29' title='bbox 1101 873 1151 932; x_wconf 90' lang='lat' dir='ltr'>est</span> <span class='ocrx_word' id='word_1_30' title='bbox 1185 888 1288 950; x_wconf 92' lang='lat' dir='ltr'>quum</span> <span class='ocrx_word' id='word_1_31' title='bbox 1321 868 1393 933; x_wconf 90' lang='lat' dir='ltr'>alio</span> 
     </span>
     <span class='ocr_line' id='line_1_6' title="bbox 235 974 1394 1057; baseline -0.001 -15"><span class='ocrx_word' id='word_1_32' title='bbox 235 979 362 1042; x_wconf 88' lang='lat' dir='ltr'>minore</span> <span class='ocrx_word' id='word_1_33' title='bbox 396 997 524 1053; x_wconf 88' lang='lat' dir='ltr'>errore,</span> <span class='ocrx_word' id='word_1_34' title='bbox 564 983 635 1041; x_wconf 89' lang='lat' dir='ltr'>tum</span> <span class='ocrx_word' id='word_1_35' title='bbox 676 976 896 1057; x_wconf 84' lang='lat' dir='ltr'>geminatione</span> <span class='ocrx_word' id='word_1_36' title='bbox 936 974 1077 1057; x_wconf 89' lang='lat' dir='ltr'>quadam</span> <span class='ocrx_word' id='word_1_37' title='bbox 1118 982 1151 1040; x_wconf 91' lang='lat' dir='ltr'>et</span> <span class='ocrx_word' id='word_1_38' title='bbox 1189 974 1394 1057; x_wconf 84' lang='lat' dir='ltr'>repetitione</span> 
     </span>
     <span class='ocr_line' id='line_1_7' title="bbox 236 1081 1393 1163; baseline -0.003 -14"><span class='ocrx_word' id='word_1_39' title='bbox 236 1084 376 1149; x_wconf 87' lang='lat' dir='ltr'>duarum</span> <span class='ocrx_word' id='word_1_40' title='bbox 404 1104 529 1150; x_wconf 85' lang='lat' dir='ltr'>vocum.</span> <span class='ocrx_word' id='word_1_41' title='bbox 587 1083 697 1147; x_wconf 91' lang='lat' dir='ltr'>Livius</span> <span class='ocrx_word' id='word_1_42' title='bbox 734 1083 819 1146; x_wconf 85' lang='lat' dir='ltr'>enim</span> <span class='ocrx_word' id='word_1_43' title='bbox 848 1085 895 1146; x_wconf 91' lang='lat' dir='ltr'>sic</span> <span class='ocrx_word' id='word_1_44' title='bbox 924 1082 1117 1163; x_wconf 82' lang='lat' dir='ltr'>scripserat:</span> <span class='ocrx_word' id='word_1_45' title='bbox 1151 1081 1212 1146; x_wconf 92' lang='lat' dir='ltr'>Ibi</span> <span class='ocrx_word' id='word_1_46' title='bbox 1243 1088 1393 1161; x_wconf 72' lang='lat' dir='ltr'>parte·</span> 
     </span>
     <span class='ocr_line' id='line_1_8' title="bbox 236 1174 1394 1268; baseline 0.001 -14"><span class='ocrx_word' id='word_1_47' title='bbox 236 1191 438 1254; x_wconf 74' lang='lat' dir='ltr'>dlmldlan</span> <span class='ocrx_word' id='word_1_48' title='bbox 472 1192 697 1267; x_wconf 82' lang='lat' dir='ltr'>exercitus,</span> <span class='ocrx_word' id='word_1_49' title='bbox 732 1189 890 1251; x_wconf 73' lang='lat' dir='ltr'>dlvlsan</span> <span class='ocrx_word' id='word_1_50' title='bbox 926 1174 1145 1268; x_wconf 75' lang='lat' dir='ltr'>t1·ilariam,</span> <span class='ocrx_word' id='word_1_51' title='bbox 1180 1196 1219 1253; x_wconf 91' lang='lat' dir='ltr'>et</span> <span class='ocrx_word' id='word_1_52' title='bbox 1253 1210 1394 1255; x_wconf 89' lang='lat' dir='ltr'>omnes</span> 
     </span>
     <span class='ocr_line' id='line_1_9' title="bbox 236 1296 1393 1382; baseline -0.003 -17"><span class='ocrx_word' id='word_1_53' title='bbox 236 1301 395 1382; x_wconf 90' lang='lat' dir='ltr'>equites</span> <span class='ocrx_word' id='word_1_54' title='bbox 438 1299 671 1363; x_wconf 90' lang='lat' dir='ltr'>discurrere</span> <span class='ocrx_word' id='word_1_55' title='bbox 704 1331 748 1341; x_wconf 97' lang='lat'>—</span> <span class='ocrx_word' id='word_1_56' title='bbox 781 1296 906 1360; x_wconf 90' lang='lat' dir='ltr'>iubet.</span> <span class='ocrx_word' id='word_1_57' title='bbox 968 1296 1160 1377; x_wconf 83' lang='lat' dir='ltr'>(Dimidiam</span> <span class='ocrx_word' id='word_1_58' title='bbox 1193 1306 1320 1379; x_wconf 89' lang='lat' dir='ltr'>partem</span> <span class='ocrx_word' id='word_1_59' title='bbox 1357 1298 1393 1362; x_wconf 89' lang='lat' dir='ltr'>in</span> 
     </span>
     <span class='ocr_line' id='line_1_10' title="bbox 139 1388 1393 1486; baseline -0.003 -13"><span class='ocrx_word' id='word_1_60' title='bbox 139 1388 144 1397; x_wconf 43' lang='lat'><strong><em>¹</em></strong></span> <span class='ocrx_word' id='word_1_61' title='bbox 236 1408 355 1473; x_wconf 87' lang='lat' dir='ltr'>eastris</span> <span class='ocrx_word' id='word_1_62' title='bbox 384 1406 581 1471; x_wconf 80' lang='lat' dir='ltr'>remansisse</span> <span class='ocrx_word' id='word_1_63' title='bbox 611 1426 670 1486; x_wconf 89' lang='lat' dir='ltr'>pcr</span> <span class='ocrx_word' id='word_1_64' title='bbox 692 1425 726 1468; x_wconf 90' lang='lat' dir='ltr'>sc</span> <span class='ocrx_word' id='word_1_65' title='bbox 749 1404 911 1486; x_wconf 85' lang='lat' dir='ltr'>apparet.)</span> <span class='ocrx_word' id='word_1_66' title='bbox 961 1404 1027 1467; x_wconf 90' lang='lat' dir='ltr'>Aut</span> <span class='ocrx_word' id='word_1_67' title='bbox 1055 1425 1094 1467; x_wconf 78' lang='lat' dir='ltr'>ex</span> <span class='ocrx_word' id='word_1_68' title='bbox 1124 1404 1193 1468; x_wconf 93' lang='lat' dir='ltr'>solo</span> <span class='ocrx_word' id='word_1_69' title='bbox 1224 1404 1393 1469; x_wconf 87' lang='lat' dir='ltr'>scribendi</span> 
     </span>
     <span class='ocr_line' id='line_1_11' title="bbox 238 1510 1393 1594; baseline -0.001 -16"><span class='ocrx_word' id='word_1_70' title='bbox 238 1536 348 1580; x_wconf 90' lang='lat' dir='ltr'>errore</span> <span class='ocrx_word' id='word_1_71' title='bbox 379 1512 599 1594; x_wconf 90' lang='lat' dir='ltr'>(dimissam</span> <span class='ocrx_word' id='word_1_72' title='bbox 633 1533 692 1593; x_wconf 89' lang='lat' dir='ltr'>pro</span> <span class='ocrx_word' id='word_1_73' title='bbox 727 1510 914 1589; x_wconf 90' lang='lat' dir='ltr'>diuisam)</span> <span class='ocrx_word' id='word_1_74' title='bbox 943 1517 1056 1575; x_wconf 85' lang='lat' dir='ltr'>uatum</span> <span class='ocrx_word' id='word_1_75' title='bbox 1091 1520 1140 1575; x_wconf 88' lang='lat' dir='ltr'>est</span> <span class='ocrx_word' id='word_1_76' title='bbox 1167 1512 1298 1577; x_wconf 90' lang='lat' dir='ltr'>initium</span> <span class='ocrx_word' id='word_1_77' title='bbox 1325 1511 1393 1577; x_wconf 89' lang='lat' dir='ltr'>loci</span> 
     </span>
     <span class='ocr_line' id='line_1_12' title="bbox 237 1617 1393 1702; baseline -0.001 -17"><span class='ocrx_word' id='word_1_78' title='bbox 237 1619 466 1702; x_wconf 88' lang='lat' dir='ltr'>corrumpendi</span> <span class='ocrx_word' id='word_1_79' title='bbox 500 1625 558 1683; x_wconf 89' lang='lat' dir='ltr'>aut</span> <span class='ocrx_word' id='word_1_80' title='bbox 588 1617 677 1699; x_wconf 91' lang='lat' dir='ltr'>quod</span> <span class='ocrx_word' id='word_1_81' title='bbox 706 1618 861 1681; x_wconf 88' lang='lat' dir='ltr'>distincte</span> <span class='ocrx_word' id='word_1_82' title='bbox 891 1618 930 1681; x_wconf 85' lang='lat' dir='ltr'>dc</span> <span class='ocrx_word' id='word_1_83' title='bbox 959 1624 1100 1699; x_wconf 85' lang='lat' dir='ltr'>utraque</span> <span class='ocrx_word' id='word_1_84' title='bbox 1129 1618 1266 1682; x_wconf 90' lang='lat' dir='ltr'>dimidia</span> <span class='ocrx_word' id='word_1_85' title='bbox 1294 1626 1393 1702; x_wconf 77' lang='lat' dir='ltr'>parte</span> 
     </span>
     <span class='ocr_line' id='line_1_13' title="bbox 238 1722 1393 1809; baseline 0 -18"><span class='ocrx_word' id='word_1_86' title='bbox 238 1728 303 1791; x_wconf 89' lang='lat' dir='ltr'>dici</span> <span class='ocrx_word' id='word_1_87' title='bbox 335 1726 489 1791; x_wconf 85' lang='lat' dir='ltr'>librarius</span> <span class='ocrx_word' id='word_1_88' title='bbox 523 1725 641 1806; x_wconf 90' lang='lat' dir='ltr'>aliquis</span> <span class='ocrx_word' id='word_1_89' title='bbox 676 1724 788 1787; x_wconf 87' lang='lat' dir='ltr'>voluit.</span> <span class='ocrx_word' id='word_1_90' title='bbox 849 1722 1000 1788; x_wconf 84' lang='lat' dir='ltr'>Ceterum</span> <span class='ocrx_word' id='word_1_91' title='bbox 1034 1747 1135 1808; x_wconf 83' lang='lat' dir='ltr'>prope</span> <span class='ocrx_word' id='word_1_92' title='bbox 1169 1734 1296 1790; x_wconf 88' lang='lat' dir='ltr'>certum</span> <span class='ocrx_word' id='word_1_93' title='bbox 1329 1732 1393 1809; x_wconf 87' lang='lat' dir='ltr'>est,</span> 
     </span>
     <span class='ocr_line' id='line_1_14' title="bbox 237 1832 1394 1915; baseline 0 -16"><span class='ocrx_word' id='word_1_94' title='bbox 237 1835 362 1899; x_wconf 83' lang='lat' dir='ltr'>Livium</span> <span class='ocrx_word' id='word_1_95' title='bbox 391 1834 425 1898; x_wconf 92' lang='lat' dir='ltr'>in</span> <span class='ocrx_word' id='word_1_96' title='bbox 452 1833 516 1897; x_wconf 90' lang='lat' dir='ltr'>hac</span> <span class='ocrx_word' id='word_1_97' title='bbox 538 1833 783 1897; x_wconf 86' lang='lat' dir='ltr'>enumeratione</span> <span class='ocrx_word' id='word_1_98' title='bbox 807 1832 906 1894; x_wconf 88' lang='lat' dir='ltr'>trium</span> <span class='ocrx_word' id='word_1_99' title='bbox 930 1853 1082 1913; x_wconf 81' lang='lat' dir='ltr'>agrorum</span> <span class='ocrx_word' id='word_1_100' title='bbox 1105 1855 1169 1897; x_wconf 87' lang='lat' dir='ltr'>non</span> <span class='ocrx_word' id='word_1_101' title='bbox 1193 1832 1394 1915; x_wconf 84' lang='lat' dir='ltr'>elegantiam</span> 
     </span>
     <span class='ocr_line' id='line_1_15' title="bbox 237 1938 1394 2024; baseline 0 -18"><span class='ocrx_word' id='word_1_102' title='bbox 237 1941 549 2024; x_wconf 83' lang='lat' dir='ltr'>inelegantissimam</span> <span class='ocrx_word' id='word_1_103' title='bbox 582 1945 733 2021; x_wconf 82' lang='lat' dir='ltr'>captasse</span> <span class='ocrx_word' id='word_1_104' title='bbox 768 1959 807 2001; x_wconf 84' lang='lat' dir='ltr'>ex</span> <span class='ocrx_word' id='word_1_105' title='bbox 836 1939 994 2002; x_wconf 89' lang='lat' dir='ltr'>varianda</span> <span class='ocrx_word' id='word_1_106' title='bbox 1022 1938 1085 2003; x_wconf 91' lang='lat' dir='ltr'>hoc</span> <span class='ocrx_word' id='word_1_107' title='bbox 1113 1941 1210 2004; x_wconf 89' lang='lat' dir='ltr'>modo</span> <span class='ocrx_word' id='word_1_108' title='bbox 1239 1941 1394 2007; x_wconf 88' lang='lat' dir='ltr'>oratione</span> 
     </span>
     <span class='ocr_line' id='line_1_16' title="bbox 238 2045 1393 2130; baseline 0 -17"><span class='ocrx_word' id='word_1_109' title='bbox 238 2047 285 2130; x_wconf 89' lang='lat' dir='ltr'>(in</span> <span class='ocrx_word' id='word_1_110' title='bbox 323 2048 509 2113; x_wconf 90' lang='lat' dir='ltr'>nominibus</span> <span class='ocrx_word' id='word_1_111' title='bbox 543 2068 677 2130; x_wconf 88' lang='lat' dir='ltr'>prorsus</span> <span class='ocrx_word' id='word_1_112' title='bbox 713 2045 859 2110; x_wconf 88' lang='lat' dir='ltr'>eiusdem</span> <span class='ocrx_word' id='word_1_113' title='bbox 888 2046 1046 2127; x_wconf 84' lang='lat' dir='ltr'>generis):</span> <span class='ocrx_word' id='word_1_114' title='bbox 1081 2047 1393 2113; x_wconf 90' lang='lat' dir='ltr'>Pellenensium</span> 
     </span>
     <span class='ocr_line' id='line_1_17' title="bbox 238 2152 1395 2239; baseline -0.002 -18"><span class='ocrx_word' id='word_1_115' title='bbox 238 2156 551 2239; x_wconf 80' lang='lat' dir='ltr'>Sicyoniumque</span> <span class='ocrx_word' id='word_1_116' title='bbox 585 2174 705 2236; x_wconf 86' lang='lat' dir='ltr'>agros</span> <span class='ocrx_word' id='word_1_117' title='bbox 741 2161 780 2216; x_wconf 84' lang='lat' dir='ltr'>et</span> <span class='ocrx_word' id='word_1_118' title='bbox 807 2152 1044 2231; x_wconf 83' lang='lat' dir='ltr'>Phliasium,</span> <span class='ocrx_word' id='word_1_119' title='bbox 1079 2155 1135 2218; x_wconf 86' lang='lat' dir='ltr'>sed</span> <span class='ocrx_word' id='word_1_120' title='bbox 1167 2160 1225 2217; x_wconf 88' lang='lat' dir='ltr'>aut</span> <span class='ocrx_word' id='word_1_121' title='bbox 1253 2153 1395 2220; x_wconf 90' lang='lat' dir='ltr'>Pelle·</span> 
     </span>
     <span class='ocr_line' id='line_1_18' title="bbox 199 2252 1394 2345; baseline 0 -17"><span class='ocrx_word' id='word_1_122' title='bbox 199 2252 203 2259; x_wconf 48' lang='lat'>⁵</span> <span class='ocrx_word' id='word_1_123' title='bbox 238 2284 399 2328; x_wconf 85' lang='lat' dir='ltr'>ncnsem</span> <span class='ocrx_word' id='word_1_124' title='bbox 433 2263 618 2345; x_wconf 88' lang='lat' dir='ltr'>scripsisse,</span> <span class='ocrx_word' id='word_1_125' title='bbox 657 2267 695 2324; x_wconf 88' lang='lat' dir='ltr'>ut</span> <span class='ocrx_word' id='word_1_126' title='bbox 727 2259 792 2323; x_wconf 88' lang='lat' dir='ltr'>lac.</span> <span class='ocrx_word' id='word_1_127' title='bbox 824 2261 1009 2324; x_wconf 78' lang='lat' dir='ltr'>Gronovius</span> <span class='ocrx_word' id='word_1_128' title='bbox 1043 2260 1141 2325; x_wconf 91' lang='lat' dir='ltr'>scribi</span> <span class='ocrx_word' id='word_1_129' title='bbox 1174 2261 1291 2339; x_wconf 91' lang='lat' dir='ltr'>voluit,</span> <span class='ocrx_word' id='word_1_130' title='bbox 1331 2268 1394 2328; x_wconf 87' lang='lat' dir='ltr'>aut</span> 
     </span>
     <span class='ocr_line' id='line_1_19' title="bbox 238 2366 1069 2453; baseline -0.006 -18"><span class='ocrx_word' id='word_1_131' title='bbox 238 2370 603 2453; x_wconf 78' lang='lat' dir='ltr'>Sicyoniorumqne</span> <span class='ocrx_word' id='word_1_132' title='bbox 626 2403 669 2413; x_wconf 97' lang='lat'>—</span> <span class='ocrx_word' id='word_1_133' title='bbox 693 2374 730 2430; x_wconf 89' lang='lat' dir='ltr'>ct</span> <span class='ocrx_word' id='word_1_134' title='bbox 752 2366 1069 2447; x_wconf 79' lang='lat' dir='ltr'>l’hliasioruvn.¹)</span> 
     </span>
    </p>

    <p class='ocr_par' dir='ltr' id='par_1_3' title="bbox 237 2473 1394 3201">
     <span class='ocr_line' id='line_1_20' title="bbox 325 2473 1392 2560; baseline 0.003 -20"><span class='ocrx_word' id='word_1_135' title='bbox 325 2474 402 2560; x_wconf 87' lang='lat' dir='ltr'>Cap.</span> <span class='ocrx_word' id='word_1_136' title='bbox 428 2480 482 2555; x_wconf 82' lang='lat'>18,</span> <span class='ocrx_word' id='word_1_137' title='bbox 511 2480 545 2538; x_wconf 82' lang='lat'>7:</span> <span class='ocrx_word' id='word_1_138' title='bbox 582 2473 774 2537; x_wconf 86' lang='lat' dir='ltr'>Omnibus</span> <span class='ocrx_word' id='word_1_139' title='bbox 804 2496 847 2536; x_wconf 83' lang='lat' dir='ltr'>cx</span> <span class='ocrx_word' id='word_1_140' title='bbox 876 2473 1081 2556; x_wconf 71' lang='lat' dir='ltr'>praesidiis</span> <span class='ocrx_word' id='word_1_141' title='bbox 1109 2510 1149 2520; x_wconf 93' lang='lat'><em>-</em></span> <span class='ocrx_word' id='word_1_142' title='bbox 1175 2476 1392 2543; x_wconf 77' lang='lat' dir='ltr'>devocatis</span> 
     </span>
     <span class='ocr_line' id='line_1_21' title="bbox 239 2580 1392 2666; baseline 0.001 -18"><span class='ocrx_word' id='word_1_143' title='bbox 239 2590 278 2649; x_wconf 90' lang='lat' dir='ltr'>et</span> <span class='ocrx_word' id='word_1_144' title='bbox 307 2583 354 2647; x_wconf 90' lang='lat' dir='ltr'>ab</span> <span class='ocrx_word' id='word_1_145' title='bbox 384 2584 475 2666; x_wconf 91' lang='lat' dir='ltr'>ipsa</span> <span class='ocrx_word' id='word_1_146' title='bbox 497 2582 762 2646; x_wconf 88' lang='lat' dir='ltr'>Stratonicea</span> <span class='ocrx_word' id='word_1_147' title='bbox 784 2580 1070 2645; x_wconf 85' lang='lat' dir='ltr'>Thessalorum</span> <span class='ocrx_word' id='word_1_148' title='bbox 1099 2582 1392 2649; x_wconf 84' lang='lat' dir='ltr'>auxiliaribus.</span> 
     </span>
     <span class='ocr_line' id='line_1_22' title="bbox 237 2688 1393 2772; baseline 0 -18"><span class='ocrx_word' id='word_1_149' title='bbox 237 2690 342 2755; x_wconf 91' lang='lat' dir='ltr'>Nimis</span> <span class='ocrx_word' id='word_1_150' title='bbox 371 2689 457 2753; x_wconf 89' lang='lat' dir='ltr'>nude</span> <span class='ocrx_word' id='word_1_151' title='bbox 488 2709 622 2752; x_wconf 89' lang='lat' dir='ltr'>omnes</span> <span class='ocrx_word' id='word_1_152' title='bbox 645 2688 799 2751; x_wconf 89' lang='lat' dir='ltr'>dicuntur</span> <span class='ocrx_word' id='word_1_153' title='bbox 821 2690 1040 2772; x_wconf 85' lang='lat' dir='ltr'>eontrariique</span> <span class='ocrx_word' id='word_1_154' title='bbox 1063 2697 1229 2771; x_wconf 88' lang='lat' dir='ltr'>ponuntur</span> <span class='ocrx_word' id='word_1_155' title='bbox 1251 2688 1393 2755; x_wconf 78' lang='lat' dir='ltr'>auxilia·</span> 
     </span>
     <span class='ocr_line' id='line_1_23' title="bbox 238 2794 1394 2881; baseline 0.002 -20"><span class='ocrx_word' id='word_1_156' title='bbox 238 2796 338 2861; x_wconf 89' lang='lat' dir='ltr'>ribus.</span> <span class='ocrx_word' id='word_1_157' title='bbox 398 2794 473 2859; x_wconf 89' lang='lat' dir='ltr'>Sine</span> <span class='ocrx_word' id='word_1_158' title='bbox 503 2794 603 2860; x_wconf 92' lang='lat' dir='ltr'>dubio</span> <span class='ocrx_word' id='word_1_159' title='bbox 633 2795 856 2860; x_wconf 86' lang='lat' dir='ltr'>scribendum:</span> <span class='ocrx_word' id='word_1_160' title='bbox 891 2796 1076 2861; x_wconf 83' lang='lat' dir='ltr'>ovnnibus</span> <span class='ocrx_word' id='word_1_161' title='bbox 1107 2796 1325 2881; x_wconf 82' lang='lat' dir='ltr'>praesidiis,</span> <span class='ocrx_word' id='word_1_162' title='bbox 1354 2804 1394 2863; x_wconf 89' lang='lat' dir='ltr'>ut</span> 
     </span>
     <span class='ocr_line' id='line_1_24' title="bbox 238 2902 1392 2986; baseline 0.001 -19"><span class='ocrx_word' id='word_1_163' title='bbox 238 2903 383 2984; x_wconf 92' lang='lat' dir='ltr'>undiquc</span> <span class='ocrx_word' id='word_1_164' title='bbox 405 2910 477 2966; x_wconf 89' lang='lat' dir='ltr'>tota</span> <span class='ocrx_word' id='word_1_165' title='bbox 499 2903 652 2986; x_wconf 88' lang='lat' dir='ltr'>praesidia</span> <span class='ocrx_word' id='word_1_166' title='bbox 675 2904 834 2968; x_wconf 79' lang='lat' dir='ltr'>devocata</span> <span class='ocrx_word' id='word_1_167' title='bbox 856 2903 1100 2985; x_wconf 86' lang='lat' dir='ltr'>intellegantur.</span> <span class='ocrx_word' id='word_1_168' title='bbox 1135 2902 1258 2985; x_wconf 78' lang='lat'>(1863.)</span> <span class='ocrx_word' id='word_1_169' title='bbox 1292 2902 1309 2985; x_wconf 61' lang='grc' dir='ltr'>ᾗ</span> <span class='ocrx_word' id='word_1_170' title='bbox 1335 2908 1392 2969; x_wconf 85' lang='lat'>16:</span> 
     </span>
     <span class='ocr_line' id='line_1_25' title="bbox 238 3010 1393 3093; baseline 0.002 -18"><span class='ocrx_word' id='word_1_171' title='bbox 238 3010 315 3075; x_wconf 89' lang='lat' dir='ltr'>Diu</span> <span class='ocrx_word' id='word_1_172' title='bbox 339 3030 488 3093; x_wconf 86' lang='lat' dir='ltr'>anceps</span> <span class='ocrx_word' id='word_1_173' title='bbox 510 3032 641 3093; x_wconf 84' lang='lat' dir='ltr'>pugna</span> <span class='ocrx_word' id='word_1_174' title='bbox 663 3013 783 3076; x_wconf 89' lang='lat' dir='ltr'>stetit</span> <span class='ocrx_word' id='word_1_175' title='bbox 806 3010 1021 3091; x_wconf 85' lang='lat' dir='ltr'>(Rhodiorum</span> <span class='ocrx_word' id='word_1_176' title='bbox 1043 3017 1077 3075; x_wconf 91' lang='lat' dir='ltr'>et</span> <span class='ocrx_word' id='word_1_177' title='bbox 1101 3011 1292 3077; x_wconf 69' lang='lat' dir='ltr'>Achaeorum</span> <span class='ocrx_word' id='word_1_178' title='bbox 1316 3031 1393 3077; x_wconf 86' lang='lat' dir='ltr'>cum</span> 
     </span>
     <span class='ocr_line' id='line_1_26' title="bbox 238 3117 1393 3201; baseline 0.001 -19"><span class='ocrx_word' id='word_1_179' title='bbox 238 3118 473 3183; x_wconf 85' lang='lat' dir='ltr'>Macedonibus</span> <span class='ocrx_word' id='word_1_180' title='bbox 503 3139 606 3201; x_wconf 89' lang='lat' dir='ltr'>prope</span> <span class='ocrx_word' id='word_1_181' title='bbox 634 3117 832 3198; x_wconf 85' lang='lat' dir='ltr'>Alabanda).</span> <span class='ocrx_word' id='word_1_182' title='bbox 889 3117 1063 3182; x_wconf 90' lang='lat' dir='ltr'>Numero</span> <span class='ocrx_word' id='word_1_183' title='bbox 1098 3118 1245 3197; x_wconf 81' lang='lat' dir='ltr'>Achai,</span> <span class='ocrx_word' id='word_1_184' title='bbox 1279 3117 1393 3183; x_wconf 87' lang='lat' dir='ltr'>mille</span> 
     </span>
    </p>

    <p class='ocr_par' dir='ltr' id='par_1_4' title="bbox 153 3214 1394 3951">
     <span class='ocr_line' id='line_1_27' title="bbox 153 3214 1391 3308; baseline -0.002 -17"><span class='ocrx_word' id='word_1_185' title='bbox 153 3238 224 3303; x_wconf 74' lang='lat'><strong>(388)</strong></span> <span class='ocrx_word' id='word_1_186' title='bbox 243 3233 282 3289; x_wconf 88' lang='lat' dir='ltr'>et</span> <span class='ocrx_word' id='word_1_187' title='bbox 310 3225 407 3307; x_wconf 76' lang='lat' dir='ltr'>ipsi,</span> <span class='ocrx_word' id='word_1_188' title='bbox 442 3214 765 3306; x_wconf 86' lang='lat' dir='ltr'>quadringentos</span> <span class='ocrx_word' id='word_1_189' title='bbox 799 3224 889 3288; x_wconf 92' lang='lat' dir='ltr'>luco</span> <span class='ocrx_word' id='word_1_190' title='bbox 918 3226 1112 3308; x_wconf 88' lang='lat' dir='ltr'>pepulere</span> <span class='ocrx_word' id='word_1_191' title='bbox 1142 3226 1203 3306; x_wconf 87' lang='lat' dir='ltr'>(sic</span> <span class='ocrx_word' id='word_1_192' title='bbox 1229 3232 1320 3289; x_wconf 83' lang='lat' dir='ltr'>recte</span> <span class='ocrx_word' id='word_1_193' title='bbox 1346 3224 1391 3305; x_wconf 91' lang='lat' dir='ltr'>B;</span> 
     </span>
     <span class='ocr_line' id='line_1_28' title="bbox 239 3329 1392 3415; baseline -0.003 -17"><span class='ocrx_word' id='word_1_194' title='bbox 239 3332 433 3415; x_wconf 83' lang='lat' dir='ltr'>expulere</span> <span class='ocrx_word' id='word_1_195' title='bbox 456 3332 504 3409; x_wconf 88' lang='lat' dir='ltr'>M,</span> <span class='ocrx_word' id='word_1_196' title='bbox 539 3332 656 3397; x_wconf 89' lang='lat' dir='ltr'>saltem</span> <span class='ocrx_word' id='word_1_197' title='bbox 686 3331 735 3395; x_wconf 90' lang='lat' dir='ltr'>cd.</span> <span class='ocrx_word' id='word_1_198' title='bbox 759 3330 869 3411; x_wconf 60' lang='lat' dir='ltr'>Meg).</span> <span class='ocrx_word' id='word_1_199' title='bbox 921 3329 1050 3397; x_wconf 74' lang='lat' dir='ltr'>Vitiosa</span> <span class='ocrx_word' id='word_1_200' title='bbox 1077 3334 1185 3397; x_wconf 88' lang='lat' dir='ltr'>oratio</span> <span class='ocrx_word' id='word_1_201' title='bbox 1214 3340 1279 3410; x_wconf 89' lang='lat' dir='ltr'>est;</span> <span class='ocrx_word' id='word_1_202' title='bbox 1312 3351 1392 3395; x_wconf 87' lang='lat' dir='ltr'>nam</span> 
     </span>
     <span class='ocr_line' id='line_1_29' title="bbox 239 3437 1393 3523; baseline -0.002 -18"><span class='ocrx_word' id='word_1_203' title='bbox 239 3449 279 3505; x_wconf 88' lang='lat' dir='ltr'>et</span> <span class='ocrx_word' id='word_1_204' title='bbox 301 3440 381 3523; x_wconf 91' lang='lat' dir='ltr'>ipsi</span> <span class='ocrx_word' id='word_1_205' title='bbox 405 3438 584 3522; x_wconf 79' lang='lat' dir='ltr'>significat,</span> <span class='ocrx_word' id='word_1_206' title='bbox 612 3437 807 3503; x_wconf 75' lang='lat' dir='ltr'>Achaeorum</span> <span class='ocrx_word' id='word_1_207' title='bbox 835 3437 974 3502; x_wconf 87' lang='lat' dir='ltr'>eundem</span> <span class='ocrx_word' id='word_1_208' title='bbox 997 3439 1097 3503; x_wconf 88' lang='lat' dir='ltr'>fuisse</span> <span class='ocrx_word' id='word_1_209' title='bbox 1120 3460 1304 3517; x_wconf 89' lang='lat' dir='ltr'>numerum,</span> <span class='ocrx_word' id='word_1_210' title='bbox 1332 3439 1393 3522; x_wconf 92' lang='lat' dir='ltr'>qui</span> 
     </span>
     <span class='ocr_line' id='line_1_30' title="bbox 239 3544 1394 3630; baseline -0.001 -19"><span class='ocrx_word' id='word_1_211' title='bbox 239 3547 502 3611; x_wconf 86' lang='lat' dir='ltr'>adversariorum</span> <span class='ocrx_word' id='word_1_212' title='bbox 536 3546 684 3629; x_wconf 84' lang='lat' dir='ltr'>proxime</span> <span class='ocrx_word' id='word_1_213' title='bbox 717 3545 881 3609; x_wconf 91' lang='lat' dir='ltr'>indicatus</span> <span class='ocrx_word' id='word_1_214' title='bbox 917 3546 969 3608; x_wconf 92' lang='lat' dir='ltr'>sit.</span> <span class='ocrx_word' id='word_1_215' title='bbox 1024 3546 1068 3609; x_wconf 89' lang='lat' dir='ltr'>At</span> <span class='ocrx_word' id='word_1_216' title='bbox 1095 3567 1200 3627; x_wconf 88' lang='lat' dir='ltr'>neque</span> <span class='ocrx_word' id='word_1_217' title='bbox 1230 3544 1394 3630; x_wconf 82' lang='lat' dir='ltr'>praecedit</span> 
     </span>
     <span class='ocr_line' id='line_1_31' title="bbox 238 3652 1393 3737; baseline 0.002 -20"><span class='ocrx_word' id='word_1_218' title='bbox 238 3655 385 3737; x_wconf 82' lang='lat' dir='ltr'>proxime</span> <span class='ocrx_word' id='word_1_219' title='bbox 408 3654 672 3718; x_wconf 85' lang='lat' dir='ltr'>adversariorum</span> <span class='ocrx_word' id='word_1_220' title='bbox 690 3652 818 3716; x_wconf 88' lang='lat' dir='ltr'>numeri</span> <span class='ocrx_word' id='word_1_221' title='bbox 835 3652 957 3716; x_wconf 88' lang='lat' dir='ltr'>mentio</span> <span class='ocrx_word' id='word_1_222' title='bbox 976 3658 1009 3716; x_wconf 90' lang='lat' dir='ltr'>et</span> <span class='ocrx_word' id='word_1_223' title='bbox 1026 3672 1065 3716; x_wconf 88' lang='lat' dir='ltr'>ea</span> <span class='ocrx_word' id='word_1_224' title='bbox 1082 3653 1155 3734; x_wconf 89' lang='lat' dir='ltr'>ipsa</span> <span class='ocrx_word' id='word_1_225' title='bbox 1171 3674 1271 3718; x_wconf 87' lang='lat' dir='ltr'>causa</span> <span class='ocrx_word' id='word_1_226' title='bbox 1288 3652 1393 3719; x_wconf 85' lang='lat' dir='ltr'>fuisse</span> 
     </span>
     <span class='ocr_line' id='line_1_32' title="bbox 240 3758 1392 3841; baseline -0.001 -15"><span class='ocrx_word' id='word_1_227' title='bbox 240 3761 375 3840; x_wconf 89' lang='lat' dir='ltr'>dicitnr,</span> <span class='ocrx_word' id='word_1_228' title='bbox 409 3782 469 3825; x_wconf 91' lang='lat' dir='ltr'>cnr</span> <span class='ocrx_word' id='word_1_229' title='bbox 492 3759 602 3824; x_wconf 82' lang='lat' dir='ltr'>Achai</span> <span class='ocrx_word' id='word_1_230' title='bbox 629 3760 810 3836; x_wconf 84' lang='lat' dir='ltr'>vincerent,</span> <span class='ocrx_word' id='word_1_231' title='bbox 845 3758 934 3841; x_wconf 93' lang='lat' dir='ltr'>quod</span> <span class='ocrx_word' id='word_1_232' title='bbox 962 3759 1025 3841; x_wconf 92' lang='lat' dir='ltr'>ipsi</span> <span class='ocrx_word' id='word_1_233' title='bbox 1047 3758 1175 3841; x_wconf 89' lang='lat' dir='ltr'>plures,</span> <span class='ocrx_word' id='word_1_234' title='bbox 1209 3760 1392 3825; x_wconf 91' lang='lat' dir='ltr'>adversarii</span> 
     </span>
     <span class='ocr_line' id='line_1_33' title="bbox 238 3865 1392 3951; baseline 0 -20"><span class='ocrx_word' id='word_1_235' title='bbox 238 3874 369 3933; x_wconf 88' lang='lat' dir='ltr'>tantum</span> <span class='ocrx_word' id='word_1_236' title='bbox 393 3867 448 3933; x_wconf 85' lang='lat' dir='ltr'>CD</span> <span class='ocrx_word' id='word_1_237' title='bbox 472 3866 601 3932; x_wconf 85' lang='lat' dir='ltr'>luerint.</span> <span class='ocrx_word' id='word_1_238' title='bbox 635 3868 672 3931; x_wconf 94' lang='lat' dir='ltr'>In</span> <span class='ocrx_word' id='word_1_239' title='bbox 694 3866 722 3930; x_wconf 93' lang='lat' dir='ltr'>B</span> <span class='ocrx_word' id='word_1_240' title='bbox 746 3866 916 3931; x_wconf 89' lang='lat' dir='ltr'>scribitur:</span> <span class='ocrx_word' id='word_1_241' title='bbox 940 3865 1069 3931; x_wconf 68' lang='lat' dir='ltr'>Achai</span> <span class='ocrx_word' id='word_1_242' title='bbox 1092 3873 1131 3932; x_wconf 88' lang='lat' dir='ltr'>et</span> <span class='ocrx_word' id='word_1_243' title='bbox 1153 3868 1245 3951; x_wconf 91' lang='lat' dir='ltr'>ipsi,</span> <span class='ocrx_word' id='word_1_244' title='bbox 1271 3867 1392 3932; x_wconf 85' lang='lat' dir='ltr'>omisso</span> 
     </span>
    </p>
   </div>
   <div class='ocr_carea' id='block_1_3' title="bbox 269 4117 1393 4270">
    <p class='ocr_par' dir='ltr' id='par_1_5' title="bbox 269 4117 1393 4270">
     <span class='ocr_line' id='line_1_34' title="bbox 269 4117 1393 4190; baseline 0 -17"><span class='ocrx_word' id='word_1_245' title='bbox 269 4117 328 4186; x_wconf 61' lang='grc' dir='ltr'>Ἡ</span> <span class='ocrx_word' id='word_1_246' title='bbox 354 4121 370 4172; x_wconf 81' lang='grc'><strong>7</strong></span> <span class='ocrx_word' id='word_1_247' title='bbox 398 4120 427 4172; x_wconf 89' lang='lat' dir='ltr'>in</span> <span class='ocrx_word' id='word_1_248' title='bbox 454 4134 545 4173; x_wconf 83' lang='lat' dir='ltr'>meam</span> <span class='ocrx_word' id='word_1_249' title='bbox 577 4117 802 4175; x_wconf 78' lang='lat' dir='ltr'>emendationem</span> <span class='ocrx_word' id='word_1_250' title='bbox 828 4118 879 4184; x_wconf 84' lang='lat' dir='ltr'>(ab</span> <span class='ocrx_word' id='word_1_251' title='bbox 908 4119 1064 4185; x_wconf 82' lang='lat' dir='ltr'>Cleonis,</span> <span class='ocrx_word' id='word_1_252' title='bbox 1098 4118 1200 4190; x_wconf 85' lang='lat' dir='ltr'>Opusc.</span> <span class='ocrx_word' id='word_1_253' title='bbox 1222 4118 1252 4174; x_wconf 92' lang='lat'>11</span> <span class='ocrx_word' id='word_1_254' title='bbox 1279 4136 1306 4187; x_wconf 90' lang='lat' dir='ltr'>p.</span> <span class='ocrx_word' id='word_1_255' title='bbox 1329 4120 1393 4185; x_wconf 76' lang='grc'><strong>868)</strong></span> 
     </span>
     <span class='ocr_line' id='line_1_35' title="bbox 308 4203 803 4270; baseline 0.01 -15"><span class='ocrx_word' id='word_1_256' title='bbox 308 4208 408 4270; x_wconf 84' lang='lat' dir='ltr'>postea</span> <span class='ocrx_word' id='word_1_257' title='bbox 427 4203 675 4257; x_wconf 79' lang='lat' dir='ltr'>Weissenbornius</span> <span class='ocrx_word' id='word_1_258' title='bbox 693 4204 803 4260; x_wconf 78' lang='lat' dir='ltr'>incidit</span> 
     </span>
    </p>
   </div>
   <div class='ocr_carea' id='block_1_4' title="bbox 0 0 1536 5272">
    <p class='ocr_par' dir='ltr' id='par_1_6' title="bbox 0 0 1536 5272">
     <span class='ocr_line' id='line_1_36' title="bbox 0 0 1536 5272; baseline 0 0"><span class='ocrx_word' id='word_1_259' title='bbox 0 0 1536 5272; x_wconf 95' lang='lat' dir='ltr'> </span> 
     </span>
    </p>
   </div>
  </div>
 </body>
</html>
