3060 5272
217 296 280 353 Lm.
297 297 319 353 1
773 285 814 347 58

218 470 304 536 Nam
326 469 367 535 de
389 469 437 550 11,
467 473 522 549 56,
550 474 571 533 4
599 476 634 535 et
655 469 748 550 VIII,
778 475 813 550 9,
842 474 877 551 7,
906 476 976 535 tum
1006 470 1046 537 de
1075 469 1213 550 XXVII,
1240 473 1299 551 47,
1332 474 1372 535 10

218 579 396 664 separatim
418 577 556 644 dicetur.
601 577 725 661 (1861.)

305 685 402 772 *Cap
431 690 488 766 40,
524 689 558 751 3:
599 694 644 753 ut
677 689 718 752 in
746 685 884 752 eadem
913 687 1085 752 civitate
1112 692 1206 771 post
1233 691 1373 751 cente·
1451 684 1454 689 ’

220 797 361 861 simum
393 795 480 861 fere
509 817 653 862 annum
682 815 796 879 quam
824 795 1018 860 Romulus
1046 794 1119 862 deo
1146 800 1373 879 prognatus

220 905 318 970 deus
348 905 435 988 ipse
463 906 646 971 tenuerit
667 925 844 987 regnum,
874 904 1002 970 donec
1023 905 1064 969 in
1086 904 1211 969 terris
1233 902 1372 982 fuerit,

220 1014 260 1079 id
287 1034 429 1079 servus
458 1033 574 1077 serva
597 1020 716 1078 natus
739 1012 962 1097 possideat.
1011 1012 1118 1077 Huius
1140 1011 1205 1078 looi
1226 1018 1261 1077 et
1282 1032 1374 1077 men·

220 1123 296 1188 dum
325 1128 360 1187 et
381 1122 617 1186 correctionem
641 1121 801 1187 orationis
822 1120 928 1185 forma
949 1120 1141 1186 certissimis
1162 1119 1293 1185 indioiis
1317 1119 1374 1185 de·

219 1237 391 1295 monstrat.
451 1228 537 1294 Nam
576 1250 677 1312 quum
716 1230 958 1295 contrariorum
991 1229 1237 1313 comparatione
1269 1228 1374 1293 totius

219 1339 377 1403 orationis
400 1338 608 1403 contineatur
629 1338 773 1422 pondus,
802 1337 930 1402 Livium
952 1357 1007 1402 eas
1030 1337 1226 1416 sententias,
1254 1335 1375 1419 quibus

219 1447 386 1512 contraria
407 1451 566 1512 notantur
584 1444 671 1526 (deo
694 1452 918 1531 prognatus
941 1445 1039 1511 deus
1062 1446 1151 1530 ipse
1174 1452 1208 1511 et
1230 1465 1373 1511 servus

219 1575 337 1620 serva
359 1553 513 1634 natus),
542 1554 629 1618 inter
652 1574 687 1618 se
710 1554 935 1633 coniunxisse,
964 1574 1029 1619 non
1052 1554 1192 1620 alteram
1213 1553 1373 1638 temporis

220 1663 384 1728 notationi
412 1661 694 1745 superaddidisse,
729 1668 883 1746 apparet,
918 1668 952 1727 et
980 1663 1009 1727 si
1038 1683 1097 1747 per
1125 1684 1160 1728 se
1182 1682 1248 1727 non
1270 1682 1376 1747 appa·

218 1776 320 1848 reret,
355 1768 543 1834 ostenderet
575 1770 716 1853 primum
743 1790 923 1853 pronomen
950 1769 990 1834 id
1013 1770 1107 1835 initio
1131 1770 1302 1836 sententioe
1326 1768 1372 1835 sd

220 1879 461 1944 contrariorum
483 1879 686 1944 notationem
708 1877 946 1960 insigniendum
968 1879 1124 1963 positum,
1147 1899 1244 1961 quem
1264 1877 1375 1943 locum

221 2008 307 2051 nune
330 1985 415 2051 male
438 1991 551 2052 tuetur
574 1985 762 2068 (dicendum
785 1987 870 2052 enim
889 1991 974 2051 erat:
998 1995 1091 2071 post
1113 1987 1376 2052 centesimum

222 2115 375 2173 anuum,
407 2113 523 2177 quam
545 2093 738 2160 Romulus
760 2130 803 2141 —
825 2094 1009 2161 tenuerit
1029 2115 1203 2177 regnum,
1233 2114 1375 2159 servus

221 2227 247 2269 s.
271 2224 302 2267 n.
326 2202 367 2268 id
389 2202 630 2287 possideat),
654 2202 773 2269 deinde
795 2202 909 2268 addita
931 2202 1003 2268 illa:
1039 2203 1165 2269 donee
1186 2203 1226 2267 in
1247 2203 1375 2268 terris

221 2312 363 2391 tuerit,
398 2333 470 2395 quae
504 2332 640 2396 prorsus
674 2311 786 2376 inania
815 2319 849 2377 et
876 2332 1033 2396 perversa
1062 2312 1196 2377 suntin
1217 2312 1376 2395 temporis

222 2420 398 2485 intervallo
439 2419 586 2485 notando
626 2420 733 2503 (post
778 2421 1043 2485 centesimum
1082 2441 1225 2485 annum
1263 2439 1379 2502 quam

223 2527 416 2594 Romulus
444 2528 629 2593 tenuerit
657 2548 837 2611 regnum,
867 2527 992 2594 donec
1014 2529 1054 2593 in
1077 2529 1203 2594 terris
1224 2526 1377 2610 fuerit).

222 2636 339 2719 Itaque
368 2636 430 2701 hac
454 2635 564 2701 Livius
587 2657 667 2701 usus
690 2642 742 2700 est
763 2637 924 2702 orationis
946 2635 1069 2702 forma:
1104 2643 1148 2702 ut
1176 2637 1215 2700 in
1238 2635 1378 2702 eadem

224 2744 398 2809 civitate
431 2752 523 2827 post
556 2745 820 2808 centesimum
853 2743 938 2809 fere
972 2765 1131 2825 annum,
1170 2744 1268 2822 qud
1301 2744 1379 2809 Ro·

224 2852 356 2917 mulus
389 2851 462 2918 deo
495 2857 720 2936 prognatus
750 2851 847 2917 deus
876 2853 965 2936 ipse
993 2853 1177 2918 tenuerit
1202 2872 1378 2936 regnum,

225 2959 352 3025 donee
374 2960 414 3025 iu
437 2961 563 3026 terris
584 2960 722 3040 fuerit,
746 2959 786 3024 id
808 2981 949 3026 sersus
971 2981 1090 3027 servs
1110 2968 1229 3027 uatus
1250 2961 1379 3045 possi·

154 3079 208 3149 (48)
228 3066 330 3133 dest.
387 3066 449 3146 Qui
478 3070 632 3148 mutavit,
667 3068 848 3134 dormitans
870 3090 983 3136 vocem
1005 3069 1177 3135 relativam
1198 3089 1379 3136 accommo-

224 3177 315 3241 davit
343 3175 386 3242 ad
413 3178 573 3261 temporis
602 3178 806 3243 notationem
836 3176 944 3262 (post
971 3199 998 3243 c.
1029 3177 1090 3260 a),
1125 3197 1197 3262 que
1225 3176 1378 3242 absolute

223 3286 357 3369 ponitur
384 3284 580 3367 (interiectis
609 3293 740 3353 centum
762 3285 882 3369 annis).
938 3285 1029 3352 Idem
1061 3285 1215 3352 mendum
1248 3283 1380 3368 (quum

224 3415 284 3479 pro
313 3393 432 3477 quod)
461 3394 644 3461 tollendum
667 3395 730 3460 erit
753 3394 817 3474 111,
846 3399 904 3474 56,
935 3397 984 3460 12.
1039 3393 1165 3460 Eodem
1187 3394 1295 3478 capite
1319 3391 1336 3477 ἓ
1360 3397 1379 3457 5

224 3523 284 3586 pro
312 3523 367 3580 eo,
400 3502 489 3585 quod
517 3524 534 3569 e
557 3503 726 3568 codicibus
755 3508 919 3568 servatur:
953 3503 994 3567 in
1022 3502 1230 3568 vestibulo
1257 3501 1379 3584 regiae

224 3630 340 3693 quam
375 3616 545 3694 potuere
579 3609 957 3676 tumultuosissime
986 3611 1123 3694 speeie
1150 3611 1246 3676 rixae
1275 3610 1379 3675 inse

225 3740 361 3784 omnes
395 3719 664 3803 apparitores
696 3718 833 3801 regios
867 3723 1129 3798 convertunt,
1170 3717 1380 3785 scribendum

224 3825 355 3892 videtur
376 3824 467 3892 nulla
488 3846 590 3910 prope
608 3827 806 3892 mutatione:
830 3846 946 3909 quam
968 3831 1137 3910 potuere
1159 3826 1380 3893 tumultuo-

225 3936 398 4001 sissime
432 3935 570 4018 specie
599 3935 711 4016 rixae3
746 3955 822 4000 nam
849 3934 1104 4001 tumultuose
1132 3934 1310 4019 aliquem
1339 3935 1380 3999 in

227 4064 269 4108 se
303 4050 543 4109 convertere
571 4045 623 4108 vix
651 4049 741 4109 reete
771 4041 908 4124 dioitur;
941 4043 1142 4110 tumultuose
1170 4045 1317 4110 rixantes
1345 4043 1380 4107 in

226 4173 260 4217 se
283 4151 367 4217 alios
390 4159 592 4219 convertunt.
649 4150 699 4235 (C.
723 4157 779 4231 55,
809 4155 828 4217 7
850 4151 885 4217 Μ
906 4152 1136 4237 Pomptino,
1164 4151 1190 4216 P
1212 4151 1380 4236 Promp-
