3060 5272
240 339 303 396 666.
321 337 408 395 6666.
442 382 453 409 ,
785 327 847 390 646

239 519 295 578 tur
334 512 443 578 Livius
484 512 671 596 scripsisse:
716 511 966 596 perduxerat
1010 511 1201 593 Rhodios,
1246 517 1291 578 ut
1329 519 1395 580 cet.

239 621 351 687 Etiam
367 620 462 701 XLV,
484 623 531 700 13,
548 624 586 685 12
609 640 669 704 pro
686 619 931 704 perduceret
953 621 1113 687 1666661166
1130 622 1289 688 scribitur
1305 643 1394 708 per·

238 731 405 795 6166666.
451 726 624 813 [Potiusne
654 728 887 813 pervicerat
917 728 1023 814 apud
1045 729 1247 797 Rhodios?
1284 729 1395 815 1664]
1464 807 1467 811 ,

324 836 403 921 Cap.
427 841 478 917 46,
503 840 521 902 6
546 834 593 918 (in
615 856 775 921 responso
792 835 905 902 Persei
927 838 1045 922 legatis
1063 838 1105 905 ab
1123 837 1262 905 Rhodiis
1282 835 1395 922 dato):

238 945 406 1031 nequid
434 944 483 1011 ab
512 944 689 1010 Rhodiis
724 952 915 1028 speraret
947 944 1034 1029 (cod.
1063 945 1290 1032 separaret)
1324 953 1395 1014 aut

239 1059 402 1141 peteret
445 1075 530 1134 rex,
576 1052 680 1138 quod
729 1059 908 1119 veterem
957 1055 1199 1134 amicitiam,
1251 1056 1396 1122 multis

238 1164 478 1247 magnisque
510 1163 672 1229 meritis
701 1181 805 1246 pace
832 1160 1030 1247 belloque
1052 1169 1227 1247 partam,
1258 1164 1396 1229 diiun-

238 1278 353 1357 geret
388 1271 468 1338 sibi
501 1272 548 1337 ab
581 1271 783 1337 Romanis.
828 1270 992 1353 Perquam
1019 1272 1138 1337 mirum
1160 1272 1316 1356 loquendi
1338 1292 1394 1356 ge·

238 1403 311 1461 nus,
346 1380 560 1464 diiungore
593 1379 720 1445 alicui
743 1378 971 1444 amicitiam
997 1379 1045 1444 ab
1068 1379 1227 1464 aliqu0;
1251 1379 1398 1447 debebat

162 1474 166 1479 ⁵
240 1489 305 1555 dici
328 1510 413 1554 cum
441 1488 647 1567 Romanis:
682 1488 744 1553 etsi
772 1486 807 1551 id
830 1507 961 1570 quoque
984 1489 1091 1553 minus
1114 1489 1275 1554 usitatum
1296 1487 1396 1555 16666.

240 1596 306 1664 Sed
338 1597 448 1662 Livius
483 1598 674 1681 scripserat:
719 1593 958 1679 diiungeret
998 1596 1079 1662 sibi
1120 1616 1161 1660 aa
1194 1597 1396 1663 Romanis.

239 1707 322 1772 Tum
344 1703 375 1789 (5
395 1703 428 1787 7)
448 1704 671 1771 scribendum:
695 1703 877 1768 Boeotiae
900 1723 1058 1788 quoque
1082 1705 1276 1771 civitates
1300 1705 1396 1771 The·

238 1814 309 1881 bas
344 1821 384 1879 et
418 1812 640 1880 Coroneam
669 1820 708 1878 et
735 1811 986 1890 Haliartum,
1021 1812 1231 1894 adierunt:
1265 1813 1337 1879 cod.
1361 1819 1398 1879 66

239 1921 312 1988 edd.
336 1928 375 1988 66
398 1920 566 2001 Thebas,
590 1923 687 2004 quasi
711 1941 823 1987 omnes
841 1921 1025 1986 enumerari
1044 1921 1262 2004 significetur;
1286 1928 1395 1987 ortum

239 2036 280 2097 66
303 2052 342 2096 ex
365 2031 516 2115 sequenti
543 2029 600 2110 th,
629 2036 667 2095 ut
695 2050 720 2094 c.
747 2033 796 2110 37,
819 2035 849 2094 4.
895 2028 927 2113 [ᾖ
954 2033 980 2109 1,
1003 2028 1060 2094 ubi
1083 2028 1239 2113 Gryneus
1274 2029 1395 2095 edidit:

239 2138 538 2229 etHByzantium
562 2146 600 2205 et
623 2138 806 2205 Rhodum
828 2139 997 2204 litteras
1019 2138 1175 2220 legatis
1197 2138 1396 2204 ferendas

239 2246 368 2327 dedit,
392 2249 425 2313 in
456 2247 527 2315 cod.
562 2255 626 2315 est:
657 2254 690 2314 66
723 2247 759 2312 B.
795 2254 834 2313 et
867 2247 934 2313 Rh.
968 2253 1006 2312 66
1038 2247 1168 2330 legati
1203 2246 1398 2312 ferendas

240 2355 360 2422 dedit.
394 2357 566 2423 Excidisse
590 2356 741 2440 quaedam
764 2354 933 2422 Creverius
956 2353 1048 2434 vidit,
1072 2376 1210 2440 quorum
1233 2354 1303 2421 haec
1325 2354 1397 2421 1666

240 2466 404 2530 sententia
426 2465 503 2530 luit:
538 2472 577 2530 et
599 2464 838 2550 Byzantium
872 2472 910 2529 et
939 2463 1119 2529 Rhodum
1151 2465 1257 2529 etin
1288 2463 1397 2530 alias

240 2573 430 2636 civitates
453 2573 621 2639 litteras
645 2573 691 2638 de
716 2571 853 2637 eadem
875 2594 916 2638 re
940 2572 1115 2652 dimisit;
1148 2578 1219 2636 tum
1242 2570 1397 2637 subiicie-

238 2679 354 2744 batur:
388 2666 573 2746 Rhodum
607 2681 729 2746 etiam
756 2679 908 2763 legatis
938 2679 1130 2745 ferendas
1160 2678 1281 2745 dedit.
1328 2676 1395 2744 cfr.

240 2783 378 2867 §2-3:
413 2786 455 2852 ln
485 2788 644 2853 litteris
675 2787 812 2853 eadem
841 2790 1056 2854 sententia
1079 2788 1127 2853 ad
1151 2809 1283 2853 omnes
1307 2794 1398 2855 erat

239 2928 291 2960 -.
314 2895 427 2978 Apud
449 2895 626 2962 Rhodios
647 2895 775 2980 legati
793 2896 1041 2963 addiderunt
1059 2903 1119 2962 cet.
1157 2893 1263 2978 1666]

327 3001 406 3088 Cap.
430 3010 480 3085 47,
506 3008 524 3069 3
554 3003 625 3087 (ubi
650 3003 687 3082 Q.
711 3005 852 3071 Marcius
882 3012 915 3071 66
942 3006 979 3070 A.
1003 3005 1124 3071 Atilius
1147 3005 1330 3088 gloriantur
1353 3004 1396 3070 de

240 3111 378 3198 decepto
401 3136 460 3199 per
478 3113 623 3180 indutias
646 3121 679 3178 et
697 3135 789 3197 spem
805 3116 897 3198 pacis
914 3115 1046 3192 Perseo,
1069 3112 1159 3196 quod
1178 3114 1206 3178 16
1224 3113 1334 3179 omnia
1351 3111 1395 3178 ad

239 3221 362 3288 bellum
384 3229 571 3309 preparata
593 3221 756 3301 habuerit,
779 3223 917 3288 Romani
941 3222 1053 3304 nihil):
1089 3220 1230 3305 Spatio
1261 3227 1395 3287 autem

239 3330 491 3397 indutiarum
515 3336 688 3414 sumpto,
712 3337 926 3396 venturum
948 3331 1062 3395 illum
1085 3330 1216 3395 nihilo
1240 3331 1393 3414 parati·

241 3459 359 3519 orem,
384 3440 580 3505 Romanos
604 3439 787 3505 omnibus
809 3440 1109 3505 instructiores
1132 3438 1253 3504 rebus
1277 3459 1393 3522 coep·

240 3552 355 3613 turos
377 3547 534 3613 bellum.
569 3547 641 3613 Non
664 3554 755 3613 recto
778 3546 849 3614 loco
868 3549 1000 3630 ponitur
1023 3553 1243 3628 venturum3
1265 3567 1342 3611 nam
1358 3547 1394 3611 in

242 3656 406 3721 contrarie
428 3655 542 3721 relatis
565 3655 683 3720 illum
704 3657 797 3722 initio
821 3657 900 3740 poni
919 3654 1069 3721 debebat.
1105 3655 1170 3721 Sed
1188 3653 1395 3720 manifestius

240 3762 350 3829 mendi
372 3763 529 3829 indicium
552 3763 654 3829 codex
677 3763 810 3847 praebet,
833 3765 866 3828 in
890 3784 955 3848 quo
975 3765 1146 3830 scribitur:
1168 3800 1212 3808 -
1234 3768 1393 3847 sumpto

240 3871 297 3937 ha
320 3892 404 3937 cum
426 3878 638 3937 venturum
660 3872 774 3937 illum
797 3878 859 3937 cet,
904 3872 1120 3958 Perspicuum
1142 3877 1208 3951 est,
1231 3872 1393 3936 universae

131 3970 135 3977 ’
240 3981 288 4046 661
323 3979 551 4060 declarationi,
590 4000 662 4065 quae
696 3981 885 4065 continetur
916 3981 1041 4047 verbis:
1087 3979 1227 4063 Spatia
1261 4016 1304 4025 —
1336 3977 1392 4045 ha

239 4109 323 4154 cum
347 4095 565 4169 venturum,
589 4089 722 4171 adiungi
746 4088 996 4173 explicationem
1013 4088 1112 4154 hanc:
1135 4086 1252 4151 illum
1275 4087 1391 4168 (enim)

154 4207 224 4279 (667)
244 4195 374 4261 nihilo
398 4197 661 4281 paratiorem,
679 4197 876 4262 Romanos
895 4195 1078 4264 omnibus
1096 4196 1392 4260 instructiores

239 4303 359 4370 rebus
377 4309 594 4389 coepturos
616 4303 775 4370 bellum.
809 4303 879 4371 Nec
897 4304 1041 4370 dubitari
1060 4301 1156 4368 166116
1173 4309 1292 4387 666666,
1311 4303 1391 4387 quin
