3060 5272
239 340 420 396 nicanor.
773 304 849 389 ⁸416

240 514 378 596 legentis
401 513 638 593 scribentisque
662 513 772 576 animo
796 534 861 577 non
880 533 1057 578 occurrens
1074 512 1163 593 iecit,
1186 522 1224 579 ut
1245 514 1400 596 quibus

241 622 449 687 omitteretur
467 621 627 704 (praeter
650 620 839 684 consules
865 622 1168 705 praetoresque),
1189 621 1309 688 deinde
1326 625 1401 708 qui

240 729 421 794 adderetur
444 729 512 813 (pr.
538 749 636 792 coss.
660 734 940 810 praetoresque
962 727 1054 810 qui).

676 941 768 1022 Lib.
803 941 958 1023 XXIX.

327 1074 405 1158 Gap.
429 1081 465 1153 4,
493 1079 528 1138 8:
570 1074 608 1138 Is
632 1072 836 1154 (Masinissa)
867 1074 1050 1155 segniter
1082 1096 1164 1139 rem
1198 1077 1262 1159 agi
1298 1098 1399 1160 que·

241 1189 341 1260 stus,
365 1181 469 1264 quod
493 1187 573 1246 tum
596 1202 672 1245 non
695 1182 771 1245 iam
794 1181 1019 1245 exercitum
1042 1183 1081 1246 in
1103 1182 1289 1248 Africam
1311 1190 1398 1250 tra·

240 1292 420 1355 iecisset.
477 1290 516 1370 (P
545 1296 625 1354 tem
661 1311 737 1353 non
767 1290 992 1353 exercitum
1021 1291 1111 1367 iam,
1145 1291 1269 1356 additis
1297 1294 1398 1373 notis,

240 1398 362 1482 quibus
393 1399 469 1461 iam
498 1404 575 1462 ante
604 1397 827 1461 exercitum
854 1395 1042 1479 ponendum
1070 1418 1139 1462 esse
1168 1399 1398 1482 significatur.)

240 1505 344 1569 Prave
367 1505 538 1589 particulae
561 1512 744 1587 ponuntur3
773 1504 829 1585 qni
853 1505 950 1581 enim,
979 1503 1164 1585 quodiam
1188 1507 1278 1588 (iam
1300 1508 1398 1590 tum)

240 1613 362 1677 factum
388 1614 587 1696 oportuerit,
616 1635 680 1676 non
705 1632 777 1675 esse
800 1610 924 1675 factum
948 1613 1107 1693 queritur,
1130 1616 1318 1681 necessario
1341 1637 1399 1681 ne-

241 1723 408 1804 gationem
448 1721 618 1803 particulae
658 1721 735 1783 iam
775 1720 946 1802 praeponit.
1009 1719 1226 1786 Scribendum
1265 1724 1398 1807 opinor:

242 1829 348 1911 quod
382 1851 459 1892 non
493 1829 569 1891 iam
603 1828 824 1891 exereitum
858 1828 895 1890 in
923 1826 1104 1892 Africam
1137 1830 1399 1912 traiecisset;

241 1958 317 2001 nam
351 1946 431 2000 tam
465 1957 505 1999 ex
534 1936 609 1998 iam
642 1937 846 2018 transposito
881 1942 988 1999 ortum
1023 1936 1160 2001 videtur.
1219 1937 1282 2002 Sed
1313 1960 1399 2022 prae·

241 2053 334 2110 terea
362 2050 440 2127 post
462 2049 631 2125 questus
654 2041 841 2107 addendum
865 2050 927 2107 est
949 2042 1094 2123 videtur3
1124 2066 1229 2127 neque
1254 2047 1399 2112 enimin

240 2153 302 2218 hac
336 2153 494 2217 orationis
529 2150 635 2214 forma
671 2149 728 2231 (—
756 2148 977 2214 Masinissa
1006 2153 1133 2230 venit3
1168 2153 1200 2217 is
1228 2189 1271 2198 -
1299 2176 1398 2238 que·

242 2261 343 2341 stus)
369 2259 477 2323 omitti
500 2258 534 2321 id
557 2258 691 2322 verbum
714 2257 870 2340 potest.¹)

154 2387 226 2455 (341)
332 2367 410 2451 Cap.
435 2372 463 2445 5,
488 2370 521 2428 8:
547 2366 718 2429 Interim
741 2365 854 2447 Mago
878 2365 1035 2430 milites
1059 2366 1189 2431 Gallis
1213 2367 1398 2434 dimissis

241 2477 342 2542 clem
376 2496 447 2558 per
480 2495 600 2556 agros
635 2493 771 2536 eorum
806 2473 991 2537 mercede
1026 2475 1263 2540 conducere.
1319 2475 1398 2541 Ha‘c

239 2584 341 2648 verba
375 2579 560 2664 significant
589 2580 704 2644 Gallos
740 2579 891 2645 dimissos
925 2602 998 2645 csse
1032 2604 1092 2664 per
1126 2603 1221 2664 agros
1255 2583 1398 2649 militum

172 2736 175 2740 -
240 2692 349 2755 nescio
374 2689 468 2753 cuius
491 2689 613 2769 gentis3
642 2686 723 2750 nihil
746 2688 831 2750 enim
855 2689 946 2752 aliud
969 2695 1034 2768 est,
1064 2711 1128 2772 quo
1152 2692 1185 2754 in
1208 2690 1270 2755 hec
1294 2692 1398 2776 scrip-

240 2807 315 2863 tura
343 2797 506 2861 referatur
535 2817 679 2859 eorum.
735 2796 883 2878 Apparet
911 2803 1085 2879 praeterea,
1120 2797 1301 2879 aMagonc
1331 2821 1398 2864 non

240 2906 353 2971 Gallos
383 2905 536 2968 dimissos
566 2924 651 2980 esse,
695 2903 753 2966 sed
783 2903 909 2968 Poenos
945 2904 988 2968 ad
1011 2894 1124 2970 Gallos
1153 2905 1396 2971 conducendos.

240 3014 358 3077 l'erarn
382 3012 579 3094 scripturam
602 3010 727 3074 habent
750 3011 894 3075 codices:
918 3011 1089 3077 Interim
1105 3012 1138 3076 Μ
1146 3033 1220 3094 ago
1244 3013 1397 3078 militas

240 3121 398 3199 Gallos,
433 3119 614 3183 dimissis
646 3119 746 3182 clam
775 3140 845 3201 per
873 3141 993 3201 agros
1024 3142 1162 3184 eorum
1185 3120 1395 3202 (Gallorum),

239 3227 421 3293 mercede
445 3226 680 3292 conducere.
722 3225 853 3290 Felellit
877 3226 1021 3291 editores
1040 3227 1087 3309 (et
1104 3227 1276 3293 librarium
1294 3250 1394 3294 unum

268 3498 294 3565 ¹)
312 3498 378 3567 Gap.
400 3503 427 3565 1,
452 3500 498 3565 22,
521 3499 571 3552 ubi
594 3497 696 3551 editur:
725 3497 862 3566 trepida
886 3499 999 3552 omnia
1020 3504 1058 3552 ut
1080 3498 1298 3553 inconditam
1322 3504 1394 3553 tur·

308 3583 383 3635 bam
408 3582 559 3638 tironum
587 3600 672 3646 esse,
705 3582 856 3636 videndum
890 3600 926 3636 ne
959 3585 1043 3638 scribi
1072 3584 1187 3639 debeat:
1219 3589 1256 3638 nt
1282 3584 1316 3637 iu
1341 3584 1393 3638 in·

307 3667 450 3722 condita
469 3668 576 3720 turba.
606 3666 706 3735 (1863.)
750 3667 815 3737 Cap.
835 3670 859 3734 2,
881 3672 924 3721 ll:
952 3668 1022 3723 Iam
1040 3670 1182 3723 missum
1207 3686 1282 3723 esse
1302 3669 1341 3723 ab
1360 3685 1396 3723 ea

307 3752 505 3806 Cornelium
534 3751 687 3805 Servium
718 3754 874 3821 procella
905 3755 1061 3822 equestri
1092 3755 1212 3809 hostes
1246 3755 1394 3810 circum·

306 3836 469 3891 fusurum.
502 3837 543 3890 De
561 3837 688 3891 tollendo
707 3839 889 3906 prenomine,
909 3839 984 3907 quod
1001 3840 1132 3893 librarius
1151 3857 1166 3893 e
1185 3837 1201 3908 ξ
1219 3842 1236 3893 8
1254 3846 1396 3909 sumptum

307 3939 395 3991 pravo
414 3922 477 3976 loco
496 3922 615 3989 addidit,
634 3940 691 3977 non
710 3923 801 3978 dicam
819 3923 947 3993 pluribus
965 3925 1058 3979 verbis
1076 3924 1138 3991 (cfr.
1158 3942 1221 3993 quae
1238 3924 1396 3994 Lahmeyer

307 4008 462 4077 disputavit
471 4007 570 4061 Philcl.
581 4007 662 4061 XXII
672 4026 698 4077 p.
709 4011 760 4064 leo
769 4009 851 4077 sqq).
878 4008 964 4063 Esse
979 4015 1055 4064 recte
1066 4011 1220 4064 omiserant
1228 4010 1311 4064 codd.
1322 4027 1395 4066 rece.

307 4100 335 4146 et
361 4094 500 4147 editiones
518 4099 584 4148 ante
603 4092 876 4159 Weissenbornium;
903 4094 970 4147 iam
993 4093 1143 4148 manifesto
1163 4113 1227 4149 cum
1246 4095 1393 4150 circum-

307 4177 466 4232 fusurum
485 4179 620 4247 coniungi
638 4178 730 4232 (lebet.
767 4178 867 4246 (1863.)
