3060 5272
236 317 298 374 Lib.
316 318 374 373 XL.
777 309 839 371 584

237 490 450 569 deiectum,
489 490 655 558 Fulvius
701 498 847 558 contra
885 493 1016 577 queri,
1060 513 1101 558 se
1145 497 1216 572 cet,
1261 492 1403 559 omisso

237 605 416 682 questus.
448 597 571 681 (1865.)

322 705 400 791 Gap.
424 711 475 787 47,
501 714 533 772 l:
556 708 703 775 Eodem
726 731 830 775 anno
854 710 930 791 (179
953 731 982 774 a.
1007 707 1097 791 Chr.)
1120 709 1160 774 in
1180 707 1402 792 Hispania„

237 814 273 880 L.
297 814 529 881 Postumius
552 823 592 882 et
613 816 667 881 Ti.
691 816 953 900 Sempronius
976 823 1252 901 propraetores
1276 837 1399 883 com-

235 930 486 1009 paraverunt
507 925 567 990 ita
592 926 701 990 inter
729 946 786 1003 se,
820 932 864 991 ut
896 928 934 991 in
959 926 1145 991 Vaccaeos
1174 946 1245 1008 per
1267 924 1387 990 Lusi·

235 1022 388 1099 taniam
410 1034 491 1097 iret
513 1033 698 1112 Albinus,
722 1036 760 1099 in
789 1033 1054 1099 Celtiberiam
1081 1033 1176 1098 inde
1203 1038 1382 1099 reverte-

235 1148 364 1219 retur;
390 1139 612 1221 Gracchus,
636 1144 668 1208 si
691 1144 816 1208 maius
839 1128 895 1207 ibi
925 1142 1231 1223 bellumesset,
1254 1142 1295 1207 in
1318 1140 1392 1207 ul·-

236 1251 335 1315 tima
358 1248 595 1314 Celtiberia
618 1257 863 1335 penetraret.
908 1251 1095 1316 Mundam
1129 1249 1268 1314 urbem
1301 1250 1383 1332 pri-

236 1380 337 1422 mum
358 1359 394 1421 vi
418 1359 543 1442 cepit,
566 1366 627 1424 cet.
668 1360 740 1424 Duo
763 1361 796 1423 in
819 1358 869 1425 his
892 1361 1003 1424 statim
1027 1358 1206 1435 offendunt,
1229 1356 1385 1439 alterum,

237 1466 325 1549 qnod
343 1465 503 1541 Graccho,
527 1468 554 1531 si
577 1469 680 1532 maius
703 1468 761 1532 ibi
785 1468 831 1549 (in
856 1469 961 1533 altera
979 1468 1087 1531 Albini
1107 1465 1237 1551 portel)
1261 1465 1395 1531 bellum.

237 1597 305 1640 non
329 1583 426 1649 esset,
450 1574 684 1640 nihilomnino
712 1577 864 1641 relictum
892 1575 1112 1656 significatur,
1143 1574 1230 1659 quod
1258 1581 1390 1657 ageret,

238 1681 389 1760 alterum,
413 1683 500 1763 qnod
523 1684 684 1747 incertum
707 1692 765 1753 est.
790 1684 833 1748 ad
854 1692 963 1749 utrum
982 1685 1178 1766 pertineant,
1202 1703 1274 1766 qum
1292 1682 1394 1748 dein·-

239 1811 316 1874 ceps
329 1795 518 1855 narrantur:
531 1790 713 1856 Mundam
731 1793 869 1857 urbem
880 1800 951 1871 cet,
963 1794 1113 1858 videntur
1125 1799 1236 1857 tamen
1248 1812 1393 1874 prorsus-

239 1900 282 1964 ad
303 1898 457 1963 Albinum
479 1901 658 1983 pertinere,
687 1903 739 1965 cui
768 1902 815 1965 ita
837 1903 949 1985 primae
971 1901 1089 1984 agendi
1117 1908 1229 1984 partes
1252 1899 1393 1981 dantur,

238 2014 276 2073 ut
298 2007 466 2074 Gracchus
499 2016 637 2087 tanturn,
672 2010 698 2074 si
725 2011 831 2074 maius
864 2011 898 2074 in
931 2010 1018 2073 illius
1047 2016 1142 2093 parte
1175 2007 1296 2072 bellum
1329 2008 1392 2087 sit,

239 2117 417 2182 subveniat.
463 2117 562 2202 Atqui
586 2117 625 2182 de
650 2117 799 2183 Graccho
823 2118 880 2183 illa
907 2119 1049 2187 narrari.
1079 2138 1153 2180 mox
1175 2114 1205 2198 (ὃ
1228 2121 1248 2178 4
1272 2121 1305 2180 et
1328 2114 1388 2180 de·

238 2225 364 2309 inceps)
377 2233 525 2310 apparet.
555 2227 690 2291 Accedit
702 2227 872 2309 vestigium
884 2226 993 2290 mendi
1007 2225 1214 2290 manifestum
1225 2224 1258 2287 in
1276 2223 1385 2306 prima

239 2334 396 2412 editione,
418 2335 452 2398 in
475 2355 540 2415 qna
563 2336 609 2399 sic
632 2336 798 2399 scribitur:
833 2336 871 2398 in
895 2333 1163 2398 Celtiberiam
1197 2330 1287 2396 inde
1320 2352 1392 2396 re*

237 2449 486 2520 verteretur,
521 2443 554 2506 si
577 2442 783 2507 Gracchus
817 2444 943 2506 maius
967 2443 1046 2506 sibi
1080 2440 1229 2505 bellum
1263 2444 1384 2504 esset.

153 2548 224 2618 (476)
243 2549 346 2613 Totus
368 2547 459 2613 locus
482 2571 613 2615 mancus
637 2557 696 2614 est.
740 2550 850 2614 Livius
873 2571 971 2631 quum
995 2549 1146 2627 dixisset,
1170 2569 1242 2632 qnae
1264 2546 1386 2627 Albini,

239 2677 311 2739 qum
335 2656 477 2720 Gracchi
499 2664 610 2740 partes
634 2665 751 2735 essent,
775 2657 890 2721 deinde
915 2658 957 2722 ad
979 2679 1032 2722 res
1056 2680 1075 2722 a
1099 2656 1248 2722 Graccho
1271 2661 1390 2738 gestas-

238 2765 413 2829 transisset·
436 2764 491 2842 (ad
513 2763 666 2829 Albinum
689 2765 879 2830 brevissime
907 2774 941 2830 et
969 2787 1041 2830 cum
1068 2765 1287 2849 repugnantia
1308 2784 1391 2828 nar--

238 2872 376 2936 rationis
403 2871 568 2937 rediturus
597 2894 623 2937 c.
649 2879 696 2953 50,
722 2873 763 2953 6),
787 2881 915 2939 servata
948 2882 1024 2939 sunt
1057 2881 1200 2951 tantum,
1235 2892 1307 2956 quae
1341 2870 1384 2937 ad

238 2980 393 3046 Albinum
410 2982 577 3064 pertinent
600 2989 631 3046 et
654 3004 776 3063 eorum,
800 3005 872 3065 quae
895 2984 936 3047 ad
957 2983 1142 3048 Gracchum
1165 2980 1391 3066 pertinebant,

239 3090 368 3155 initium
390 3097 586 3174 corruptum.
631 3091 747 3176 Itaque
770 3092 856 3156 inter
878 3098 1122 3176 penetraret
1145 3098 1178 3155 et
1200 3088 1385 3153 Mundam

238 3198 364 3267 lacunae
385 3205 466 3263 nota
489 3201 565 3282 poni
588 3198 695 3265 debet.

325 3305 402 3391 Cap.
426 3311 517 3387 lat
546 3308 579 3371 in
608 3307 680 3373 loco
715 3307 898 3391 desperate,
933 3307 1020 3390 quod
1053 3329 1118 3372 non
1152 3307 1292 3404 libenter
1324 3326 1392 3371 nec·

240 3437 326 3499 saepe
349 3415 447 3494 facio,
471 3416 687 3499 suspicionem
718 3436 839 3499 ponam
868 3435 927 3479 nec
957 3415 1104 3479 codicum
1134 3415 1279 3497 uestigiis
1302 3415 1385 3480 satis

238 3522 341 3587 firmis
363 3525 472 3587 nixam
496 3522 664 3606 (qnoniam
693 3526 789 3588 unius
813 3523 933 3587 codicis
963 3523 1079 3587 ductus
1110 3545 1149 3587 ne
1172 3530 1261 3589 recte
1283 3522 1384 3587 inter·

238 3639 404 3716 pretatum
427 3630 557 3716 quidem
581 3652 652 3696 esse
675 3634 813 3715 primurn
844 3631 1001 3696 editorem
1031 3632 1174 3712 constat)
1202 3653 1263 3696 nec
1292 3637 1391 3696 certo·

240 3741 474 3805 sententiarum
515 3746 670 3804 contextu
709 3746 932 3804 monstratam.
989 3741 1072 3805 Nam
1111 3740 1229 3804 Thurri
1268 3739 1384 3823 reguli,

241 3847 390 3912 Graccho
414 3854 447 3912 et
470 3848 624 3912 Romanis
648 3870 681 3913 se
705 3847 854 3913 dedentis
878 3856 910 3912 et-
932 3848 1106 3932 iungentis,
1129 3848 1228 3913 verba
1251 3849 1297 3912 sic
1319 3869 1385 3913 non

239 3978 373 4041 prorsus
397 3956 658 4039 improbabiliter
680 3957 797 4039 corrigi
821 3977 917 4040 posse
941 3958 1107 4022 ridentur:
1131 3956 1299 4039 Sequar,
1323 3958 1383 4021 in·

241 4066 343 4148 quit.
377 4086 445 4128 ros
474 4064 668 4129 adversus
698 4071 855 4130 veteres
887 4067 1020 4130 socios
1049 4088 1170 4135 meos,
1196 4066 1387 4149 quoniam

240 4173 335 4237 illos
360 4194 404 4237 ac
427 4196 483 4238 mo
506 4175 696 4257 populum
721 4173 934 4238 Rornanurn
958 4174 1006 4253 (P.
1032 4175 1074 4238 Ri
1099 4174 1232 4257 opesl)
1256 4174 1294 4237 di
1317 4195 1391 4238 vo-
