3060 5272
238 372 300 425 Lib.
319 371 475 425 XXXVIII.
786 359 846 418 542

239 545 364 608 tatione
403 545 451 607 rei
490 551 657 626 perpetuae
699 541 866 621 (colunt)
907 546 1079 622 separetur
1117 539 1279 617 narratio,
1313 537 1397 621 quid

239 658 307 715 tum
338 651 509 729 acciderit,
533 657 566 714 et
600 672 674 714 oum
696 650 822 731 reliqua
845 648 1034 712 narratione
1067 643 1238 725 (ventum
1268 652 1329 710 ast
1350 680 1398 691 -

239 760 361 839 misit)
397 761 621 841 coniungatur.
668 756 912 822 correctionem
945 755 1100 838 praecepit
1133 754 1288 818 librarius
1317 752 1393 818 cod.

241 867 317 930 Lov.
343 872 371 929 6.

325 973 402 1057 Cap.
430 978 478 1046 16,
504 977 521 1035 3
546 972 599 1051 (de
624 971 737 1035 Gallis.
762 973 822 1058 qui·
843 976 962 1053 postea
978 972 1012 1032 iu
1029 970 1142 1032 Asiam
1159 966 1393 1047 transierum:

239 1082 479 1165 Byzantium
509 1100 626 1162 quum
656 1079 960 1161 pervenissent
995 1073 1249 1158 aliquamdiu
1285 1093 1397 1138 oram

240 1187 511 1270 Propontidis
534 1185 779 1268 vectigalem
802 1184 988 1248 habendo
1011 1183 1193 1265 regionis
1217 1183 1303 1246 eius
1326 1201 1396 1245 ur-

239 1295 307 1359 bes
331 1295 608 1359 obtiuueruut.
656 1293 760 1358 Urbes
783 1314 846 1355 non
872 1291 1066 1355 obtinentur
1084 1311 1184 1363 oram,
1208 1309 1280 1372 quae
1301 1288 1395 1353 urbi·

239 1403 299 1466 bus
323 1409 418 1485 paret
441 1409 474 1466 et
497 1403 653 1478 adhaeret,
676 1400 869 1482 uectigalem
892 1398 1055 1463 habendo,
1100 1397 1239 1461 Barbari
1269 1403 1302 1461 ot
1324 1395 1395 1460 bel-

241 1511 335 1574 liccsi
357 1509 514 1585 homiues,
538 1509 595 1572 sed
618 1508 659 1572 ab
683 1508 818 1571 urbibus
842 1515 876 1570 et
897 1504 1127 1589 oppugnandis
1151 1511 1184 1568 et
1200 1503 1393 1569 habitandis

240 1616 348 1695 alieni,
371 1623 520 1699 apertam
542 1617 708 1697 regionem
731 1615 973 1698 percursabant
990 1613 1216 1694 vastandoque
1240 1632 1337 1694 agros
1361 1618 1396 1677 et

240 1724 395 1787 minando
420 1723 569 1800 Graecos,
599 1724 655 1805 qui
684 1722 781 1786 urbes
804 1724 947 1785 munitas
980 1720 1145 1797 tenebant,
1168 1719 1307 1802 vectigal
1329 1719 1394 1785 sibi
1430 1754 1437 1767 ·

241 1831 384 1913 pendere
408 1830 578 1911 cogebant.
617 1831 679 1893 Res
698 1851 806 1912 perse
825 1831 1000 1912 perspicua
1018 1827 1296 1906 confirmaturus,
1318 1848 1394 1911 quae

240 1937 396 2021 Polybius
420 1938 473 2007 IV,
492 1942 542 2013 46,
567 1942 584 2000 3
604 1937 643 2001 de
673 1936 861 2021 Byzantinis
881 1937 985 2001 Gallis
1004 1936 1169 2018 stipendia
1187 1934 1391 2000 solventibus

240 2046 369 2111 scribit:
405 2053 472 2107 κατὰ
493 2054 542 2123 μὲν
565 2042 611 2107 οὖν
639 2053 685 2115 τὰς
714 2052 802 2125 ἀρχὰς
832 2057 859 2106 s'v
882 2056 938 2114 τοῖς
961 2050 1067 2121 &uddone
1095 2049 1182 2105 αὐτῶν
1210 2043 1276 2123 (τῶν
1305 2051 1394 2105 Pulu-

239 2153 305 2234 τῶν)
333 2188 376 2197 -
404 2159 477 2233 δῶρα
500 2160 630 2215 διετέλουν
653 2159 679 2214 οἱ
701 2161 840 2224 Βυζάντιοι
865 2158 980 2222 διδόντες
1003 2157 1053 2212 ἀυὰ
1075 2160 1240 2232 τρισχιλίους
1262 2157 1307 2212 καὶ
1328 2177 1392 2212 που·

242 2271 431 2337 τοκισχιλιόυς,
454 2270 517 2322 ποτὲ
541 2268 569 2322 δὲ
593 2267 638 2323 ursi
659 2271 771 2340 μυρίους
800 2269 934 2338 χρυσοῦς,
965 2266 1005 2336 tq‘
1030 2256 1050 2338 ᾦ
1071 2267 1108 2337 yriy
1131 2267 1326 2339 καταφθείρειν
1348 2266 1394 2334 τὴν

240 2377 332 2449 χώραν
360 2375 459 2446 αὐτῶν·
484 2377 554 2438 τέλος
582 2375 830 2451 ιῖἰἰἰιγιιιὶοθι,·σιιν
864 2374 1027 2449 ὀγδοήκοντα
1061 2374 1177 2427 τάλαντα
1216 2374 1395 2449 minagium

241 2484 327 2553 φόρον
350 2485 433 2536 τελεῖν
456 2482 516 2537 κοτ’
541 2486 666 2538 ἐνιαυτόν.
713 2477 860 2558 Apparet
884 2477 996 2557 igitur,
1021 2473 1108 2556 apud
1131 2474 1257 2538 Livium
1285 2493 1397 2538 veram

242 2584 438 2665 scripturam
468 2593 631 2647 servatam
660 2605 733 2648 esse
761 2585 793 2645 in
818 2582 843 2645 B
874 2583 928 2662 (de
953 2582 985 2645 M
1008 2581 1163 2660 taceturl:
1198 2581 1398 2663 aliquam·

242 2690 310 2753 diu
340 2710 450 2752 oram
477 2689 765 2772 Propontidis,
799 2690 1019 2771 vectigalis
1047 2688 1230 2753 habendo
1263 2688 1397 2770 regio·

242 2798 304 2861 uis
339 2797 425 2860 eius
459 2796 596 2873 urbes,
627 2798 903 2861 obtinuerunt.
951 2797 1122 2861 Ablatirus
1151 2795 1300 2879 gerundii
1331 2795 1398 2860 for·

242 2925 329 2968 ruam
363 2911 396 2968 et
428 2904 561 2967 modum
594 2906 643 2968 rei
678 2905 850 2987 significat.
898 2903 983 2984 (tiu.
1015 2903 1156 2967 Gramm.
1187 2903 1257 2968 Lat.
1292 2901 1394 2985 §416

123 3026 164 3096 .(
217 3017 314 3093 tuot.
340 3016 353 3072 l
381 3011 595 3094 exemplaque
619 3034 639 3076 a
660 3013 926 3077 ll'eisseuboruio
951 3012 992 3074 ad
1016 3010 1168 3087 xxluss,
1197 3015 1244 3089 16,
1271 3015 1308 3074 10
1331 3010 1399 3074 ool-

245 3120 349 3199 leota3
373 3118 448 3182 add.
472 3119 603 3189 XXIII.
629 3124 679 3197 39,
703 3120 747 3191 4.)

327 3225 406 3310 Cap.
432 3231 480 3305 17,
505 3232 523 3289 5
548 3228 595 3308 (in
619 3225 676 3292 Cu.
700 3227 816 3292 Manlii
849 3228 1012 3293 oratione.
1042 3226 1098 3289 ubi
1127 3233 1270 3290 terrores
1294 3224 1396 3289 Galli-

241 3356 297 3400 cos
320 3334 458 3415 elevat):
494 3335 569 3400 Sed
592 3335 686 3412 brec,
709 3335 857 3417 quibus
886 3334 1057 3398 insolita
1087 3340 1209 3416 atque
1233 3334 1396 3397 insueta

242 3449 347 3517 suut,
373 3442 502 3505 Graeoi
526 3450 565 3505 et
586 3442 764 3525 Phryges
789 3450 828 3506 et
845 3440 968 3506 Cares
988 3443 1172 3518 timeant3
1198 3440 1396 3511 Romanis,

242 3548 392 3613 Gallici
426 3549 629 3612 tumultus
664 3549 867 3619 adsuetis,
901 3550 1024 3612 etiam
1053 3549 1259 3613 vanitates
1292 3552 1395 3611 uotae

241 3662 344 3720 sunt.
381 3654 475 3731 Quod
498 3655 694 3731 insolens,
713 3657 914 3734 insuetus,
933 3656 1126 3720 insolitus
1142 3654 1318 3718 alicuius
1335 3654 1395 3718 rai

242 3763 373 3841 dicitur,
398 3762 472 3825 inde
495 3783 535 3827 ne
558 3762 591 3826 id
615 3763 747 3844 quidem
771 3765 934 3845 sequitur,
960 3771 1114 3826 suetum
1138 3761 1316 3826 alicuius
1337 3761 1396 3825 rei

240 3875 330 3934 recte
353 3869 417 3934 dici
440 3867 507 3948 (est
530 3871 672 3934 enimin
695 3869 756 3932 hac
779 3891 814 3933 re
839 3871 938 3934 etiam
961 3871 1142 3954 aliquavis
1165 3870 1308 3933 notionis
1326 3869 1393 3952 pn·-

242 3976 372 4057 vaudi);
407 3974 605 4041 adsuetus
635 3975 765 4060 quidem
794 3985 930 4060 propter
958 3977 1201 4061 praepositionis
1230 3976 1308 4058 (ad)
1328 3976 1395 4040 vim

241 4084 430 4167 longissime
449 4082 572 4148 abillis
591 4084 762 4148 adiectiiis
782 4086 885 4149 distat
903 4107 962 4149 uec
980 4086 1163 4167 genetivum
1183 4083 1246 4148 sibi
1259 4083 1394 4165 adiungi
