3060 5272
220 305 283 360 Lib.
302 306 323 360 I.
774 295 818 358 64

222 479 339 545 urbem
360 480 541 564 ingressum
563 500 636 545 esse
659 487 788 561 narrat3
821 479 960 546 eundem
983 489 1060 547 ante
1082 480 1214 564 (XXXI,
1243 486 1296 563 50,
1320 481 1373 565 ll)

221 586 280 653 Cn.
314 587 499 654 Cornelium
533 588 709 654 Lentulum
742 588 982 674 appellaverat3
1014 591 1128 676 itaque
1159 590 1223 658 boc
1255 612 1374 658 nomen

221 718 335 764 omnes
364 696 441 763 iude
464 696 506 762 ab
528 696 612 762 Aldo
636 705 713 763 ante
734 696 922 764 Beldrerum
944 700 1045 765 etiam
1066 699 1101 765 in
1121 699 1208 766 libro
1230 698 1374 766 XXXIII

222 806 477 872 substituerunt.
531 804 603 871 Lib.
633 805 770 887 XXXV,
805 810 846 871 20
881 807 1008 888 Livius,
1041 814 1219 893 postquam
1251 807 1282 893 (ἕ
1319 808 1373 892 10)

220 921 311 980 recte
332 914 370 978 A.
393 914 494 980 Atilio
523 915 658 1000 praetori
686 915 826 981 classem
855 922 889 981 et
915 914 1144 982 Macedoniam
1172 917 1374 1002 provinciam

220 1024 335 1089 datam
364 1022 512 1108 scripsit,
545 1022 588 1088 M.
611 1022 723 1090 Baebio
752 1022 924 1109 Tamphilo
946 1023 1094 1090 Bruttios
1127 1023 1231 1110 (quod
1262 1046 1375 1092 rerum

221 1139 391 1215 gestarum
418 1132 566 1197 narratio
590 1131 790 1214 confirmat),
824 1139 935 1198 tamen
957 1130 974 1215 ἓ
1000 1138 1037 1197 11
1062 1139 1096 1199 et
1121 1137 1175 1215 12,
1208 1135 1318 1201 animo
1341 1141 1375 1200 et

221 1240 349 1306 calamo
371 1240 562 1320 aberrante,
593 1242 724 1316 nomina
745 1241 958 1324 permutavit,
986 1247 1024 1306 ut
1045 1239 1146 1307 Atilio
1168 1243 1202 1307 in
1224 1241 1375 1309 Bruttios

222 1349 372 1414 decretas
405 1348 550 1432 legiones
585 1349 723 1429 diceret,
763 1348 912 1413 Baebium
951 1370 1052 1415 naves
1090 1349 1199 1415 facere
1237 1350 1375 1430 iussum,

222 1464 322 1539 atque
350 1458 384 1521 in
413 1455 528 1522 eodem
555 1478 665 1521 errore
687 1477 882 1541 permanens
905 1458 1055 1542 proximo
1077 1459 1186 1543 capite
1209 1457 1262 1540 (21
1286 1457 1375 1541 init.)

221 1566 374 1644 classem,
407 1565 461 1629 cui
483 1563 614 1630 Baebius
643 1564 842 1650 praefuturus
872 1572 976 1645 esset,
1009 1566 1167 1631 nominat.
1222 1566 1375 1632 Editores

217 1669 322 1752 Livii,
351 1693 416 1737 non
438 1672 648 1738 librariorum
671 1695 814 1739 errorem
837 1681 1064 1755 correxerunt3
1098 1696 1175 1740 nam
1196 1674 1262 1742 illis
1284 1675 1376 1742 nulla

223 1803 276 1846 111
309 1781 498 1846 huiusmodi
531 1783 698 1847 nominum
731 1782 846 1848 ordine
874 1782 1071 1866 scriptorum
1100 1783 1375 1867 permutationem

223 1889 365 1955 obiicere
388 1895 520 1973 poteret
542 1897 575 1956 et
597 1890 640 1955 ad
663 1890 803 1956 alterum
825 1890 934 1957 locum
958 1911 1100 1955 emerem
1122 1911 1319 1976 propagare.

310 1995 389 2083 Cap.
414 2002 465 2077 48,
489 2003 517 2078 6,
539 1998 596 2063 ubi
618 2000 660 2063 in
682 1999 825 2064 collem
846 1999 1145 2081 Esquiliarium
1169 1998 1287 2079 editur,
1309 2020 1375 2066 non

102 2175 105 2181 ,
223 2107 445 2191 persuadetur
477 2105 574 2186 mihi,
616 2107 744 2172 Livium
781 2128 846 2172 uno
879 2107 953 2172 loco
987 2128 1081 2172 usum
1115 2127 1188 2172 1111
1221 2107 1376 2174 adiectivi

223 2214 329 2281 forma
351 2215 515 2295 inaudita,
548 2237 649 2300 quum
684 2220 717 2279 et
739 2214 828 2298 apud
851 2215 960 2298 ipsum
982 2220 1015 2279 et
1037 2213 1126 2298 apud
1147 2215 1231 2280 alios
1254 2216 1288 2281 in
1310 2213 1375 2282 fre·

152 2339 207 2409 (11)
226 2323 440 2408 quentissimo
469 2344 531 2388 usu
559 2324 603 2388 sit
629 2322 886 2406 Esquilinus
919 2344 978 2387 nec
1006 2322 1136 2401 dubito,
1169 2343 1235 2388 una
1261 2324 1377 2391 littere

223 2431 357 2497 sublata
385 2430 436 2495 vel
463 2431 573 2515 potius
601 2452 667 2496 uno
696 2431 797 2496 ductu
820 2431 1035 2515 expluribus
1059 2429 1247 2512 simillimis,
1278 2435 1376 2500 resti·

204 2545 331 2604 tuere:
354 2540 394 2604 iu
416 2537 558 2603 collem
580 2538 869 2621 Esquiliarum.
911 2537 978 2622 [Sic
1000 2538 1104 2605 codex
1126 2538 1314 2624 Bamberg]

208 2678 209 2682 ¹
309 2643 387 2730 Cap.
420 2650 475 2726 53,
508 2650 547 2710 10
575 2647 663 2730 quod
692 2647 849 2712 scribitur
881 2646 1067 2712 infensus
1099 2649 1161 2713 ira
1194 2647 1374 2733 itidemque

223 2755 269 2834 11,
302 2759 355 2834 12,
393 2758 447 2834 12,
481 2761 620 2839 utroque
653 2754 727 2820 1111
758 2754 876 2836 (altero
900 2755 1033 2838 quidem
1055 2755 1232 2821 accedente
1254 2776 1319 2823 uno
1343 2765 1377 2824 et

223 2861 328 2927 altero
362 2861 432 2926 cod.
465 2861 661 2945 recentiore)
696 2863 904 2928 scribendum
937 2870 1028 2948 puto,
1063 2863 1150 2946 quod
1184 2863 1231 2944 Π,
1268 2869 1322 2945 13,
1357 2870 1376 2930 7

223 2971 360 3053 legitur,
392 2971 593 3036 incensus.
653 2969 738 3035 Nam
777 2969 961 3037 infensus
1001 2970 1153 3036 absolute
1193 2970 1233 3037 de
1273 2975 1375 3039 animi

223 3078 338 3144 habitu
372 3078 493 3144 dicitur
526 3084 559 3144 et
591 3078 759 3144 voluntate
793 3079 835 3145 ab
864 3080 974 3162 aliquo
1002 3078 1227 3145 vehementius
1258 3081 1376 3161 aliena,

222 3185 343 3252 affectu
371 3187 470 3252 animi
494 3187 603 3253 subito
626 3187 746 3270 aliquis
768 3188 969 3268 incenditur3
1002 3207 1108 3272 neque
1131 3185 1257 3268 obstat,
1288 3190 1377 3272 quod

223 3295 273 3360 nn
295 3295 394 3360 enam
417 3296 577 3361 adjectivo
600 3295 677 3377 vn,
706 3300 761 3388 ar,
792 3301 810 3360 1
834 3280 999 3362 acuunt
1028 3295 1162 3361 aduren
1190 3295 1233 3360 au
1261 3297 1375 3363 vorun-

223 3404 304 3469 tatis
334 3404 448 3469 alienae
477 3410 510 3469 et
537 3403 671 3469 infensae
695 3404 946 3471 diuturnitatem
969 3401 1217 3488 significandam
1251 3403 1377 3486 (inter

224 3510 411 3576 infensos
435 3511 596 3576 diutino
620 3511 738 3593 odio).
785 3511 942 3595 (1873.)¹)

311 3617 407 3702 *Cap
432 3624 481 3698 56,
509 3625 544 3684 4:
578 3620 701 3703 Anguis
729 3641 769 3684 ex
796 3620 948 3684 columna
974 3617 1084 3702 lignea
1106 3617 1168 3700 (111
1192 3620 1278 3686 enim
1300 3641 1376 3686 nar-

224 3727 331 3810 ratur)
351 3727 482 3811 elapsus
499 3747 564 3792 non
582 3726 633 3807 (ut
649 3747 735 3791 nunc
752 3725 921 3809 scribitur)
939 3732 1137 3793 terrorem
1159 3728 1376 3812 fugamque
1400 3792 1407 3802 ,

256 3994 277 4058 ¹)
297 3991 374 4061 [Cap.
398 3993 444 4059 et,
470 3993 487 4045 9
512 3991 542 4045 in
571 3994 764 4060 campartem
785 4005 860 4045 nunc
883 3990 1002 4046 inclinat
1025 3990 1149 4059 animus,
1178 3996 1208 4045 ut
1230 3990 1375 4046 ferendum

293 4082 390 4148 putem
407 4076 525 4131 horum
543 4075 811 4145 magnificentia
829 4093 972 4146 operum
989 4076 1050 4144 (der
1067 4076 1190 4145 jetzigen
1207 4076 1310 4131 Werke
1327 4075 1378 4131 der

294 4160 481 4229 Prschtliebe)
499 4179 552 4217 nec
570 4161 652 4216 amici
669 4161 866 4230 suspicionem,
889 4160 1162 4231 magnificentiae
1181 4161 1313 4229 delentis,
1336 4167 1377 4219 te·
