3060 5272
156 366 218 420 Lib.
238 367 362 420 XXXVI.
707 357 767 416 526

158 538 315 603 duabus
355 539 527 605 urbibus
571 538 853 624 oppugnandis
892 546 1048 623 tempus
1085 547 1224 605 terere
1260 576 1323 623 ·-,

157 644 392 730 Philippum
416 659 549 712 autem
572 684 615 692 —
638 669 714 713 non
738 647 867 712 solum
889 647 1029 727 urbes,
1058 648 1128 713 sed
1151 653 1216 714 tot
1238 648 1322 715 iam

156 761 312 835 gentes,
358 754 660 827 Athamaniam,
705 753 996 834 Perrhaebiam,
1034 755 1323 840 Aperantiam,

156 861 374 945 Dolopiam
411 862 490 926 sibi
525 864 782 935 adiunxisse,
817 869 855 925 et
888 862 1071 928 victoriae
1104 866 1323 947 tuae'pree·

156 971 275 1033 mium
298 978 336 1034 te
360 970 601 1053 militesque
623 978 715 1035 tuos
738 969 913 1034 nondum
937 968 1036 1035 duas
1059 968 1198 1050 urbes,
1226 970 1323 1037 Phi·

157 1076 314 1161 lippum
343 1083 406 1141 tot
430 1085 570 1160 gentes
595 1078 757 1142 Graeciae
780 1075 955 1141 habere?
983 1077 1109 1159 Atqui
1131 1098 1208 1143 non
1230 1084 1321 1143 tan·

157 1196 239 1249 tum
262 1187 442 1249 interest
464 1195 614 1263 nostra,
633 1184 857 1249 :Etolorum
881 1184 1168 1265 opes-minui,
1191 1205 1321 1269 quan-

157 1300 239 1357 tum
262 1314 338 1356 non
365 1314 487 1375 supra
510 1293 666 1357 modum
689 1291 923 1374 Philippum
947 1290 1178 1371 crescere.¹)

243 1398 321 1483 Cap.
347 1406 401 1469 35.
433 1406 465 1465 l:
502 1400 561 1464 lbi
592 1402 638 1465 (iu
668 1399 806 1463 concilio
830 1397 1037 1478 Achaeorum)
1067 1398 1114 1463 de
1136 1398 1253 1465 Eleis
1278 1408 1321 1467 et

157 1507 203 1572 de
228 1507 439 1571 exsulibus
461 1508 862 1572 Lacedaemoniorum
885 1506 1157 1571 restituendis
1180 1514 1320 1573 actum

157 1622 236 1689 est3
271 1622 418 1679 neutra
447 1615 508 1693 (sic
536 1623 624 1679 recte
654 1613 852 1691 Weissenh,
888 1619 965 1701 ante
994 1622 1082 1678 erat:
1116 1621 1247 1679 actum
1277 1624 1321 1682 et

156 1722 317 1800 neutra)
352 1722 539 1803 perfecta
573 1743 649 1799 res,
685 1723 782 1803 quia
817 1741 894 1784 suae
927 1722 1071 1802 gratiae
1104 1726 1320 1789 reservari

158 1850 240 1893 earn
270 1829 417 1901 Achai,
452 1828 541 1909 Elei
578 1851 648 1910 per
685 1850 724 1893 se
759 1829 838 1911 ipsi
868 1848 982 1910 quarn
1012 1848 1082 1911 per
1110 1828 1318 1897 Romanos

157 1936 389 2001 maluerunt
423 1934 601 1999 Achaico
635 1936 848 2000 contribui
884 1933 1068 1999 concilio.
1126 1932 1178 1999 Sic
1205 1934 1320 2001 editur

158 2045 233 2109 inde
262 2066 282 2109 a
311 2044 447 2109 Geleuio
478 2066 516 2107 ex
545 2044 578 2107 ll
610 2051 643 2108 et
674 2042 836 2125 Spirensi:
872 2051 969 2105 antea
1005 2041 1179 2121 edebatur,
1213 2050 1253 2109 ut
1281 2045 1318 2109 in

158 2153 376 2217 deterioribus
410 2152 578 2216 codicibus
614 2152 771 2234 scriptum
807 2156 872 2213 est:
913 2150 1008 2232 quia
1048 2170 1128 2214 suae
1167 2152 1315 2233 gratiae

157 2262 367 2324 reservari
402 2281 448 2323 ea
477 2259 612 2323 Achai
648 2281 719 2341 per
752 2279 792 2321 se
823 2258 900 2339 ipsi
930 2277 1044 2338 quarn
1075 2265 1135 2321 cet.
1192 2256 1342 2341 (Magis-

158 2369 256 2431 etium
285 2368 461 2431 lacunosus
491 2366 532 2431 B.
564 2368 595 2428 in
625 2386 688 2445 quo
718 2374 782 2429 est:
818 2365 912 2447 quia
946 2384 1023 2427 sune
1052 2364 1214 2429 Graeciae
1252 2362 1318 2447 [sie

156 2496 241 2556 saepe
272 2474 494 2554 corrumpitur
529 2470 697 2555 gratioe]
722 2473 929 2535 reservari
964 2492 1049 2535 eam
1080 2471 1212 2536 Achaei
1241 2494 1317 2556 per

156 2582 391 2643 maluerunt.
420 2578 596 2642 Achaico
633 2577 847 2640 contribui
877 2579 1070 2656 concilio,
1105 2580 1234 2644 omissis
1263 2600 1316 2644 er-

155 2708 228 2751 rore
258 2688 357 2749 ctiam
387 2684 453 2747 his:
490 2706 529 2748 se
565 2686 645 2766 ipsi
682 2707 797 2766 quarn
832 2706 901 2766 per
928 2685 1154 2766 Romanos).
1210 2686 1315 2753 Recte

156 2801 267 2856 tamon
290 2791 443 2855 llukerus
466 2791 712 2869 animadvertit,
743 2793 774 2854 in
800 2792 1017 2873 significanda
1039 2795 1146 2875 priore
1170 2815 1210 2859 ex
1232 2793 1315 2859 dua-

156 2900 217 2963 bus
252 2898 350 2963 rebus
385 2905 461 2961 rante
496 2900 672 2962 nominatis
706 2920 770 2962 non
806 2921 903 2981 posse
933 2921 1016 2965 eam
1046 2922 1105 2983 pro
1134 2921 1188 2979 eo,
1222 2902 1314 2982 quod

156 3015 206 3071 est
230 3006 352 3070 illam.
376 3007 461 3088 poni.
487 3005 656 3082 Cluverius
680 3015 849 3088 praeterea,
874 3028 974 3088 quum
997 3008 1213 3073 communiter
1234 3016 1314 3075 ante

155 3122 302 3179 neutra
331 3136 395 3178 res
425 3114 594 3196 appellata
623 3116 681 3179 sit.
716 3135 781 3177 uon
811 3133 908 3195 posse
938 3114 1129 3197 simpliciter
1157 3114 1313 3181 alteram·

155 3230 262 3286 utram
288 3230 379 3285 certo
404 3224 595 3304 pronomine
620 3221 745 3293 (illam
770 3227 827 3283 aut
850 3219 963 3302 hanc)
987 3221 1220 3301 demonstrari3
1247 3224 1313 3288 ita-

156 3350 218 3412 que
248 3330 421 3393 alteram
451 3329 655 3410 requirebat,
691 3328 779 3409 quod
813 3328 920 3409 ipsum
950 3349 1065 3410 parum
1094 3330 1313 3413 responderet

155 3435 258 3517 plena
293 3443 326 3500 et
360 3436 524 3500 distinctae
561 3436 697 3499 alterius
726 3436 773 3497 rei
804 3434 858 3511 (de
887 3433 991 3514 Eleis)
1021 3437 1194 3501 notationi.
1243 3436 1311 3521 Ap-

156 3551 260 3627 paret,
284 3543 338 3607 uhi
363 3544 396 3606 in
420 3541 588 3606 codicibus
613 3564 694 3607 eam
719 3541 793 3622 (ea)
813 3542 973 3623 scriptum
996 3548 1056 3621 est,
1080 3544 1218 3609 subesse
1240 3564 1311 3609 oer-

155 3651 270 3714 tiorcm
291 3649 612 3714 Lacedaemoniorum
636 3649 784 3713 exsulum
803 3668 910 3712 causae
930 3647 1211 3730 significationem,
1233 3650 1310 3715 sub·

155 3759 297 3822 stamiro
327 3756 505 3829 inclusurn;
540 3778 600 3820 nec
628 3758 661 3819 in
689 3756 746 3819 illo
777 3776 863 3820 eam
892 3754 982 3820 aliud
1011 3755 1092 3821 latet
1120 3758 1184 3822 nisi
1213 3777 1309 3823 eau-

183 4032 208 4097 ¹)
228 4032 243 4099 ξ
267 4036 282 4086 3
306 4051 357 4101 pro
381 4034 582 4087 aeciderunt
604 4036 649 4087 rix
672 4034 789 4088 dubium
812 4046 855 4089 est
878 4036 945 4102 quin
963 4048 1012 4089 rut
1030 4036 1237 4091 accidebant
1255 4042 1305 4091 aut

223 4118 426 4173 acciderent
444 4118 623 4173 scribendum
642 4121 684 4173 sit.
722 4122 823 4186 (1865.)
