3060 5272
201 380 264 438 Lili.
281 385 379 441 XXIV.
750 378 811 439 330

195 559 356 642 vposit0¹)
391 561 581 626 adverbium
610 564 841 645 prepositiove
876 583 950 627 curn
979 584 1058 628 casu
1088 570 1146 628 aut
1175 585 1272 629 casus
1300 585 1358 630 na-

202 669 315 748 minis,
349 691 414 752 quc
450 669 647 735 adiectivum
676 671 926 754 participiumve
956 670 1125 744 definitur,
1160 673 1358 756 interposito

204 777 427 857 substantivo,
456 778 499 842 ad
522 777 610 862 quod
633 778 829 843 adiectivum
851 780 1021 863 pertinet:
1039 787 1212 864 separetur
1233 801 1358 864 proque

202 907 251 964 ec,
274 886 363 969 quod
381 893 433 952 est
454 888 614 951 moenia
636 886 721 951 late
744 886 921 953 disiecta
939 887 1087 969 (ια.(1.1.)
1105 897 1164 954 aut
1181 887 1359 955 disiecta

202 994 288 1060 late
313 995 348 1077 (l.
373 992 418 1074 d.)
442 996 613 1073 moenia,
649 995 780 1060 dicatur
807 995 891 1060 late
920 998 1080 1061 moenia
1103 996 1280 1062 disiecta
1301 1006 1360 1063 aut

207 1104 316 1168 rarius
361 1103 407 1184 (in
447 1097 613 1168 adverbia
649 1104 701 1167 vix
735 1104 894 1185 unquam)
935 1106 1169 1170 constituta
1208 1106 1358 1171 civitas

203 1211 387 1294 legibus,
418 1232 482 1293 quo
506 1211 553 1290 lit,
583 1218 621 1276 ut
643 1211 741 1293 paulo
763 1213 887 1276 maiore
911 1213 1054 1295 pondere
1078 1234 1172 1278 voces
1196 1221 1358 1296 separatae

205 1321 440 1404 insignientur,
475 1340 672 1403 quamquam
707 1341 854 1402 persaepe
887 1321 920 1383 id
949 1321 1077 1403 pondus
1105 1322 1158 1385 vix
1188 1332 1357 1406 appareat.

204 1427 344 1508 (Eadem
362 1428 475 1507 forma,
494 1428 551 1493 sed
569 1449 631 1492 usu
650 1430 872 1493 communiore
885 1429 971 1511 apud
985 1430 1118 1494 Graecos
1130 1452 1191 1512 pro
1204 1450 1252 1505 ec,
1271 1430 1358 1511 quod

204 1546 269 1602 est:
304 1543 333 1600 ui
360 1543 407 1599 ὑπ’
431 1542 565 1613 Αἰσχίνου
592 1541 729 1617 εἰρημέναι
750 1543 933 1615 βλασφημίαι,
967 1537 1032 1601 dici
1061 1539 1161 1602 etiam
1189 1543 1218 1599 αἱ
1239 1543 1287 1599 ὑπ’
1310 1542 1358 1600 Αἷ-

206 1654 302 1722 σχίναα
335 1654 504 1725 βλασφημίαι
538 1648 671 1726 εἰρημέναι
706 1653 766 1709 aut
799 1651 826 1706 ui
860 1650 993 1726 εἰρημέναι
1028 1655 1196 1725 βλασφημίαι
1230 1652 1277 1708 ὑπ’
1314 1651 1361 1709 Al·

207 1763 312 1831 σχινου,
334 1760 448 1819 notum
471 1759 538 1832 est,
561 1775 589 1818 v.
610 1752 699 1836 Synt.
717 1760 832 1818 nostra
856 1753 946 1835 (lag
970 1760 988 1817 9
1012 1775 1033 1818 a
1054 1776 1085 1818 n.
1108 1755 1149 1834 1.)
1189 1753 1251 1818 Hic
1274 1755 1363 1838 apud

210 1863 346 1927 Latinos
383 1861 555 1927 verborum
591 1862 671 1926 ordo
706 1863 862 1945 quoniam
895 1882 960 1928 non
990 1863 1059 1926 fere
1087 1862 1362 1928 animadvertitur

207 1970 423 2036 adnotaturve
453 1976 486 2034 et
513 1968 678 2035 interdum
707 1990 780 2033 cum
808 1969 893 2034 lictis
923 1971 1008 2036 alius
1037 1972 1166 2054 generis
1195 1971 1364 2037 traiectio·

206 2080 304 2144 nibus
328 2078 553 2156 confunditur,
588 2079 729 2160 primum
759 2079 908 2161 exempla
932 2079 1068 2144 Liviana
1090 2079 1144 2143 hic
1167 2100 1364 2163 componere

206 2188 324 2272 placet.
381 2182 562 2271 Separatur
595 2189 697 2268 igitur
724 2187 781 2252 illo
812 2187 910 2252 modo
941 2195 1001 2251 aut
1028 2186 1234 2267 adverbium,
1268 2193 1307 2252 ut
1339 2188 1363 2267 I,

208 2301 264 2376 53,
295 2303 315 2360 4
337 2297 511 2375 (minime
534 2303 622 2360 arte
645 2295 852 2375 Romana),
882 2295 923 2371 ΙΙ,
953 2300 1004 2374 20,
1028 2301 1048 2359 8
1072 2294 1201 2375 (tanto
1225 2296 1262 2369 vi
1284 2316 1363 2361 ma·

207 2406 306 2484 iore,
336 2404 393 2469 csr.
417 2404 516 2482 XXV,
545 2408 596 2481 26,
628 2404 691 2483 12),
722 2403 774 2481 iu,
805 2408 834 2482 9,
859 2408 877 2467 7
902 2403 1018 2487 (agre
1041 2403 1266 2487 oppidanos
1288 2405 1365 2468 vim

208 2549 249 2558 -
272 2513 485 2593 arcentes),
515 2511 584 2589 VII,
613 2517 641 2590 8,
672 2519 691 2575 4
715 2511 808 2592 (tam
830 2513 937 2577 vires
961 2511 1104 2595 pares),
1133 2510 1281 2591 XXVIII,
1312 2517 1363 2593 23,

209 2627 243 2700 3,
273 2620 459 2695 XXXVIII,
489 2624 544 2697 29,
573 2624 601 2698 6,
630 2618 725 2699 XLV,
750 2624 799 2693 37,
824 2626 851 2698 5,
881 2629 940 2685 aut
963 2621 1154 2714 praepositio
1178 2641 1252 2685 cum
1275 2640 1365 2700 casu,

208 2730 296 2794 velut
319 2730 343 2805 l,
368 2733 418 2807 39,
443 2727 749 2812 5(quacumque
772 2728 818 2792 de
841 2749 964 2793 causa
986 2736 1128 2793 tantus
1151 2728 1217 2792 illi
1239 2729 1365 2794 honos

209 2837 408 2918 habitus),
441 2835 487 2912 ΙΙ,
517 2840 575 2914 41,
604 2835 733 2920 8(pr0
758 2835 896 2901 Siculo
926 2837 1129 2902 frumento
1154 2838 1365 2919 pecuniam

208 2944 446 3028 acceptam),
477 2944 536 3017 VI,
566 2949 616 3022 23,
647 2944 775 3028 4(per
798 2967 839 3009 se
863 2946 940 3009 iam
962 2945 1117 3009 milites
1141 2946 1365 3026 incitatos),

208 3054 269 3135 IX,
298 3060 348 3133 45,
381 3059 429 3132 ll,
460 3052 559 3131 XXV,
591 3057 639 3129 l7,
669 3058 699 3131 6,
728 3053 843 3132 XXVI,
872 3058 922 3130 24,
952 3058 970 3115 2
995 3053 1048 3134 (in
1077 3053 1203 3119 Italia
1231 3074 1365 3119 rerum

208 3162 505 3244 secundarum),
535 3161 688 3241 XXVIII,
719 3167 754 3241 5,
787 3167 825 3226 17
856 3163 908 3242 (in
937 3161 1203 3226 altitudinem
1232 3162 1365 3245 ingen·

208 3280 285 3339 tem
314 3272 543 3336 cacuminis
572 3270 703 3352 editi),
738 3269 845 3347 XXX,
881 3274 937 3348 37,
973 3268 1101 3352 6(per
1123 3271 1281 3352 priores
1304 3270 1365 3334 in·

209 3381 348 3446 dutiae
377 3400 500 3444 naves
530 3380 729 3444 onerariae
752 3378 902 3461 captae),
930 3377 1048 3454 XXXI,
1080 3382 1128 3455 13,
1159 3384 1188 3454 4,
1216 3376 1364 3455 XXXIV,

210 3492 266 3566 29,
308 3494 342 3551 ll
388 3486 505 3568 (haud
546 3487 687 3569 procul
726 3487 926 3551 distantis
966 3485 1113 3551 tumuli
1152 3484 1199 3550 ab
1234 3484 1364 3579 urbe),

209 3595 355 3673 XXXVI,
386 3600 436 3669 27,
466 3600 495 3674 6,
525 3595 705 3673 XXXVIII,
737 3600 786 3672 50,
815 3593 1001 3675 4(maius
1031 3601 1070 3657 et
1098 3615 1181 3658 eum
1210 3595 1364 3657 maiore

237 3868 260 3934 ²)
279 3867 356 3923 Nihil
379 3868 453 3922 enim
471 3868 507 3921 sd
525 3868 598 3922 hanc
616 3885 675 3922 rem
696 3867 820 3936 pertinet
837 3866 1018 3937 participium
1036 3866 1072 3920 ad
1091 3867 1206 3921 verbum
1224 3871 1365 3936 spectans,

279 3953 355 4009 velut
378 3953 546 4007 audacter
568 3969 680 4021 regem
697 3957 906 4021 pugnantem
924 3951 1022 4007 videt
1039 3952 1110 4018 (iere
1129 3951 1364 4021 propugnare)

277 4056 367 4109 neque
394 4039 511 4093 ablativi
538 4038 673 4103 absoluti,
704 4038 783 4094 velut
809 4039 861 4096 ita
886 4039 989 4092 rebus
1016 4037 1141 4107 gestis,
1173 4055 1236 4105 quaa
1263 4054 1363 4107 perva-

277 4133 344 4194 gata
365 4131 443 4191 sunt,
471 4142 507 4178 ne
528 4124 667 4178 eiusmodi
690 4124 802 4193 quidem
826 4123 967 4193 exempla,
994 4123 1079 4192 quale
1098 4129 1153 4176 est:
1181 4123 1257 4176 Haec
1276 4121 1363 4174 Ver·

278 4211 377 4279 ginio
396 4209 604 4266 vociferanti
624 4211 861 4265 succlamabat
880 4208 1073 4263 mullitudo
1092 4207 1160 4275 (ΠΙ,
1180 4209 1221 4273 50,
1242 4208 1294 4273 10).
