3060 5272
686 482 691 489 a

713 846 753 909 69
1194 860 1256 916 Lib.
1275 861 1310 916 11.

150 1032 293 1099 toritatc
315 1032 516 1116 optimorum
538 1030 689 1098 codicum
707 1026 929 1113 (MRPLlHl)
948 1031 1191 1117 multorumque
1209 1034 1311 1099 ctiam

154 1139 373 1219 deteriorum,
406 1158 507 1220 quum
534 1138 612 1204 olim
634 1160 653 1205 e
676 1137 845 1204 codicibus
874 1138 1073 1223 quibusdam
1099 1140 1311 1225 interpolatis

155 1248 322 1314 ederetur:
344 1253 387 1312 ut
408 1246 553 1331 cuique
576 1246 776 1312 ceciderit
798 1247 942 1330 primo,
966 1246 1024 1310 sed
1041 1249 1204 1313 sententia
1220 1249 1313 1314 nulla

155 1363 223 1436 est3
271 1376 347 1420 nam
391 1354 481 1437 quod
520 1352 746 1419 Alschefskius
792 1355 1045 1438 interpretatur:
1099 1355 1219 1435 „welch
1259 1357 1312 1421 ein
1411 1338 1413 1341 ⁵

157 1461 326 1529 Schiclrsal
354 1460 441 1528 auch
468 1463 584 1526 immer
613 1461 672 1526 der
693 1460 790 1527 Euste
813 1461 935 1545 gehabt
956 1461 1065 1527 haben
1088 1464 1218 1546 mdge“,
1246 1464 1311 1529 ianr

154 1569 445 1636 Weissenbornius
485 1570 629 1635 sensisse
666 1569 810 1648 videtur,
850 1591 917 1636 non
948 1570 1062 1650 licere,
1101 1592 1202 1652 quum
1236 1576 1313 1636 ante

152 1699 241 1745 sors
274 1677 316 1743 de
346 1677 520 1743 sortitione
550 1683 584 1743 et
612 1677 726 1742 ordine
755 1683 845 1742 sorte
869 1677 947 1742 dato
971 1685 1164 1762 poneretur,
1197 1679 1313 1761 paucis

153 1786 262 1853 verbis
290 1791 369 1870 post
390 1787 424 1850 in
448 1792 566 1870 aperta
587 1784 734 1850 eiusdem
756 1785 926 1849 sententia
948 1786 1196 1851 continuatione
1220 1807 1313 1869 pror-

154 1916 213 1960 sus
242 1893 339 1960 aliter
367 1913 480 1958 voeem
508 1893 673 1977 acciper03
707 1911 811 1976 neque
845 1893 976 1957 omnino
1012 1914 1099 1957 sors
1133 1893 1314 1958 alicuius

155 2003 354 2069 cecidisse
382 2001 500 2066 Latine
528 2001 578 2066 ita
605 1999 744 2079 dicitur,
777 2007 815 2065 ut
848 1999 988 2064 fortunae
1021 2006 1157 2065 eventus
1185 2001 1313 2066 intelle·

155 2117 263 2193 gatur.
312 2108 393 2187 Quae
415 2114 505 2174 esset
527 2108 703 2186 sententia,
731 2108 971 2186 intellexerant,
1001 2109 1057 2192 qui
1079 2107 1313 2192 interpolatam

155 2219 351 2303 scripturam
379 2214 573 2296 effecerunt3
607 2216 665 2280 aod
698 2216 728 2281 ei
762 2217 934 2281 sententiae
967 2216 1137 2281 meliorum
1165 2216 1312 2281 codicum

155 2327 294 2411 vestigia
337 2325 424 2390 hanc
470 2324 551 2389 dant
589 2323 744 2389 formam:
790 2330 831 2388 ut
876 2324 1072 2405 cuiusque
1117 2324 1314 2389 ceciderit

155 2435 289 2520 primi,
318 2433 383 2500 boe
405 2438 467 2510 eat,
495 2437 533 2496 ut
555 2431 695 2515 quisquc
717 2432 841 2515 primus
864 2438 953 2496 sorte
977 2431 1095 2496 ductus
1117 2429 1218 2497 fuerit
1240 2431 1313 2512 (wie

155 2545 245 2610 cinca
264 2541 366 2626 jeden
387 2540 474 2605 Loos
497 2539 556 2605 der
578 2536 681 2604 Reihe
703 2537 788 2602 nach
809 2536 1080 2620 berauskommt).

243 2649 323 2734 Cap.
348 2653 398 2729 16,
421 2652 456 2711 5:
479 2646 550 2712 His
573 2645 729 2728 (Sabinis,
751 2647 807 2729 qui
831 2667 905 2711 cum
927 2647 1018 2711 Attio
1037 2645 1156 2711 Clauso
1175 2647 1314 2711 Romam

155 2755 417 2841 transfugerant)
452 2755 602 2820 civitas
620 2754 732 2820 data
760 2775 942 2839 agerque
970 2760 1085 2820 trans
1113 2754 1313 2818 Anienem.

156 2867 285 2932 Vetus
309 2863 485 2930 Claudia
507 2862 662 2943 tribua,
691 2863 848 2928 additia
876 2868 1023 2947 postea
1045 2862 1157 2926 novis
1181 2860 1314 2926 tribu·

156 2973 278 3053 libus,
302 2973 369 3057 qui
392 2993 438 3038 ex
461 2992 507 3037 eo
530 2993 626 3057 agro
649 2972 850 3051 venirent,
874 2969 1097 3055 appellata.
1148 2969 1185 3034 In
1208 2968 1259 3034 his
1282 2976 1317 3034 et

158 3082 216 3149 alii
254 3081 423 3147 bmserunt
461 3086 495 3145 et
526 3078 744 3158 Niebuhrius,
783 3079 872 3161 quod
911 3078 990 3143 alibi
1031 3084 1123 3143 vetus
1164 3083 1198 3143 et
1230 3100 1316 3144 nova

158 3189 297 3256 Claudia
332 3187 438 3254 tribus
471 3209 537 3252 non
565 3195 886 3254 commemoraretur.
943 3186 1101 3251 Poterant
1129 3187 1236 3251 verius
1264 3208 1315 3252 re·

159 3296 376 3383 prehendere,
409 3295 528 3361 miram
556 3295 659 3360 videri
688 3315 823 3361 causam
851 3295 1006 3360 veteris
1035 3294 1171 3360 tribus
1202 3294 1315 3378 appel·
1381 3344 1384 3350 .

157 3405 274 3485 landae,
303 3403 392 3487 quod
415 3404 446 3468 ci
468 3404 534 3489 ipsi
556 3404 630 3468 novi
653 3402 791 3468 tribules
815 3404 1041 3481 accessissent,
1066 3410 1135 3467 tum
1159 3424 1315 3485 quaerere,

159 3513 293 3596 quinam
321 3512 370 3577 illi
398 3511 477 3575 novi
503 3510 644 3577 tribules
674 3517 785 3577 essent
813 3533 852 3577 ex
880 3532 919 3576 eo
942 3532 1021 3595 agro
1044 3513 1226 3589 venienteS,
1260 3510 1317 3591 qui

161 3620 293 3688 Sabinis
315 3621 382 3684 iam
405 3619 502 3684 datus
525 3625 621 3685 esset.
678 3619 873 3685 Obscuravit
901 3641 970 3684 rem
992 3619 1123 3684 facilem
1147 3618 1315 3683 intellectu

162 3750 228 3794 una
272 3728 386 3793 littera
425 3733 555 3792 mutata
594 3733 628 3792 ct
667 3727 767 3792 verba
806 3727 891 3791 male
931 3727 1116 3791 coniuncta.
1178 3726 1316 3807 Scripsit

162 3837 288 3901 Livius:
323 3836 451 3901 Vetus
474 3833 651 3901 Claudia
678 3835 826 3914 tribus,
855 3832 1012 3898 additis
1035 3839 1181 3916 postea
1202 3832 1317 3898 novis

160 3942 398 4022 tribulibua
426 3943 494 4025 qui
512 3942 588 4024 (hoe
610 3950 670 4022 est,
692 3943 750 4017 illi,
774 3941 846 4026 qui)
865 3963 911 4006 ex
933 3963 977 4007 eo
1001 3961 1098 4023 agro
1121 3940 1316 4018 venirent,

160 4050 372 4135 appellati,
394 4049 457 4115 hnc
479 4052 659 4128 sententia:
693 4051 741 4114 Ex
764 4049 815 4113 his
840 4048 969 4115 Sabinis
993 4071 1066 4113 cum
1086 4049 1177 4114 Attio
1199 4046 1317 4113 Clauso

159 4158 350 4242 transfugis,
373 4158 495 4241 quibua
517 4179 597 4243 ager
619 4164 713 4224 trans
736 4159 892 4223 Anienem
915 4157 1013 4224 datus
1036 4164 1097 4238 est,
1121 4158 1200 4222 solis
1224 4157 1317 4222 initio

160 4264 299 4332 Claudia
321 4265 428 4332 tribus
451 4268 633 4333 constituta
656 4272 720 4345 eat3
754 4274 883 4351 postea,
918 4288 1017 4349 quum
1042 4268 1169 4332 ineam
1192 4265 1313 4330 tribum
1332 4279 1386 4348 (57)

159 4375 235 4441 novi
257 4374 399 4440 tribules
422 4381 518 4440 extra
540 4395 615 4440 eum
639 4395 753 4458 agrum
777 4375 881 4439 additi
905 4381 1031 4454 essent,
1063 4395 1125 4439 usu
1149 4379 1317 4455 receptum

160 4489 227 4563 est,
256 4488 295 4547 ut
316 4481 381 4561 illi,
411 4484 467 4565 qui
490 4504 530 4548 ex
553 4503 592 4547 eo
615 4503 695 4566 agro
718 4483 857 4548 Romam
881 4489 915 4546 et
938 4481 980 4545 ad
1004 4481 1137 4546 comitia
1159 4481 1317 4561 venirent,

160 4591 311 4656 veteris
344 4588 491 4656 Claudiae
523 4590 632 4655 tribus
662 4589 885 4674 appellatione
915 4588 1195 4671 distinguerentur
1224 4610 1318 4654 ace·

159 4698 242 4763 teris
268 4696 460 4763 tribulibus.
511 4698 675 4784 Apparet,
705 4719 763 4762 cur
785 4696 896 4760 Livius
925 4697 957 4759 iu
986 4696 1125 4760 relativa
1153 4699 1318 4763 sententia
