3060 5272
153 351 216 407 Lib.
234 349 309 406 vm
703 337 764 400 188

156 545 229 589 sua
251 543 271 587 a
293 521 474 606 publicis
501 519 703 602 consilia.)
749 519 890 604 [Eodem
912 542 1024 586 errore
1047 519 1136 603 VIII,
1160 523 1209 601 13,
1234 523 1253 585 3
1275 521 1311 586 in

155 630 181 694 P
204 651 264 714 pro
288 629 479 695 consiliis
502 627 658 694 scribitur
681 625 984 710 consulibus.]¹)

193 802 195 807 .
243 735 321 822 Cap.
345 742 379 818 7,
408 740 450 800 20
473 743 507 802 et
529 739 586 800 21:
625 735 857 801 Exanimati
890 757 1027 802 omnes
1064 743 1144 801 tarn
1178 739 1313 804 atroci

156 846 327 930 imperio
356 880 401 891 —
428 852 536 910 metu
570 843 696 927 magis
731 864 847 928 qnam
883 844 1083 910 modestia
1110 845 1311 927 quievere

155 953 300 1038 ltaque
326 951 443 1018 velut
471 971 622 1017 emerso
646 951 694 1016 ab
718 951 999 1017 admiratione
1023 953 1167 1033 animo,
1196 973 1314 1036 quum

157 1061 327 1128 silentio
357 1059 486 1124 defixi
516 1059 751 1137 stetissent,
778 1065 963 1141 repente,
991 1066 1208 1144 postquam
1230 1082 1312 1127 cer·

155 1170 242 1234 vice
271 1188 375 1233 casa
403 1167 516 1232 fusus
546 1172 609 1231 est
636 1185 772 1245 cruor,
806 1171 888 1230 tum
919 1166 1052 1231 libero
1081 1177 1313 1254 conquestu

157 1283 308 1343 coortae
346 1295 463 1341 voces
497 1280 604 1352 sunt,
644 1280 688 1338 ut
726 1279 788 1339 cet.
839 1273 942 1339 Prave
982 1274 1138 1341 adverbio
1171 1276 1314 1361 itaque

156 1385 305 1470 proxime
333 1383 505 1448 subiicitur
533 1404 599 1446 uon
626 1381 676 1460 id,
711 1381 799 1465 quod
827 1401 1031 1468 consequens
1061 1383 1223 1468 superiori
1252 1390 1312 1466 est,

156 1493 216 1558 sed
248 1492 283 1557 in
317 1491 520 1557 contrarium
554 1490 722 1553 conversio
757 1487 917 1571 (emersus
951 1491 1080 1556 animus
1108 1513 1127 1557 e
1155 1491 1314 1576 stupore),

157 1608 191 1666 et
222 1599 292 1664 haec
327 1600 401 1682 ipsa
433 1597 654 1662 conversionis
688 1596 884 1680 significatio
912 1599 1133 1683 interpositis,
1168 1620 1241 1683 quse
1270 1599 1314 1666 ad

159 1709 363 1791 superiorem
393 1706 493 1769 animi
521 1704 671 1770 habitum
693 1706 878 1789 pertinent:
907 1728 1090 1791 -quum
1113 1741 1152 1754 -
1176 1709 1314 1775 stetis·

159 1821 262 1894 sent,
296 1812 463 1879 divellitur
485 1812 528 1877 ab
551 1833 591 1877 ea
611 1833 700 1892 voce,
734 1834 755 1877 a
777 1835 844 1897 qua
866 1814 940 1898 ipsa
963 1817 1188 1881 conversionis
1212 1817 1313 1900 signi·

157 1922 267 1987 ficatio
296 1923 441 2006 incipere
465 1920 617 2000 debebat,
639 1928 817 2005 repente.
869 1920 943 1987 Una
964 1922 1076 1987 littera
1100 1921 1246 2004 sublata,
1274 1928 1313 1989 ut

158 2029 324 2095 scribatur
347 2029 460 2094 velut
482 2047 603 2091 merso
626 2027 674 2092 ab
698 2028 969 2095 admiratione
992 2031 1143 2110 auimo,
1172 2032 1314 2115 primum

158 2137 391 2203 describuntur
434 2138 536 2201 animi
574 2136 793 2201 admiratione
834 2142 868 2201 et
907 2142 997 2201 metu
1036 2139 1199 2222 oppressi,
1243 2147 1314 2205 tum

157 2252 327 2331 repente
360 2245 452 2309 facta
484 2245 632 2308 mutatio.
688 2244 743 2309 Ab
778 2243 1052 2310 admiratione
1085 2245 1217 2312 Liviano
1250 2269 1315 2314 usu

158 2355 279 2420 dicitur
301 2352 341 2420 de
365 2351 486 2418 affectu
508 2353 610 2416 animi
632 2352 760 2437 aliquid
778 2351 942 2417 efficiente
959 2351 1021 2433 (ab
1044 2354 1115 2433 ira,
1139 2353 1187 2418 ab
1210 2355 1313 2435 odio,

157 2462 205 2527 ab
234 2461 404 2543 invidia)
433 2482 494 2544 pro
518 2460 589 2526 solo
612 2459 766 2526 ablativo.
808 2459 930 2541 (1861.)
981 2458 1152 2543 [Senserat
1174 2461 1315 2528 difficul-

158 2576 263 2635 tatem
286 2566 484 2651 Creverius.]

245 2677 294 2741 De
313 2697 384 2760 cap.
398 2680 426 2757 8,
450 2675 539 2761 quod
560 2682 655 2741 tanto
680 2696 778 2759 opere
801 2675 1000 2759 interpretes
1022 2676 1314 2760 institutorumque

159 2784 382 2849 Romanorum
410 2790 621 2849 enarratores
651 2784 813 2862 exercuit,
843 2781 926 2847 nihil
954 2783 1112 2864 estsere,
1140 2784 1229 2867 quod
1251 2783 1318 2867 hoc

158 2892 232 2958 loco
261 2892 384 2972 dicam3
417 2913 523 2973 neque
558 2893 644 2956 enim
678 2898 747 2956 tam
774 2890 951 2956 verborum
980 2892 1209 2958 emendatione
1238 2899 1314 2978 eget

159 3019 258 3084 quam
291 3005 406 3083 aperta
438 3005 473 3063 ct
501 2999 641 3083 simplici
670 2998 910 3076 declaratione,
943 3020 1010 3082 qua
1036 3000 1166 3066 ratione
1192 3000 1314 3081 Livius,

158 3128 256 3190 quem
279 3129 300 3172 a
320 3114 467 3172 veterum
495 3109 721 3173 institutorum
750 3113 784 3171 et
810 3109 1075 3190 perscrutatione
1103 3107 1254 3192 diligenti
1281 3114 1316 3175 et

158 3214 386 3297 intellegentia
413 3216 509 3298 longe
532 3221 696 3281 remotum
718 3213 821 3280 luisse
844 3216 992 3280 norimus
1015 3222 1049 3280 et
1070 3216 1104 3279 in
1127 3216 1316 3282 huiusmodi

157 3322 258 3388 rebus
281 3323 484 3406 explicandis
507 3325 612 3406 magis
631 3323 776 3390 colorem
793 3322 956 3407 quendam
972 3324 1157 3404 vetustatis,
1181 3325 1316 3390 summis

157 3451 268 3496 rerum
295 3431 472 3513 perleviter
500 3432 668 3512 delibatis,
703 3439 853 3515 captasse
881 3450 981 3515 quam
1008 3432 1215 3514 perspicuam
1244 3453 1315 3498 cer·

187 3601 211 3664 ¹)
230 3597 246 3668 ξ
268 3602 301 3653 10
317 3605 394 3655 recte
412 3600 444 3652 rt
463 3599 626 3654 Perizonius
643 3600 707 3654 tolli
725 3600 817 3654 voluit
834 3617 890 3667 eo,
913 3617 1001 3669 pravo
1019 3616 1086 3653 casu
1104 3599 1232 3654 additum
1250 3605 1317 3656 ante

229 3685 322 3754 quod
347 3685 413 3752 (vid.
437 3701 561 3754 prooem.
586 3702 613 3754 p.
638 3688 670 3738 14
693 3684 775 3752 ima),
802 3685 980 3740 accusativus
1003 3685 1077 3739 enim
1100 3685 1170 3754 poni
1192 3684 1317 3740 debebat

230 3769 266 3823 sd
291 3774 482 3840 usurpate,
507 3770 582 3839 quod
606 3770 735 3825 absolute
760 3770 816 3824 dici
840 3771 944 3839 nequit.
986 3770 1059 3836 Nec,
1084 3769 1153 3839 quid
1168 3771 1317 3840 postulent

226 3854 337 3923 Latini,
365 3856 471 3925 egitur,
498 3855 547 3909 sed
570 3861 602 3910 ut
623 3855 669 3922 id,
696 3855 772 3924 quod
790 3856 876 3910 tacite
894 3856 1079 3923 concedatur,
1106 3860 1245 3926 usurpent
1262 3872 1314 3926 po·

229 3940 370 3995 stulsndo.
413 3938 489 4011 [Cap.
514 3943 545 4008 5,
569 3943 585 3996 3
609 3940 729 3995 sortasse
747 3941 905 3995 tollendum
923 3945 966 3994 est
989 3959 1080 3996 nnnc
1104 3946 1171 4011 post
1187 3941 1314 4012 benIg·

229 4027 356 4094 nitate,
374 4031 527 4082 retractum
544 4027 600 4082 huc
619 4044 653 4080 ex
670 4025 802 4080 inferiore
819 4026 898 4080 loco:
922 4044 1012 4082 nunc
1037 4028 1146 4081 etiam
1163 4026 1315 4082 Volscis.

228 4111 300 4166 Nam
319 4117 348 4166 et
365 4113 465 4167 vitiose
482 4112 544 4168 hsce
563 4111 755 4167 cumulantur:
775 4110 926 4182 Tempus
946 4112 1195 4181 erat-iam-,
1214 4129 1317 4182 quum

227 4225 261 4235 -
279 4215 372 4252 nnnc
389 4225 424 4236 -
442 4197 636 4266 videretis,
662 4202 691 4253 et
708 4197 900 4266 incommode,
922 4198 977 4253 hoc
995 4197 1189 4269 praecedente,
1213 4197 1317 4253 deinde

229 4283 409 4352 subiungitur
426 4301 518 4338 nunc
536 4282 645 4336 etiam
663 4282 694 4337 in
710 4282 837 4337 notando
855 4300 930 4338 novo
947 4283 1045 4353 gradu
1075 4280 1162 4351 men]
