3060 5272
231 382 293 436 Lib.
312 383 386 437 VIII.
779 370 839 430 196

318 555 396 638 Cap.
433 559 487 635 13,
529 560 548 619 2
581 556 792 621 scribendum
826 557 971 620 videtur:
1013 556 1094 621 Iam
1129 556 1166 617 lu
1202 555 1320 620 Latio
1354 556 1388 619 is

233 670 369 728 status
404 672 492 729 erat
525 686 658 729 rerum
695 687 754 747 pro
784 664 864 728 Iam
895 666 1024 731 Latio.
1074 665 1157 728 Nam
1189 664 1388 741 Romania

232 772 407 837 Etruria
429 772 494 836 hic
517 781 650 838 status
674 780 736 837 est
758 794 892 837 rerum
915 795 975 857 pro
998 794 1047 853 eo,
1071 773 1161 857 quod
1185 778 1250 836 est:
1274 771 1387 854 Apud

233 881 444 956 Romanos,
479 882 517 944 in
546 881 722 958 Etruria,
752 902 816 944 non
851 883 953 963 magis
984 882 1106 945 dicitur
1129 902 1225 962 quam
1256 879 1387 944 Latium

232 1011 306 1053 eum
331 996 454 1054 statum
476 1011 585 1053 rerum
608 989 765 1054 babere.
811 989 935 1070 (1861.)

319 1098 396 1181 Cap.
424 1104 478 1174 15,
513 1098 701 1161 Sblinuoia
724 1097 882 1175 Vestalis,
918 1099 944 1162 si
977 1097 1104 1162 codices
1128 1118 1201 1162 cum
1225 1097 1386 1161 Weissen-

232 1207 349 1271 bornio
378 1207 557 1288 sequimur,
593 1206 713 1269 dicitur
746 1208 837 1270 viva
871 1207 943 1271 sub
972 1213 1123 1270 terram
1151 1205 1199 1270 ad
1228 1213 1386 1288 portam

233 1314 431 1378 Collinam
467 1315 611 1378 dextra
645 1316 746 1377 viam
775 1321 949 1379 stratam
979 1313 1146 1379 ‹lefossa
1173 1313 1386 1379 Scelerato

233 1446 380 1506 campo.
443 1423 508 1488 Sed
549 1423 692 1486 dextra
732 1429 766 1485 et
799 1423 973 1488 sinistra
1006 1444 1066 1507 pro
1100 1422 1388 1506 praepositionibus

233 1554 306 1596 curn
335 1532 525 1595 accusativo
549 1531 716 1595 Vitruvius
746 1533 831 1595 inter
858 1532 963 1596 multa
992 1532 1058 1595 alia
1089 1552 1173 1595 nova
1195 1551 1235 1594 ac
1258 1530 1389 1613 plebeia

234 1641 353 1722 sapius
377 1640 461 1702 dixit
483 1639 583 1721 (quod
607 1641 684 1703 olim
708 1640 831 1704 oblitus
854 1640 974 1720 eram);
1004 1641 1059 1721 qui
1082 1661 1121 1703 ex
1145 1641 1262 1704 ceteris
1285 1641 1387 1723 scrip·

232 1747 360 1811 toribus
395 1747 527 1825 dixerit,
569 1770 668 1830 quum
709 1747 975 1830 frequentissima
1014 1749 1060 1812 sic
1094 1748 1222 1812 dicendi
1257 1749 1386 1812 occasio

233 1861 334 1934 esset,
368 1878 433 1919 uon
456 1857 636 1938 reperitur;
670 1858 826 1939 namqui
849 1856 914 1919 duo
938 1856 1152 1940 proferuntur
1175 1856 1255 1934 loci,
1285 1856 1387 1920 mani-

233 1963 316 2028 festo
340 1965 487 2046 corrupti
512 1970 597 2039 suut,
622 1964 794 2029 alterAElii
818 1965 906 2029 Galli
929 1965 1018 2048 apud
1043 1964 1176 2029 Festum
1200 1964 1387 2047 (mpetra-

232 2094 325 2150 rum,
355 2096 385 2155 p.
400 2077 461 2135 206
480 2072 615 2153 Mucii),
640 2094 735 2154 quern
760 2074 806 2137 sic
818 2072 996 2137 Muellerus
1020 2073 1149 2137 scribit:
1174 2080 1293 2156 petra
1316 2080 1385 2152 est,

234 2181 300 2263 qui
340 2180 456 2244 loeus
497 2181 641 2244 dextra
680 2203 723 2246 ac
763 2183 936 2245 sinistra
970 2181 1162 2245 fornicem
1197 2182 1387 2264 expletur

233 2310 361 2370 usque
401 2289 449 2354 ad
483 2288 773 2354 libramentum
809 2290 947 2353 summi
980 2289 1161 2353 fornicis.
1218 2290 1291 2353 Non
1326 2311 1387 2353 ex·

233 2398 375 2482 pletur
397 2398 491 2463 locus
514 2399 626 2462 nescio
650 2418 716 2479 qua
737 2420 781 2475 re,
813 2399 869 2462 sed
893 2398 1088 2461 fornicem
1110 2398 1237 2478 explet
1260 2419 1387 2481 usque

233 2506 280 2569 ad
303 2506 394 2570 libr.
419 2528 445 2569 a
468 2506 488 2569 I.
509 2505 602 2570 Alter
625 2506 768 2570 eiusdem
792 2506 868 2569 AElii
892 2506 979 2569 Galli
1002 2514 1054 2570 est
1076 2506 1166 2589 apud
1189 2504 1331 2571 Gellium
1354 2507 1387 2570 iu

232 2614 317 2677 libro
330 2614 414 2685 XVI,
434 2619 451 2675 5
469 2615 552 2690 init,
570 2614 627 2678 ubi
647 2614 844 2678 vestibulum
863 2613 1018 2678 delinitur
1034 2614 1126 2677 locus
1145 2620 1222 2678 ante
1242 2615 1386 2694 ianuam,

233 2744 411 2804 perquem
435 2722 545 2787 mlitus
570 2724 673 2787 estin
698 2722 792 2797 sedes,
823 2745 939 2803 quum
963 2722 1106 2786 dextra
1130 2722 1386 2805 sinistraque

233 2833 392 2895 ianuam
421 2838 613 2915 tect-aque
638 2831 746 2912 (codd.
771 2830 867 2912 qum)
891 2838 985 2895 sunt
1006 2832 1077 2895 viae
1100 2832 1241 2895 iuncta
1264 2838 1387 2920 atque

232 2940 242 3002 i
250 2960 321 3022 psa
343 2941 465 3003 ianua
487 2939 627 3023 procul
650 2962 670 3004 a
692 2941 757 3002 via
786 2946 856 3002 est.
909 2939 1158 3002 Perversissime
1182 2940 1290 3018 ianua,
1313 2960 1385 3021 qua

232 3047 348 3112 dextra
383 3048 580 3131 sinistraque
615 3049 756 3129 cingitur
789 3048 899 3124 tectis,
940 3069 1012 3110 eum
1046 3047 1142 3110 tectis
1175 3049 1224 3111 ita
1252 3049 1385 3112 coniun-

231 3157 337 3237 gitur,
378 3162 415 3219 ut
450 3157 546 3239 plane
587 3156 673 3220 desit
707 3156 891 3220 subiectum
926 3156 1061 3236 eiusque
1097 3155 1145 3219 rei
1179 3155 1383 3238 significatio,

231 3288 304 3348 quae
334 3264 450 3329 dextra
478 3265 675 3345 sinistraque
704 3266 810 3328 ianuae
839 3265 1002 3347 tectisque
1032 3265 1083 3327 sit.
1141 3262 1297 3350 Senserat
1320 3266 1384 3330 iarn

230 3372 295 3436 Iac.
332 3375 522 3452 Gronovius,
557 3378 669 3437 tecta
703 3372 885 3437 subiectum
914 3394 984 3436 esse
1019 3378 1052 3435 et
1091 3372 1226 3437 verbum
1261 3374 1383 3454 deesse,

230 3483 318 3564 quod
347 3483 509 3545 ianuam
538 3488 682 3563 regeret3
712 3482 745 3546 id
768 3482 905 3545 verbum
927 3481 1058 3545 videtur
1082 3480 1218 3545 subesse
1240 3483 1274 3545 in
1298 3503 1383 3565 qum

230 3596 338 3653 sunt:
377 3611 494 3671 quum
530 3588 675 3653 dextra
706 3590 960 3670 sinistraque
991 3591 1152 3652 ianuam
1181 3595 1294 3653 tecta
1317 3609 1383 3652 sa·

228 3698 338 3778 pluut
361 3703 422 3762 cet.
474 3696 589 3778 Itaque
615 3697 740 3760 Livium
770 3698 866 3760 aliter
895 3698 1064 3779 scripsisse
1094 3718 1221 3761 censeo.
1272 3697 1382 3762 Nihilo

228 3814 340 3872 tamen
363 3806 478 3870 molius
502 3812 563 3884 est,
593 3805 681 3889 quod
703 3804 799 3887 vulgo
823 3807 945 3870 editur:
977 3806 1120 3869 dextra
1148 3807 1212 3870 ria
1239 3812 1382 3881 strata,

229 3916 322 3996 quasi
357 3915 388 3978 in
423 3915 526 3998 ipsius
559 3915 618 3978 viae
647 3920 758 3978 strata
787 3913 904 3978 dextra
932 3922 1026 3997 parte
1055 3912 1187 3978 defossa
1210 3915 1300 3997 virgo
1323 3915 1381 3993 sit3

229 4023 261 4086 id
297 4024 382 4086 enim
416 4022 516 4086 verba
551 4022 750 4103 significant,
791 4023 851 4085 nisi
892 4023 924 4086 in
959 4023 1075 4086 dextra
1108 4044 1126 4085 e
1156 4021 1286 4086 duabus
1320 4024 1381 4087 viis

228 4132 341 4195 stratis
369 4130 561 4213 intellegere
584 4130 689 4195 malis.
741 4130 952 4195 Manifestum
982 4139 1047 4208 est,
1077 4131 1216 4195 vitatum
1246 4152 1318 4193 esse
1346 4131 1379 4194 in

228 4237 350 4320 virgine
374 4237 571 4304 defodienda
593 4259 755 4319 saxorum,
778 4239 896 4325 quibus
920 4240 972 4304 via
989 4245 1093 4303 strata
1110 4245 1190 4319 erat,
1214 4259 1381 4321 aggerem,
