<?xml version="1.0" encoding="UTF-8"?>
<!DOCTYPE html PUBLIC "-//W3C//DTD XHTML 1.0 Transitional//EN"
    "http://www.w3.org/TR/xhtml1/DTD/xhtml1-transitional.dtd">
<html xmlns="http://www.w3.org/1999/xhtml" xml:lang="en" lang="en">
 <head>
  <title>
</title>
<meta http-equiv="Content-Type" content="text/html;charset=utf-8" />
  <meta name='ocr-system' content='tesseract 3.04.00' />
  <meta name='ocr-capabilities' content='ocr_page ocr_carea ocr_par ocr_line ocrx_word'/>
</head>
<body>
  <div class='ocr_page' id='page_1' title='image "./emendationesliv01madvgoog_0405.png"; bbox 0 0 3060 5272; ppageno 0'>
   <div class='ocr_carea' id='block_1_1' title="bbox 218 322 828 409">
    <p class='ocr_par' dir='ltr' id='par_1_1' title="bbox 218 322 828 409">
     <span class='ocr_line' id='line_1_1' title="bbox 218 322 828 409; baseline -0.013 -19"><span class='ocrx_word' id='word_1_1' title='bbox 218 337 280 390; x_wconf 75' lang='lat' dir='ltr'><strong>mu</strong></span> <span class='ocrx_word' id='word_1_2' title='bbox 299 336 412 409; x_wconf 67' lang='lat' dir='ltr'><strong>xuni.</strong></span> <span class='ocrx_word' id='word_1_3' title='bbox 767 322 828 383; x_wconf 84' lang='lat'><strong>396</strong></span> 
     </span>
    </p>
   </div>
   <div class='ocr_carea' id='block_1_2' title="bbox 135 504 1480 3061">
    <p class='ocr_par' dir='ltr' id='par_1_2' title="bbox 208 504 1378 1349">
     <span class='ocr_line' id='line_1_2' title="bbox 305 504 1378 590; baseline -0.001 -19"><span class='ocrx_word' id='word_1_4' title='bbox 305 506 384 590; x_wconf 90' lang='lat' dir='ltr'><strong>Cap.</strong></span> <span class='ocrx_word' id='word_1_5' title='bbox 410 512 458 587; x_wconf 86' lang='lat'><strong>13,</strong></span> <span class='ocrx_word' id='word_1_6' title='bbox 484 512 536 571; x_wconf 93' lang='lat'><strong>11:</strong></span> <span class='ocrx_word' id='word_1_7' title='bbox 566 506 809 590; x_wconf 82' lang='lat' dir='ltr'><strong>pronuntiat</strong></span> <span class='ocrx_word' id='word_1_8' title='bbox 832 504 1049 585; x_wconf 78' lang='lat' dir='ltr'><strong>(Marcellus),</strong></span> <span class='ocrx_word' id='word_1_9' title='bbox 1071 525 1091 570; x_wconf 91' lang='lat' dir='ltr'><strong>a</strong></span> <span class='ocrx_word' id='word_1_10' title='bbox 1113 504 1263 588; x_wconf 88' lang='lat' dir='ltr'><strong>quibus</strong></span> <span class='ocrx_word' id='word_1_11' title='bbox 1285 511 1378 570; x_wconf 87' lang='lat' dir='ltr'><strong>orta</strong></span> 
     </span>
     <span class='ocr_line' id='line_1_3' title="bbox 219 613 1377 699; baseline 0 -21"><span class='ocrx_word' id='word_1_12' title='bbox 219 615 354 699; x_wconf 83' lang='lat' dir='ltr'><strong>pridie</strong></span> <span class='ocrx_word' id='word_1_13' title='bbox 377 614 473 697; x_wconf 84' lang='lat' dir='ltr'><strong>fuga</strong></span> <span class='ocrx_word' id='word_1_14' title='bbox 495 622 618 691; x_wconf 88' lang='lat' dir='ltr'><strong>esset,</strong></span> <span class='ocrx_word' id='word_1_15' title='bbox 648 613 936 697; x_wconf 80' lang='lat' dir='ltr'>cohortesque,</span> <span class='ocrx_word' id='word_1_16' title='bbox 966 634 1052 698; x_wconf 84' lang='lat' dir='ltr'><strong>quae</strong></span> <span class='ocrx_word' id='word_1_17' title='bbox 1074 614 1191 696; x_wconf 85' lang='lat' dir='ltr'><strong>signa</strong></span> <span class='ocrx_word' id='word_1_18' title='bbox 1214 613 1377 678; x_wconf 87' lang='lat' dir='ltr'><strong>amisis·</strong></span> 
     </span>
     <span class='ocr_line' id='line_1_4' title="bbox 220 720 1377 805; baseline -0.001 -18"><span class='ocrx_word' id='word_1_19' title='bbox 220 729 325 801; x_wconf 82' lang='lat' dir='ltr'><strong>sent,</strong></span> <span class='ocrx_word' id='word_1_20' title='bbox 360 743 400 786; x_wconf 83' lang='lat' dir='ltr'><strong>ss</strong></span> <span class='ocrx_word' id='word_1_21' title='bbox 433 723 472 786; x_wconf 92' lang='lat' dir='ltr'><strong>in</strong></span> <span class='ocrx_word' id='word_1_22' title='bbox 502 722 670 805; x_wconf 90' lang='lat' dir='ltr'><strong>primam</strong></span> <span class='ocrx_word' id='word_1_23' title='bbox 700 722 830 787; x_wconf 87' lang='lat' dir='ltr'><strong>aciem</strong></span> <span class='ocrx_word' id='word_1_24' title='bbox 856 720 1128 787; x_wconf 83' lang='lat' dir='ltr'><strong>inducturum.</strong></span> <span class='ocrx_word' id='word_1_25' title='bbox 1184 720 1257 785; x_wconf 91' lang='lat' dir='ltr'><strong>Non</strong></span> <span class='ocrx_word' id='word_1_26' title='bbox 1285 727 1377 786; x_wconf 87' lang='lat' dir='ltr'><strong>recte</strong></span> 
     </span>
     <span class='ocr_line' id='line_1_5' title="bbox 208 828 1377 913; baseline -0.001 -18"><span class='ocrx_word' id='word_1_27' title='bbox 208 829 342 913; x_wconf 81' lang='lat' dir='ltr'><strong>singuli</strong></span> <span class='ocrx_word' id='word_1_28' title='bbox 369 829 491 894; x_wconf 86' lang='lat' dir='ltr'><strong>milites</strong></span> <span class='ocrx_word' id='word_1_29' title='bbox 520 828 554 909; x_wconf 88' lang='lat' dir='ltr'><strong>(a</strong></span> <span class='ocrx_word' id='word_1_30' title='bbox 577 828 737 912; x_wconf 88' lang='lat' dir='ltr'><strong>quibus)</strong></span> <span class='ocrx_word' id='word_1_31' title='bbox 760 834 956 912; x_wconf 77' lang='lat' dir='ltr'><strong>separantur</strong></span> <span class='ocrx_word' id='word_1_32' title='bbox 978 850 998 893; x_wconf 99' lang='lat' dir='ltr'><strong>a</strong></span> <span class='ocrx_word' id='word_1_33' title='bbox 1021 828 1223 893; x_wconf 80' lang='lat' dir='ltr'><strong>cohortibus.</strong></span> <span class='ocrx_word' id='word_1_34' title='bbox 1273 829 1377 894; x_wconf 87' lang='lat' dir='ltr'><strong>Recte</strong></span> 
     </span>
     <span class='ocr_line' id='line_1_6' title="bbox 220 935 1378 1020; baseline 0 -18"><span class='ocrx_word' id='word_1_35' title='bbox 220 939 254 1002; x_wconf 92' lang='lat' dir='ltr'><strong>in</strong></span> <span class='ocrx_word' id='word_1_36' title='bbox 276 937 301 1000; x_wconf 94' lang='lat' dir='ltr'><strong>P</strong></span> <span class='ocrx_word' id='word_1_37' title='bbox 324 937 495 1002; x_wconf 83' lang='lat' dir='ltr'><strong>scribitur:</strong></span> <span class='ocrx_word' id='word_1_38' title='bbox 530 957 550 1001; x_wconf 90' lang='lat' dir='ltr'><strong>a</strong></span> <span class='ocrx_word' id='word_1_39' title='bbox 581 937 732 1020; x_wconf 89' lang='lat' dir='ltr'><strong>quibus</strong></span> <span class='ocrx_word' id='word_1_40' title='bbox 760 944 849 1001; x_wconf 94' lang='lat' dir='ltr'><strong>orta</strong></span> <span class='ocrx_word' id='word_1_41' title='bbox 876 936 1012 1020; x_wconf 83' lang='lat' dir='ltr'><strong>pridie</strong></span> <span class='ocrx_word' id='word_1_42' title='bbox 1034 935 1130 1017; x_wconf 83' lang='lat' dir='ltr'><strong>fuga</strong></span> <span class='ocrx_word' id='word_1_43' title='bbox 1152 941 1278 1015; x_wconf 85' lang='lat' dir='ltr'><strong>esset,</strong></span> <span class='ocrx_word' id='word_1_44' title='bbox 1312 957 1378 1002; x_wconf 87' lang='lat' dir='ltr'><strong>oo·</strong></span> 
     </span>
     <span class='ocr_line' id='line_1_7' title="bbox 220 1043 1376 1129; baseline 0 -20"><span class='ocrx_word' id='word_1_45' title='bbox 220 1045 359 1111; x_wconf 89' lang='lat' dir='ltr'><strong>hortes</strong></span> <span class='ocrx_word' id='word_1_46' title='bbox 393 1065 561 1129; x_wconf 89' lang='lat' dir='ltr'><strong>quaeque</strong></span> <span class='ocrx_word' id='word_1_47' title='bbox 595 1045 708 1126; x_wconf 82' lang='lat' dir='ltr'><strong>signa</strong></span> <span class='ocrx_word' id='word_1_48' title='bbox 742 1046 993 1122; x_wconf 87' lang='lat' dir='ltr'><strong>amisissent,</strong></span> <span class='ocrx_word' id='word_1_49' title='bbox 1026 1076 1070 1089; x_wconf 90' lang='lat'><em>-</em></span> <span class='ocrx_word' id='word_1_50' title='bbox 1102 1043 1376 1109; x_wconf 89' lang='lat' dir='ltr'><strong>inducturum.</strong></span> 
     </span>
     <span class='ocr_line' id='line_1_8' title="bbox 220 1150 1378 1234; baseline 0.001 -17"><span class='ocrx_word' id='word_1_51' title='bbox 220 1153 293 1217; x_wconf 91' lang='lat' dir='ltr'><strong>Etsi</strong></span> <span class='ocrx_word' id='word_1_52' title='bbox 327 1154 361 1217; x_wconf 93' lang='lat' dir='ltr'><strong>in</strong></span> <span class='ocrx_word' id='word_1_53' title='bbox 394 1152 452 1217; x_wconf 85' lang='lat' dir='ltr'><strong>tali</strong></span> <span class='ocrx_word' id='word_1_54' title='bbox 480 1173 515 1216; x_wconf 88' lang='lat' dir='ltr'><strong>re</strong></span> <span class='ocrx_word' id='word_1_55' title='bbox 545 1152 694 1216; x_wconf 89' lang='lat' dir='ltr'><strong>codicum</strong></span> <span class='ocrx_word' id='word_1_56' title='bbox 721 1152 947 1217; x_wconf 87' lang='lat' dir='ltr'><strong>testimonium</strong></span> <span class='ocrx_word' id='word_1_57' title='bbox 973 1150 1097 1216; x_wconf 87' lang='lat' dir='ltr'><strong>nullius</strong></span> <span class='ocrx_word' id='word_1_58' title='bbox 1125 1153 1281 1217; x_wconf 85' lang='lat' dir='ltr'><strong>momenti</strong></span> <span class='ocrx_word' id='word_1_59' title='bbox 1310 1159 1378 1234; x_wconf 81' lang='lat' dir='ltr'><strong>est3</strong></span> 
     </span>
     <span class='ocr_line' id='line_1_9' title="bbox 222 1260 637 1349; baseline -0.007 -23"><span class='ocrx_word' id='word_1_60' title='bbox 222 1261 285 1326; x_wconf 90' lang='lat' dir='ltr'><strong>vid.</strong></span> <span class='ocrx_word' id='word_1_61' title='bbox 310 1261 351 1326; x_wconf 90' lang='lat' dir='ltr'><strong>ad</strong></span> <span class='ocrx_word' id='word_1_62' title='bbox 374 1260 474 1339; x_wconf 87' lang='lat' dir='ltr'>XXV,</span> <span class='ocrx_word' id='word_1_63' title='bbox 498 1264 547 1349; x_wconf 73' lang='lat'><strong>28,</strong></span> <span class='ocrx_word' id='word_1_64' title='bbox 571 1260 637 1340; x_wconf 88' lang='lat'><strong>6.¹)</strong></span> 
     </span>
    </p>

    <p class='ocr_par' dir='ltr' id='par_1_3' title="bbox 135 1365 1378 2616">
     <span class='ocr_line' id='line_1_10' title="bbox 135 1365 1378 1460; baseline 0.002 -28"><span class='ocrx_word' id='word_1_65' title='bbox 135 1391 208 1460; x_wconf 81' lang='lat'><strong>(323)</strong></span> <span class='ocrx_word' id='word_1_66' title='bbox 313 1367 393 1451; x_wconf 90' lang='lat' dir='ltr'><strong>Cap.</strong></span> <span class='ocrx_word' id='word_1_67' title='bbox 419 1373 475 1446; x_wconf 89' lang='grc'><strong>18,</strong></span> <span class='ocrx_word' id='word_1_68' title='bbox 505 1373 523 1431; x_wconf 88' lang='grc'><strong>6</strong></span> <span class='ocrx_word' id='word_1_69' title='bbox 553 1367 600 1447; x_wconf 92' lang='lat' dir='ltr'><strong>(in</strong></span> <span class='ocrx_word' id='word_1_70' title='bbox 629 1367 849 1450; x_wconf 82' lang='lat' dir='ltr'><strong>descriptione</strong></span> <span class='ocrx_word' id='word_1_71' title='bbox 876 1365 955 1444; x_wconf 86' lang='lat' dir='ltr'><strong>loci,</strong></span> <span class='ocrx_word' id='word_1_72' title='bbox 983 1367 1041 1431; x_wconf 92' lang='lat' dir='ltr'><strong>ubi</strong></span> <span class='ocrx_word' id='word_1_73' title='bbox 1063 1366 1251 1432; x_wconf 89' lang='lat' dir='ltr'><strong>Hasdrubal</strong></span> <span class='ocrx_word' id='word_1_74' title='bbox 1274 1389 1378 1452; x_wconf 88' lang='lat' dir='ltr'><strong>prope</strong></span> 
     </span>
     <span class='ocr_line' id='line_1_11' title="bbox 221 1473 1377 1558; baseline -0.002 -17"><span class='ocrx_word' id='word_1_75' title='bbox 221 1476 388 1541; x_wconf 86' lang='lat' dir='ltr'><strong>Baeculam</strong></span> <span class='ocrx_word' id='word_1_76' title='bbox 411 1497 431 1540; x_wconf 93' lang='lat' dir='ltr'><strong>a</strong></span> <span class='ocrx_word' id='word_1_77' title='bbox 454 1474 605 1558; x_wconf 87' lang='lat' dir='ltr'><strong>Scipione</strong></span> <span class='ocrx_word' id='word_1_78' title='bbox 634 1476 739 1539; x_wconf 86' lang='lat' dir='ltr'><strong>victus</strong></span> <span class='ocrx_word' id='word_1_79' title='bbox 763 1474 843 1555; x_wconf 74' lang='lat' dir='ltr'><strong>estl:</strong></span> <span class='ocrx_word' id='word_1_80' title='bbox 879 1495 962 1538; x_wconf 94' lang='lat' dir='ltr'><strong>eam</strong></span> <span class='ocrx_word' id='word_1_81' title='bbox 991 1496 1150 1557; x_wconf 91' lang='lat' dir='ltr'><strong>quoque</strong></span> <span class='ocrx_word' id='word_1_82' title='bbox 1179 1473 1377 1558; x_wconf 83' lang='lat' dir='ltr'><strong>(planitiem)</strong></span> 
     </span>
     <span class='ocr_line' id='line_1_12' title="bbox 223 1581 1378 1666; baseline -0.001 -18"><span class='ocrx_word' id='word_1_83' title='bbox 223 1584 357 1648; x_wconf 88' lang='lat' dir='ltr'><strong>altera</strong></span> <span class='ocrx_word' id='word_1_84' title='bbox 380 1583 548 1666; x_wconf 89' lang='lat' dir='ltr'><strong>crepido</strong></span> <span class='ocrx_word' id='word_1_85' title='bbox 569 1582 675 1647; x_wconf 93' lang='lat' dir='ltr'><strong>haud</strong></span> <span class='ocrx_word' id='word_1_86' title='bbox 697 1581 866 1645; x_wconf 87' lang='lat' dir='ltr'><strong>facilior</strong></span> <span class='ocrx_word' id='word_1_87' title='bbox 889 1583 927 1645; x_wconf 89' lang='lat' dir='ltr'><strong>in</strong></span> <span class='ocrx_word' id='word_1_88' title='bbox 951 1602 1162 1646; x_wconf 89' lang='lat' dir='ltr'><strong>ascensum</strong></span> <span class='ocrx_word' id='word_1_89' title='bbox 1185 1581 1378 1648; x_wconf 87' lang='lat' dir='ltr'><strong>ambibat.</strong></span> 
     </span>
     <span class='ocr_line' id='line_1_13' title="bbox 223 1689 1378 1774; baseline 0 -20"><span class='ocrx_word' id='word_1_90' title='bbox 223 1689 306 1755; x_wconf 85' lang='lat' dir='ltr'><strong>Cum</strong></span> <span class='ocrx_word' id='word_1_91' title='bbox 328 1690 584 1755; x_wconf 90' lang='lat' dir='ltr'><strong>insolentissimo</strong></span> <span class='ocrx_word' id='word_1_92' title='bbox 607 1690 669 1755; x_wconf 86' lang='lat' dir='ltr'><strong>hoe</strong></span> <span class='ocrx_word' id='word_1_93' title='bbox 690 1690 845 1774; x_wconf 90' lang='lat' dir='ltr'><strong>loquendi</strong></span> <span class='ocrx_word' id='word_1_94' title='bbox 863 1710 982 1772; x_wconf 84' lang='lat' dir='ltr'><strong>genere</strong></span> <span class='ocrx_word' id='word_1_95' title='bbox 1001 1689 1154 1769; x_wconf 90' lang='lat' dir='ltr'><strong>(facilis</strong></span> <span class='ocrx_word' id='word_1_96' title='bbox 1178 1690 1217 1754; x_wconf 90' lang='lat' dir='ltr'><strong>in</strong></span> <span class='ocrx_word' id='word_1_97' title='bbox 1240 1710 1378 1755; x_wconf 88' lang='lat' dir='ltr'><strong>ascen·</strong></span> 
     </span>
     <span class='ocr_line' id='line_1_14' title="bbox 223 1796 1378 1881; baseline 0 -18"><span class='ocrx_word' id='word_1_98' title='bbox 223 1820 316 1864; x_wconf 86' lang='lat' dir='ltr'><strong>sum.</strong></span> <span class='ocrx_word' id='word_1_99' title='bbox 340 1807 377 1862; x_wconf 90' lang='lat' dir='ltr'><strong>ut</strong></span> <span class='ocrx_word' id='word_1_100' title='bbox 400 1799 452 1876; x_wconf 87' lang='lat' dir='ltr'><strong>sit,</strong></span> <span class='ocrx_word' id='word_1_101' title='bbox 478 1799 535 1881; x_wconf 91' lang='lat' dir='ltr'><strong>qui</strong></span> <span class='ocrx_word' id='word_1_102' title='bbox 557 1798 652 1862; x_wconf 86' lang='lat' dir='ltr'><strong>facile</strong></span> <span class='ocrx_word' id='word_1_103' title='bbox 675 1796 877 1878; x_wconf 83' lang='lat' dir='ltr'><strong>ascenditur)</strong></span> <span class='ocrx_word' id='word_1_104' title='bbox 895 1797 1182 1862; x_wconf 85' lang='lat' dir='ltr'><strong>Weissenbornius</strong></span> <span class='ocrx_word' id='word_1_105' title='bbox 1206 1804 1378 1881; x_wconf 89' lang='lat' dir='ltr'><strong>comparat</strong></span> 
     </span>
     <span class='ocr_line' id='line_1_15' title="bbox 223 1903 1377 1988; baseline -0.001 -18"><span class='ocrx_word' id='word_1_106' title='bbox 223 1906 271 1983; x_wconf 92' lang='lat'><strong>11,</strong></span> <span class='ocrx_word' id='word_1_107' title='bbox 297 1911 351 1983; x_wconf 76' lang='grc'><strong>15,</strong></span> <span class='ocrx_word' id='word_1_108' title='bbox 376 1910 404 1984; x_wconf 80' lang='lat'><strong>2,</strong></span> <span class='ocrx_word' id='word_1_109' title='bbox 427 1905 483 1969; x_wconf 93' lang='lat' dir='ltr'><strong>ubi</strong></span> <span class='ocrx_word' id='word_1_110' title='bbox 505 1904 644 1969; x_wconf 90' lang='lat' dir='ltr'><strong>facilis</strong></span> <span class='ocrx_word' id='word_1_111' title='bbox 668 1904 818 1969; x_wconf 88' lang='lat' dir='ltr'><strong>absolute</strong></span> <span class='ocrx_word' id='word_1_112' title='bbox 841 1906 962 1969; x_wconf 89' lang='lat' dir='ltr'><strong>dicitur</strong></span> <span class='ocrx_word' id='word_1_113' title='bbox 985 1903 1219 1988; x_wconf 77' lang='lat' dir='ltr'><strong>(nacbgiebig)‚</strong></span> <span class='ocrx_word' id='word_1_114' title='bbox 1241 1904 1377 1969; x_wconf 90' lang='lat' dir='ltr'><strong>additur</strong></span> 
     </span>
     <span class='ocr_line' id='line_1_16' title="bbox 223 2011 1374 2095; baseline -0.002 -17"><span class='ocrx_word' id='word_1_115' title='bbox 223 2022 333 2079; x_wconf 88' lang='lat' dir='ltr'><strong>autem</strong></span> <span class='ocrx_word' id='word_1_116' title='bbox 361 2014 401 2077; x_wconf 93' lang='lat' dir='ltr'><strong>de</strong></span> <span class='ocrx_word' id='word_1_117' title='bbox 431 2011 548 2078; x_wconf 85' lang='lat' dir='ltr'><strong>effectu</strong></span> <span class='ocrx_word' id='word_1_118' title='bbox 576 2013 762 2077; x_wconf 88' lang='lat' dir='ltr'><strong>facilitatis:</strong></span> <span class='ocrx_word' id='word_1_119' title='bbox 797 2015 836 2077; x_wconf 93' lang='lat' dir='ltr'><strong>in</strong></span> <span class='ocrx_word' id='word_1_120' title='bbox 864 2013 1086 2095; x_wconf 88' lang='lat' dir='ltr'><strong>perniciem</strong></span> <span class='ocrx_word' id='word_1_121' title='bbox 1117 2033 1234 2076; x_wconf 88' lang='lat' dir='ltr'><strong>suam.</strong></span> <span class='ocrx_word' id='word_1_122' title='bbox 1283 2011 1374 2076; x_wconf 87' lang='lat' dir='ltr'><strong>Nihil</strong></span> 
     </span>
     <span class='ocr_line' id='line_1_17' title="bbox 225 2120 1376 2204; baseline 0 -19"><span class='ocrx_word' id='word_1_123' title='bbox 225 2121 429 2200; x_wconf 56' lang='lat' dir='ltr'><strong>dissimilius</strong></span> <span class='ocrx_word' id='word_1_124' title='bbox 462 2121 526 2185; x_wconf 89' lang='lat' dir='ltr'><strong>uisi</strong></span> <span class='ocrx_word' id='word_1_125' title='bbox 560 2121 648 2203; x_wconf 90' lang='lat' dir='ltr'><strong>quod</strong></span> <span class='ocrx_word' id='word_1_126' title='bbox 678 2127 820 2203; x_wconf 86' lang='lat' dir='ltr'><strong>utroque</strong></span> <span class='ocrx_word' id='word_1_127' title='bbox 848 2120 921 2185; x_wconf 89' lang='lat' dir='ltr'><strong>loco</strong></span> <span class='ocrx_word' id='word_1_128' title='bbox 950 2120 1091 2184; x_wconf 90' lang='lat' dir='ltr'><strong>facilis</strong></span> <span class='ocrx_word' id='word_1_129' title='bbox 1120 2129 1153 2184; x_wconf 86' lang='lat' dir='ltr'><strong>et</strong></span> <span class='ocrx_word' id='word_1_130' title='bbox 1180 2120 1219 2184; x_wconf 92' lang='lat' dir='ltr'><strong>in</strong></span> <span class='ocrx_word' id='word_1_131' title='bbox 1246 2120 1376 2204; x_wconf 82' lang='lat' dir='ltr'><strong>legitur.</strong></span> 
     </span>
     <span class='ocr_line' id='line_1_18' title="bbox 225 2227 1376 2294; baseline -0.001 -1"><span class='ocrx_word' id='word_1_132' title='bbox 225 2229 406 2294; x_wconf 89' lang='lat' dir='ltr'><strong>Lenissimo</strong></span> <span class='ocrx_word' id='word_1_133' title='bbox 435 2228 581 2292; x_wconf 87' lang='lat' dir='ltr'><strong>remedio</strong></span> <span class='ocrx_word' id='word_1_134' title='bbox 609 2227 747 2293; x_wconf 88' lang='lat' dir='ltr'><strong>tolletur</strong></span> <span class='ocrx_word' id='word_1_135' title='bbox 768 2228 978 2292; x_wconf 89' lang='lat' dir='ltr'><strong>manifestum</strong></span> <span class='ocrx_word' id='word_1_136' title='bbox 1001 2227 1099 2292; x_wconf 89' lang='lat' dir='ltr'><strong>huius</strong></span> <span class='ocrx_word' id='word_1_137' title='bbox 1121 2227 1186 2292; x_wconf 88' lang='lat' dir='ltr'><strong>loci</strong></span> <span class='ocrx_word' id='word_1_138' title='bbox 1207 2228 1376 2292; x_wconf 89' lang='lat' dir='ltr'><strong>mendum:</strong></span> 
     </span>
     <span class='ocr_line' id='line_1_19' title="bbox 223 2334 1377 2419; baseline 0 -19"><span class='ocrx_word' id='word_1_139' title='bbox 223 2336 405 2401; x_wconf 88' lang='lat' dir='ltr'><strong>faciliori</strong></span> <span class='ocrx_word' id='word_1_140' title='bbox 435 2354 616 2400; x_wconf 89' lang='lat' dir='ltr'><strong>ascensu.</strong></span> <span class='ocrx_word' id='word_1_141' title='bbox 668 2334 776 2411; x_wconf 84' lang='lat' dir='ltr'><strong>Quum</strong></span> <span class='ocrx_word' id='word_1_142' title='bbox 804 2335 960 2400; x_wconf 88' lang='lat' dir='ltr'><strong>librarius</strong></span> <span class='ocrx_word' id='word_1_143' title='bbox 983 2337 1182 2419; x_wconf 84' lang='lat' dir='ltr'><strong>scripsisset:</strong></span> <span class='ocrx_word' id='word_1_144' title='bbox 1213 2335 1377 2418; x_wconf 85' lang='lat' dir='ltr'><strong>crepido</strong></span> 
     </span>
     <span class='ocr_line' id='line_1_20' title="bbox 224 2442 1377 2526; baseline -0.001 -19"><span class='ocrx_word' id='word_1_145' title='bbox 224 2443 327 2508; x_wconf 89' lang='lat' dir='ltr'><strong>haud</strong></span> <span class='ocrx_word' id='word_1_146' title='bbox 349 2442 531 2521; x_wconf 89' lang='lat' dir='ltr'><strong>facilior,</strong></span> <span class='ocrx_word' id='word_1_147' title='bbox 562 2463 600 2506; x_wconf 90' lang='lat' dir='ltr'><strong>ex</strong></span> <span class='ocrx_word' id='word_1_148' title='bbox 622 2443 634 2505; x_wconf 97' lang='grc' dir='ltr'>Ι</span> <span class='ocrx_word' id='word_1_149' title='bbox 657 2442 794 2521; x_wconf 87' lang='lat' dir='ltr'><strong>littera‚·</strong></span> <span class='ocrx_word' id='word_1_150' title='bbox 813 2465 885 2525; x_wconf 82' lang='lat' dir='ltr'><strong>quae</strong></span> <span class='ocrx_word' id='word_1_151' title='bbox 907 2449 1095 2526; x_wconf 88' lang='lat' dir='ltr'><strong>supererat,</strong></span> <span class='ocrx_word' id='word_1_152' title='bbox 1123 2442 1204 2507; x_wconf 86' lang='lat' dir='ltr'><strong>feeit</strong></span> <span class='ocrx_word' id='word_1_153' title='bbox 1224 2442 1279 2521; x_wconf 90' lang='lat' dir='ltr'><strong>in,</strong></span> <span class='ocrx_word' id='word_1_154' title='bbox 1306 2449 1377 2506; x_wconf 92' lang='lat' dir='ltr'><strong>tum</strong></span> 
     </span>
     <span class='ocr_line' id='line_1_21' title="bbox 224 2541 1061 2616; baseline -0.004 0"><span class='ocrx_word' id='word_1_155' title='bbox 224 2571 442 2616; x_wconf 84' lang='lat' dir='ltr'><strong>ascensum.</strong></span> <span class='ocrx_word' id='word_1_156' title='bbox 1059 2541 1061 2544; x_wconf 38' lang='lat'>¹</span> 
     </span>
    </p>

    <p class='ocr_par' dir='ltr' id='par_1_4' title="bbox 224 2655 1480 3061">
     <span class='ocr_line' id='line_1_22' title="bbox 311 2655 1380 2740; baseline 0 -20"><span class='ocrx_word' id='word_1_157' title='bbox 311 2656 390 2740; x_wconf 86' lang='lat' dir='ltr'><strong>Cap.</strong></span> <span class='ocrx_word' id='word_1_158' title='bbox 414 2661 465 2734; x_wconf 75' lang='lat'><strong>20,</strong></span> <span class='ocrx_word' id='word_1_159' title='bbox 489 2660 522 2719; x_wconf 88' lang='lat'><strong>3:</strong></span> <span class='ocrx_word' id='word_1_160' title='bbox 557 2656 702 2722; x_wconf 87' lang='lat' dir='ltr'><strong>Paucis</strong></span> <span class='ocrx_word' id='word_1_161' title='bbox 730 2666 822 2740; x_wconf 90' lang='lat' dir='ltr'><strong>post</strong></span> <span class='ocrx_word' id='word_1_162' title='bbox 845 2658 1054 2723; x_wconf 88' lang='lat' dir='ltr'><strong>-diebus</strong></span> <span class='ocrx_word' id='word_1_163' title='bbox 1080 2655 1380 2722; x_wconf 88' lang='lat' dir='ltr'><strong>—Hasdrubal</strong></span> 
     </span>
     <span class='ocr_line' id='line_1_23' title="bbox 226 2762 1378 2848; baseline -0.001 -19"><span class='ocrx_word' id='word_1_164' title='bbox 226 2764 418 2845; x_wconf 84' lang='lat' dir='ltr'><strong>Gisgonis</strong></span> <span class='ocrx_word' id='word_1_165' title='bbox 448 2762 567 2827; x_wconf 92' lang='lat' dir='ltr'><strong>filius</strong></span> <span class='ocrx_word' id='word_1_166' title='bbox 597 2771 636 2827; x_wconf 92' lang='lat' dir='ltr'><strong>et</strong></span> <span class='ocrx_word' id='word_1_167' title='bbox 657 2764 773 2847; x_wconf 86' lang='lat' dir='ltr'><strong>Mago</strong></span> <span class='ocrx_word' id='word_1_168' title='bbox 802 2766 1072 2848; x_wconf 89' lang='lat' dir='ltr'><strong>imperatores</strong></span> <span class='ocrx_word' id='word_1_169' title='bbox 1101 2786 1145 2830; x_wconf 85' lang='lat' dir='ltr'><strong>ex</strong></span> <span class='ocrx_word' id='word_1_170' title='bbox 1173 2764 1378 2830; x_wconf 89' lang='lat' dir='ltr'><strong>ulteriore</strong></span> 
     </span>
     <span class='ocr_line' id='line_1_24' title="bbox 224 2870 1378 2956; baseline 0.002 -22"><span class='ocrx_word' id='word_1_171' title='bbox 224 2871 422 2954; x_wconf 88' lang='lat' dir='ltr'><strong>Hispania</strong></span> <span class='ocrx_word' id='word_1_172' title='bbox 444 2871 491 2934; x_wconf 91' lang='lat' dir='ltr'><strong>ad</strong></span> <span class='ocrx_word' id='word_1_173' title='bbox 513 2870 808 2936; x_wconf 88' lang='lat' dir='ltr'><strong>Hasdrubalem</strong></span> <span class='ocrx_word' id='word_1_174' title='bbox 833 2893 986 2950; x_wconf 83' lang='lat' dir='ltr'><strong>venere,</strong></span> <span class='ocrx_word' id='word_1_175' title='bbox 1012 2894 1142 2938; x_wconf 91' lang='lat' dir='ltr'><strong>serum</strong></span> <span class='ocrx_word' id='word_1_176' title='bbox 1164 2878 1256 2956; x_wconf 88' lang='lat' dir='ltr'><strong>post</strong></span> <span class='ocrx_word' id='word_1_177' title='bbox 1276 2870 1378 2936; x_wconf 90' lang='lat' dir='ltr'><strong>male</strong></span> 
     </span>
     <span class='ocr_line' id='line_1_25' title="bbox 225 2979 1480 3061; baseline 0.001 -18"><span class='ocrx_word' id='word_1_178' title='bbox 225 2985 376 3061; x_wconf 80' lang='lat' dir='ltr'><strong>gestam</strong></span> <span class='ocrx_word' id='word_1_179' title='bbox 414 2999 494 3042; x_wconf 90' lang='lat' dir='ltr'><strong>rem</strong></span> <span class='ocrx_word' id='word_1_180' title='bbox 536 2980 749 3058; x_wconf 83' lang='lat' dir='ltr'><strong>auxilium,</strong></span> <span class='ocrx_word' id='word_1_181' title='bbox 790 2979 966 3044; x_wconf 87' lang='lat' dir='ltr'><strong>consilio</strong></span> <span class='ocrx_word' id='word_1_182' title='bbox 1005 2982 1045 3045; x_wconf 92' lang='lat' dir='ltr'><strong>in</strong></span> <span class='ocrx_word' id='word_1_183' title='bbox 1084 2987 1229 3045; x_wconf 88' lang='lat' dir='ltr'><strong>cetera</strong></span> <span class='ocrx_word' id='word_1_184' title='bbox 1262 3000 1378 3044; x_wconf 83' lang='lat' dir='ltr'><strong>exse·</strong></span> <span class='ocrx_word' id='word_1_185' title='bbox 1475 3006 1480 3014; x_wconf 94' lang='lat'><strong>·</strong></span> 
     </span>
    </p>
   </div>
   <div class='ocr_carea' id='block_1_3' title="bbox 224 3086 1380 3602">
    <p class='ocr_par' dir='ltr' id='par_1_5' title="bbox 224 3086 1380 3602">
     <span class='ocr_line' id='line_1_26' title="bbox 224 3086 1377 3171; baseline 0.001 -21"><span class='ocrx_word' id='word_1_186' title='bbox 224 3086 383 3171; x_wconf 88' lang='lat' dir='ltr'><strong>quenda</strong></span> <span class='ocrx_word' id='word_1_187' title='bbox 409 3086 511 3151; x_wconf 92' lang='lat' dir='ltr'><strong>belli</strong></span> <span class='ocrx_word' id='word_1_188' title='bbox 541 3086 648 3151; x_wconf 85' lang='lat' dir='ltr'><strong>haud</strong></span> <span class='ocrx_word' id='word_1_189' title='bbox 677 3108 817 3170; x_wconf 89' lang='lat' dir='ltr'><strong>parum</strong></span> <span class='ocrx_word' id='word_1_190' title='bbox 846 3090 1077 3171; x_wconf 88' lang='lat' dir='ltr'><strong>opportuni.</strong></span> <span class='ocrx_word' id='word_1_191' title='bbox 1135 3087 1244 3153; x_wconf 87' lang='lat' dir='ltr'><strong>Sensit</strong></span> <span class='ocrx_word' id='word_1_192' title='bbox 1272 3086 1377 3151; x_wconf 88' lang='lat' dir='ltr'><strong>Weis-</strong></span> 
     </span>
     <span class='ocr_line' id='line_1_27' title="bbox 225 3194 1379 3277; baseline -0.001 -17"><span class='ocrx_word' id='word_1_193' title='bbox 225 3195 418 3260; x_wconf 87' lang='lat' dir='ltr'><strong>senbornius</strong></span> <span class='ocrx_word' id='word_1_194' title='bbox 456 3216 607 3277; x_wconf 82' lang='lat' dir='ltr'><strong>perverse</strong></span> <span class='ocrx_word' id='word_1_195' title='bbox 642 3194 711 3259; x_wconf 89' lang='lat' dir='ltr'><strong>haec</strong></span> <span class='ocrx_word' id='word_1_196' title='bbox 746 3196 825 3274; x_wconf 86' lang='lat' dir='ltr'><strong>dici,</strong></span> <span class='ocrx_word' id='word_1_197' title='bbox 859 3216 920 3260; x_wconf 88' lang='lat' dir='ltr'><strong>nec</strong></span> <span class='ocrx_word' id='word_1_198' title='bbox 949 3202 1060 3261; x_wconf 88' lang='lat' dir='ltr'><strong>tamen</strong></span> <span class='ocrx_word' id='word_1_199' title='bbox 1090 3195 1247 3260; x_wconf 85' lang='lat' dir='ltr'><strong>damnare</strong></span> <span class='ocrx_word' id='word_1_200' title='bbox 1278 3215 1379 3259; x_wconf 89' lang='lat' dir='ltr'><strong>ausus</strong></span> 
     </span>
     <span class='ocr_line' id='line_1_28' title="bbox 225 3301 1379 3378; baseline -0.002 -10"><span class='ocrx_word' id='word_1_201' title='bbox 225 3309 282 3368; x_wconf 90' lang='lat' dir='ltr'><strong>est.</strong></span> <span class='ocrx_word' id='word_1_202' title='bbox 335 3301 419 3378; x_wconf 87' lang='lat' dir='ltr'><strong>Quid</strong></span> <span class='ocrx_word' id='word_1_203' title='bbox 443 3308 494 3367; x_wconf 88' lang='lat' dir='ltr'><strong>est</strong></span> <span class='ocrx_word' id='word_1_204' title='bbox 516 3303 616 3365; x_wconf 91' lang='lat' dir='ltr'><strong>enim:</strong></span> <span class='ocrx_word' id='word_1_205' title='bbox 652 3303 870 3368; x_wconf 87' lang='lat' dir='ltr'><strong>consilium</strong></span> <span class='ocrx_word' id='word_1_206' title='bbox 899 3302 1002 3367; x_wconf 89' lang='lat' dir='ltr'><strong>belli</strong></span> <span class='ocrx_word' id='word_1_207' title='bbox 1031 3305 1070 3366; x_wconf 92' lang='lat' dir='ltr'><strong>in</strong></span> <span class='ocrx_word' id='word_1_208' title='bbox 1099 3309 1241 3367; x_wconf 85' lang='lat' dir='ltr'><strong>cetera</strong></span> <span class='ocrx_word' id='word_1_209' title='bbox 1263 3322 1379 3366; x_wconf 80' lang='lat' dir='ltr'><strong>exse·</strong></span> 
     </span>
     <span class='ocr_line' id='line_1_29' title="bbox 225 3409 1380 3493; baseline -0.001 -19"><span class='ocrx_word' id='word_1_210' title='bbox 225 3410 385 3492; x_wconf 90' lang='lat' dir='ltr'><strong>quenda</strong></span> <span class='ocrx_word' id='word_1_211' title='bbox 407 3417 465 3474; x_wconf 80' lang='lat' dir='ltr'><strong>aut</strong></span> <span class='ocrx_word' id='word_1_212' title='bbox 488 3410 666 3491; x_wconf 86' lang='lat' dir='ltr'><strong>(quomodo</strong></span> <span class='ocrx_word' id='word_1_213' title='bbox 689 3412 759 3493; x_wconf 90' lang='lat' dir='ltr'><strong>ipse</strong></span> <span class='ocrx_word' id='word_1_214' title='bbox 781 3411 882 3475; x_wconf 86' lang='lat' dir='ltr'><strong>verba</strong></span> <span class='ocrx_word' id='word_1_215' title='bbox 905 3410 1066 3491; x_wconf 77' lang='lat' dir='ltr'><strong>ordinatl:</strong></span> <span class='ocrx_word' id='word_1_216' title='bbox 1096 3409 1316 3475; x_wconf 90' lang='lat' dir='ltr'><strong>consilium</strong></span> <span class='ocrx_word' id='word_1_217' title='bbox 1340 3411 1380 3473; x_wconf 92' lang='lat' dir='ltr'><strong>in</strong></span> 
     </span>
     <span class='ocr_line' id='line_1_30' title="bbox 225 3516 1379 3602; baseline -0.001 -21"><span class='ocrx_word' id='word_1_218' title='bbox 225 3525 365 3582; x_wconf 84' lang='lat' dir='ltr'><strong>cetera</strong></span> <span class='ocrx_word' id='word_1_219' title='bbox 397 3516 496 3581; x_wconf 93' lang='lat' dir='ltr'><strong>belli</strong></span> <span class='ocrx_word' id='word_1_220' title='bbox 531 3518 812 3602; x_wconf 82' lang='lat' dir='ltr'><strong>exsequenda?</strong></span> <span class='ocrx_word' id='word_1_221' title='bbox 851 3516 931 3594; x_wconf 84' lang='lat' dir='ltr'><strong>Quis</strong></span> <span class='ocrx_word' id='word_1_222' title='bbox 961 3519 1058 3583; x_wconf 81' lang='lat' dir='ltr'><strong>dixit:</strong></span> <span class='ocrx_word' id='word_1_223' title='bbox 1094 3516 1379 3584; x_wconf 89' lang='lat' dir='ltr'><strong>consiliumin</strong></span> 
     </span>
    </p>
   </div>
   <div class='ocr_carea' id='block_1_4' title="bbox 226 3691 446 3698">
    <p class='ocr_par' dir='ltr' id='par_1_6' title="bbox 226 3691 446 3698">
     <span class='ocr_line' id='line_1_31' title="bbox 226 3691 446 3698; baseline -0.014 0"><span class='ocrx_word' id='word_1_224' title='bbox 226 3692 247 3698; x_wconf 78' lang='grc'><strong>..-</strong></span> <span class='ocrx_word' id='word_1_225' title='bbox 263 3691 446 3698; x_wconf 75' lang='lat'><em>—--1—-..-.</em></span> 
     </span>
    </p>
   </div>
   <div class='ocr_carea' id='block_1_5' title="bbox 155 3785 1481 4198">
    <p class='ocr_par' dir='ltr' id='par_1_7' title="bbox 155 3785 1481 4198">
     <span class='ocr_line' id='line_1_32' title="bbox 155 3785 1481 3876; baseline 0.003 -39"><span class='ocrx_word' id='word_1_226' title='bbox 155 3816 164 3837; x_wconf 87' lang='lat'><em>.</em></span> <span class='ocrx_word' id='word_1_227' title='bbox 253 3787 279 3855; x_wconf 95' lang='lat'><strong>¹)</strong></span> <span class='ocrx_word' id='word_1_228' title='bbox 298 3787 363 3857; x_wconf 87' lang='lat' dir='ltr'><strong>Cap.</strong></span> <span class='ocrx_word' id='word_1_229' title='bbox 386 3790 430 3853; x_wconf 76' lang='grc'><strong>14,</strong></span> <span class='ocrx_word' id='word_1_230' title='bbox 454 3785 607 3840; x_wconf 85' lang='lat' dir='ltr'><strong>9f0rtasss</strong></span> <span class='ocrx_word' id='word_1_231' title='bbox 631 3786 823 3842; x_wconf 82' lang='lat' dir='ltr'><strong>scribendum:</strong></span> <span class='ocrx_word' id='word_1_232' title='bbox 852 3786 992 3842; x_wconf 83' lang='lat' dir='ltr'><strong>Haesere</strong></span> <span class='ocrx_word' id='word_1_233' title='bbox 1015 3788 1282 3876; x_wconf 25' lang='lat' dir='ltr'><strong>omniaotcla-</strong></span> <span class='ocrx_word' id='word_1_234' title='bbox 1300 3804 1382 3842; x_wconf 89' lang='lat' dir='ltr'><strong>eon·</strong></span> <span class='ocrx_word' id='word_1_235' title='bbox 1478 3866 1481 3871; x_wconf 71' lang='lat'><em>,</em></span> 
     </span>
     <span class='ocr_line' id='line_1_33' title="bbox 293 3871 1381 4029; baseline -0.002 -17"><span class='ocrx_word' id='word_1_236' title='bbox 293 3871 648 4012; x_wconf 57' lang='lat' dir='ltr'><strong>{tutaturus</strong></span> <span class='ocrx_word' id='word_1_237' title='bbox 660 3874 1066 4013; x_wconf 59' lang='lat' dir='ltr'><strong>tltltlttttt</strong></span> <span class='ocrx_word' id='word_1_238' title='bbox 1080 3875 1196 4025; x_wconf 68' lang='lat' dir='ltr'><strong>ltu</strong></span> <span class='ocrx_word' id='word_1_239' title='bbox 1219 3872 1285 4029; x_wconf 62' lang='lat' dir='ltr'><strong>&#39;cii</strong></span> <span class='ocrx_word' id='word_1_240' title='bbox 1301 3872 1381 4024; x_wconf 58' lang='lat' dir='ltr'><strong>tlt</strong></span> 
     </span>
     <span class='ocr_line' id='line_1_34' title="bbox 293 4040 1380 4112; baseline -0.001 -16"><span class='ocrx_word' id='word_1_241' title='bbox 293 4040 468 4097; x_wconf 81' lang='lat' dir='ltr'>LXXXIII</span> <span class='ocrx_word' id='word_1_242' title='bbox 487 4041 613 4095; x_wconf 41' lang='lat' dir='ltr'><strong>‚millia</strong></span> <span class='ocrx_word' id='word_1_243' title='bbox 638 4042 801 4112; x_wconf 76' lang='lat' dir='ltr'><strong>corruptum</strong></span> <span class='ocrx_word' id='word_1_244' title='bbox 829 4060 890 4098; x_wconf 85' lang='lat' dir='ltr'><strong>esse</strong></span> <span class='ocrx_word' id='word_1_245' title='bbox 919 4050 1039 4098; x_wconf 80' lang='lat' dir='ltr'><strong>constat.</strong></span> <span class='ocrx_word' id='word_1_246' title='bbox 1086 4044 1217 4099; x_wconf 79' lang='lat' dir='ltr'><strong>Fortasse</strong></span> <span class='ocrx_word' id='word_1_247' title='bbox 1245 4043 1298 4096; x_wconf 86' lang='lat' dir='ltr'><strong>fuit</strong></span> <span class='ocrx_word' id='word_1_248' title='bbox 1325 4041 1380 4095; x_wconf 90' lang='lat'><strong>111</strong></span> 
     </span>
     <span class='ocr_line' id='line_1_35' title="bbox 293 4126 1363 4198; baseline -0.001 -16"><span class='ocrx_word' id='word_1_249' title='bbox 293 4128 407 4182; x_wconf 87' lang='lat' dir='ltr'><strong>millia</strong></span> <span class='ocrx_word' id='word_1_250' title='bbox 424 4126 549 4180; x_wconf 87' lang='lat' dir='ltr'>LXXX.</span> <span class='ocrx_word' id='word_1_251' title='bbox 579 4126 680 4196; x_wconf 82' lang='lat' dir='ltr'><strong>Capuae</strong></span> <span class='ocrx_word' id='word_1_252' title='bbox 699 4135 782 4198; x_wconf 85' lang='lat' dir='ltr'><strong>capta</strong></span> <span class='ocrx_word' id='word_1_253' title='bbox 799 4129 859 4183; x_wconf 87' lang='lat' dir='ltr'><strong>auri</strong></span> <span class='ocrx_word' id='word_1_254' title='bbox 877 4128 973 4198; x_wconf 89' lang='lat' dir='ltr'><strong>pondo</strong></span> <span class='ocrx_word' id='word_1_255' title='bbox 992 4128 1021 4182; x_wconf 91' lang='lat'><strong>11</strong></span> <span class='ocrx_word' id='word_1_256' title='bbox 1039 4129 1128 4184; x_wconf 89' lang='lat' dir='ltr'><strong>millia</strong></span> <span class='ocrx_word' id='word_1_257' title='bbox 1146 4127 1230 4183; x_wconf 76' lang='lat' dir='ltr'><strong>LXX</strong></span> <span class='ocrx_word' id='word_1_258' title='bbox 1260 4127 1363 4196; x_wconf 77' lang='lat' dir='ltr'><strong>(laec.)</strong></span> 
     </span>
    </p>
   </div>
   <div class='ocr_carea' id='block_1_6' title="bbox 0 0 1540 5272">
    <p class='ocr_par' dir='ltr' id='par_1_8' title="bbox 0 0 1540 5272">
     <span class='ocr_line' id='line_1_36' title="bbox 0 0 1540 5272; baseline 0 0"><span class='ocrx_word' id='word_1_259' title='bbox 0 0 1540 5272; x_wconf 95' lang='lat' dir='ltr'><strong> </strong></span> 
     </span>
    </p>
   </div>
  </div>
 </body>
</html>
