3060 5272
811 277 850 338 36

256 463 287 529 S.
310 463 413 529 Marci
434 464 659 529 Florentinum
681 460 833 526 Hertzius
856 461 996 539 iudicat,
1037 462 1093 544 qui
1123 463 1194 526 eius
1223 463 1406 546 scripturas

255 572 371 638 babuit
393 594 413 637 a
434 572 541 638 Keilio
565 576 725 637 enotatas.

338 681 366 745 A
400 681 511 746 codice
539 679 650 765 aliquo
680 700 754 743 cum
781 677 879 742 LlHl
911 684 945 742 et
973 699 1047 742 oum
1075 678 1101 742 P
1130 679 1311 762 cognato¹)
1340 680 1408 745 orti

254 789 433 855 deteriores
457 788 586 854 codices
610 792 696 865 sunt,
723 786 872 859 errando,
901 786 1101 869 corrigendo,
1124 786 1283 853 audacter
1304 789 1407 853 inter·

254 897 394 982 polando
422 897 517 980 longe
546 896 588 961 ab
619 896 743 978 origine
772 893 999 974 deflectentes,
1034 895 1092 960 sed
1127 916 1167 959 ea
1194 897 1406 980 interpolatio

252 1007 373 1090 partim
397 1005 576 1070 communis
600 1011 664 1083 est,
694 1024 733 1067 ex
756 1023 820 1067 uno
843 1002 933 1067 fonte
958 1003 1119 1082 derivata,
1149 1005 1270 1087 partim
1294 1006 1405 1088 singu-

251 1115 357 1179 lorum
379 1121 439 1179 aut
461 1112 667 1197 quorundam
689 1112 737 1175 ita
759 1111 901 1194 propria,
924 1116 962 1175 ut
984 1118 1095 1176 tamen
1117 1109 1347 1178 transferendo
1370 1114 1405 1178 in

252 1223 334 1288 alios
357 1223 549 1300 misceatur3
573 1242 645 1303 quae
669 1240 840 1303 quousque
864 1240 1038 1302 progressa
1060 1241 1124 1284 non
1147 1240 1222 1284 raro
1246 1222 1296 1301 sit,
1321 1224 1404 1288 satis

251 1332 314 1396 erit
342 1352 407 1395 uno
435 1329 584 1413 exemplo
608 1327 809 1406 declarasse3
843 1349 917 1391 nam
945 1327 979 1391 in
1007 1326 1091 1393 libro
1122 1327 1182 1407 lll,
1212 1332 1246 1408 7,
1275 1334 1294 1393 7
1317 1328 1405 1414 (pu-

250 1438 361 1504 blica
399 1438 652 1502 auctoritate
693 1457 934 1500 consensum
972 1437 1012 1500 in
1046 1458 1198 1500 omnem
1237 1435 1405 1503 formam

252 1548 389 1611 luctus
419 1548 493 1626 est)
517 1566 618 1628 quum
640 1565 700 1627 pro
724 1564 962 1608 consensum
985 1544 1107 1609 alicubi
1129 1536 1290 1628 scriptum
1313 1553 1402 1611 esset

250 1676 466 1731 consensu,
496 1653 571 1717 hinc
594 1653 626 1716 in
650 1651 774 1735 Sigonii
797 1651 917 1732 codice,
945 1651 1048 1717 Palat.
1072 1657 1101 1731 2,
1131 1652 1233 1718 Oxon.
1256 1652 1403 1731 Hearnii‚

252 1762 343 1827 Harl.
367 1766 403 1840 2,
438 1760 589 1840 Gaertn.,
622 1760 775 1840 Havete,
808 1760 921 1844 fragm.
946 1761 1080 1825 Haverc.
1105 1760 1137 1840 (2
1162 1761 1262 1843 man.)
1286 1770 1404 1828 natum

252 1877 316 1936 est:
364 1870 618 1935 auctoritate
664 1890 915 1933 eonsensuve
961 1871 1000 1933 in
1046 1891 1195 1934 omnem
1234 1870 1402 1935 formam

197 2057 199 2062 ,
250 1979 386 2044 luctus
415 1974 593 2061 populus
621 1998 768 2041 versus
797 1984 867 2042 est.
920 1977 1063 2042 Minores
1092 1979 1211 2062 stirpes
1234 1981 1402 2062 cognatio-

249 2109 372 2171 nesque
396 2094 429 2152 et
451 2092 586 2170 propter
609 2106 691 2164 eam,
720 2107 820 2168 quam
844 2086 919 2157 dixi,
949 2085 1213 2169 interpolationis
1236 2086 1401 2153 confusio·

249 2218 322 2260 nem
372 2193 504 2260 difficile
544 2200 594 2258 est
634 2194 833 2276 distinguere
874 2216 933 2258 nec
973 2216 1079 2278 operae
1119 2196 1276 2279 pretium,
1322 2197 1402 2280 quio

249 2325 384 2388 prorsus
408 2302 625 2386 improbabile
649 2309 712 2381 est,
746 2302 927 2386 quidquam
955 2304 1023 2367 veri
1052 2325 1091 2368 ex
1119 2305 1191 2388 ipso
1215 2304 1325 2369 codice
1348 2326 1401 2370 ur·

249 2413 387 2496 chetypo
420 2412 454 2475 in
487 2409 537 2474 his
572 2418 737 2475 servatum
767 2432 851 2491 esse,
887 2412 975 2495 quod
1008 2413 1041 2475 iu
1075 2411 1196 2495 triplici
1229 2412 1400 2477 meliorum

249 2521 352 2602 stirpe
375 2518 461 2600 (MR,
485 2518 519 2597 P,
541 2517 655 2600 LlHl)
680 2517 907 2584 oblitteratum
931 2521 982 2600 sit,
1005 2520 1135 2600 nedum,
1159 2521 1187 2585 si
1211 2520 1292 2604 quid
1315 2522 1400 2605 eius-

250 2627 338 2692 modi
373 2628 430 2705 sit,
470 2628 601 2709 agnosci
640 2633 674 2692 et
707 2649 766 2710 pro
801 2634 890 2692 certo
924 2629 1112 2693 testimonio
1146 2629 1250 2712 accipi
1283 2631 1399 2712 possit.

248 2733 448 2817 Corrigendo
478 2741 514 2798 ut
541 2734 688 2818 plurimis
717 2735 796 2799 locis
821 2735 1028 2815 aberratum,
1061 2737 1109 2801 ita
1140 2735 1306 2802 interdum
1340 2739 1399 2802 mi-

247 2865 327 2908 nora
350 2843 469 2908 menda
490 2841 578 2907 recte
602 2843 735 2908 sublata
758 2850 842 2923 sunt,
872 2844 1053 2909 cuiusmodi
1077 2850 1137 2923 est,
1161 2844 1250 2928 quod
1272 2844 1326 2926 IV,
1351 2852 1400 2926 13,

251 2957 289 3017 10
322 2951 355 3015 in
391 2949 481 3017 Harl.
511 2955 546 3028 2,
587 2951 734 3032 Portug.,
768 2949 903 3015 Haverc.
934 2974 1007 3016 vere
1042 2953 1211 3032 scribitur,
1249 2954 1318 3018 iure
1353 2954 1396 3018 M.

247 3059 392 3143 Hauptio
437 3059 575 3142 aliisque
615 3058 847 3142 probantibus:
916 3059 1004 3138 Quae
1050 3067 1266 3144 postquam
1305 3070 1398 3127 sunt

246 3168 404 3246 audita,
443 3174 481 3231 et
520 3167 699 3252 undique
740 3170 940 3251 primores
980 3176 1139 3251 patrum
1173 3177 1213 3234 et
1246 3171 1398 3254 prioris

206 3291 215 3310 ·
244 3276 339 3341 anni
368 3275 554 3341 consules
583 3277 814 3360 increpare,
843 3277 950 3360 quod
979 3285 1058 3357 cet,
1093 3279 1125 3341 iu
1149 3277 1260 3342 codice
1284 3278 1397 3343 arche·

274 3470 296 3529 ¹)
315 3468 366 3536 VI,
393 3473 436 3537 11,
459 3471 475 3522 9
494 3476 522 3523 et
542 3473 573 3523 10
596 3469 726 3525 undecim
745 3473 830 3525 verba
847 3472 876 3525 in
894 3471 977 3525 LlHl
998 3473 1099 3525 omissa
1118 3474 1253 3527 omittunt
1271 3474 1350 3528 Voss.
1370 3481 1395 3541 2,

312 3555 380 3609 Lov.
400 3556 424 3620 2,
443 3555 469 3621 3,
487 3554 518 3607 lr.
537 3553 667 3622 Havcrc.;
687 3557 721 3610 de
740 3559 839 3612 ceteris
858 3557 963 3622 siletur,
982 3557 1036 3609 nisi
1054 3557 1129 3623 quod
1148 3558 1177 3610 in
1193 3556 1395 3613 Gaertneriano

314 3643 428 3695 constat
441 3639 526 3692 verba
539 3639 636 3705 luisse,
655 3640 729 3707 VIII,
748 3645 789 3707 33,
810 3644 841 3693 19
856 3646 921 3694 octo
936 3641 1021 3693 verba
1035 3641 1064 3694 in
1078 3640 1160 3694 LlHl
1176 3644 1278 3698 omissa
1295 3645 1394 3699 desunt

313 3726 399 3780 etiam
417 3725 448 3778 in
466 3723 544 3777 Voss.
563 3727 587 3790 2,
606 3725 673 3778 Lov.
693 3727 718 3792 3,
736 3729 761 3791 4,
781 3725 933 3791 Gaertner,
952 3725 983 3778 fr.
1002 3725 1132 3793 Haverc.;
1151 3728 1211 3795 Vll,
1229 3732 1271 3797 24,
1289 3733 1305 3783 9
1324 3730 1392 3784 duo·

313 3810 404 3865 decim
422 3810 516 3877 verba,
539 3826 601 3878 quie
620 3809 650 3863 in
666 3810 779 3864 MLlHl
800 3810 911 3877 desunt,
930 3812 1064 3867 omittunt
1082 3814 1165 3868 etiam
1185 3814 1264 3868 Voss.
1283 3818 1307 3881 2,
1325 3815 1394 3870 Lov.

314 3899 342 3962 3,
369 3895 402 3948 fr.
420 3894 553 3961 Havete,
580 3896 680 3964 reliqui
699 3895 830 3950 dicuntur
848 3895 965 3964 habere,
992 3902 1022 3951 et
1039 3904 1106 3953 sunt
1123 3901 1152 3953 in
1169 3900 1204 3967 P;
1232 3900 1271 3969 X,
1289 3904 1335 3969 29,
1364 3905 1395 3954 17

313 3982 434 4050 quinque
451 3998 534 4036 voces
553 3982 582 4035 in
600 3982 639 4035 Ll
660 3983 774 4036 omissas
794 3982 926 4037 omittunt
944 3983 1028 4038 etiam
1042 3984 1119 4039 Voss.
1139 3992 1264 4055 uterque,
1282 3985 1350 4041 Lov.
1371 3992 1393 4049 1,

313 4068 337 4131 2,
361 4069 385 4133 3,
403 4070 428 4134 4,
451 4067 577 4138 Portug,
597 4066 720 4135 Gaertn,
738 4068 863 4135 Haverc,
882 4066 969 4123 Oxon.
988 4069 1110 4124 Hearnii.
1152 4071 1270 4125 Silentio
1288 4090 1393 4137 eorum,

312 4152 360 4219 qui
378 4154 567 4221 contulerunt,
586 4151 691 4208 confidi
708 4153 812 4220 nequit.
