3060 5272
154 325 218 380 Lim
237 324 311 380 XXI.
702 311 765 373 262

154 517 220 560 non
253 494 348 588 valde
376 496 500 561 moveri
528 495 610 560 locis
637 517 704 560 non
733 495 782 560 ita
809 493 923 559 multis
951 512 991 559 ae
1018 493 1148 578 potius,
1182 493 1212 559 si
1239 512 1318 559 cum

155 602 285 669 infinita
312 605 409 687 copia
431 625 560 684 eorum,
588 602 645 667 ubi
673 608 731 667 aut
759 602 1046 686 praecipitatus
1074 605 1139 667 est
1165 599 1317 667 mults·

155 732 229 794 que
273 726 358 775 eum
396 710 502 775 caede
541 711 708 776 emersit
753 718 812 775 aut
854 710 1144 794 precipitatus
1187 706 1317 774 multa

156 839 240 884 cum
264 818 369 883 caede
392 819 562 883 emersit
584 816 720 898 dicitur,
750 820 994 901 comparantur,
1023 817 1146 901 paucis,
1173 836 1316 900 praeser-

154 927 214 991 tim
254 933 313 990 aut
352 925 586 991 accedentibus
626 925 700 991 aliis
733 925 845 991 mendi
878 924 1009 990 indiciis
1043 930 1104 989 aut
1135 924 1317 1009 perspicua

156 1035 288 1099 errandi
318 1055 436 1111 causa,
469 1032 559 1098 velut
588 1033 677 1115 quod
704 1034 737 1097 in
765 1033 829 1100 hcc
856 1032 927 1115 ipso
955 1031 1042 1097 libro
1071 1051 1099 1096 c.
1123 1035 1180 1112 45,
1214 1034 1234 1095 8
1257 1031 1315 1096 Al-

155 1141 338 1207 schelskius
362 1140 691 1206 etWeissenbornius
715 1139 782 1223 [hie
803 1160 891 1206 nunc
915 1139 1038 1204 additis
1055 1136 1163 1221 uncis]
1183 1137 1315 1205 cedices

155 1251 259 1315 secuti
293 1249 483 1315 ediderunt:
523 1253 719 1331 precatus
754 1248 867 1326 deos,
900 1248 960 1311 ita
993 1268 1034 1312 sc
1067 1251 1315 1326 mactarent,

84 1342 91 1352 ⁸
155 1356 492 1441 quemadmodum
526 1357 615 1439 ipse
649 1375 790 1436 agnum
824 1359 1060 1432 mactasset,
1100 1361 1140 1419 et
1171 1373 1317 1419 secun·

156 1464 246 1529 dum
281 1464 565 1547 precationem
600 1468 724 1545 caput
757 1462 926 1545 pecudis
961 1481 1057 1526 saxo
1091 1461 1222 1542 elisit,
1255 1461 1316 1526 ubi

155 1592 250 1637 nemo
273 1591 348 1651 non,
376 1570 463 1634 unde
487 1576 595 1634 ortum
618 1571 662 1633 sit
685 1577 732 1647 et,
756 1570 855 1634 videt.
907 1569 1080 1634 Geminum
1102 1568 1180 1634 huic
1202 1568 1315 1634 mendi

156 1679 281 1761 origine
305 1682 366 1755 est,
396 1677 486 1759 quod
507 1676 562 1756 IV,
594 1681 621 1755 l,
654 1679 865 1754 firetinetur,
896 1683 1081 1741 correctum
1103 1675 1183 1741 olim
1203 1676 1239 1741 in
1260 1675 1314 1741 ed.

158 1785 380 1850 Frobeniana:
404 1784 499 1849 Tum
523 1782 556 1848 C.
582 1782 804 1849 Canuleius
827 1804 957 1868 pauca
978 1786 1019 1848 in
1044 1790 1190 1848 senatu
1211 1785 1315 1849 voci·

155 1891 592 1973 feretus,:-nunquam
610 1892 936 1957 eos—dilectum
952 1890 1184 1970 habituros,
1201 1895 1315 1956 ente·

156 2018 270 2084 quam
292 1999 499 2083 -plebes
528 2000 742 2078 scivisset,
772 2006 811 2064 et
838 1998 1056 2064 confestim
1086 1998 1135 2063 ad
1156 1998 1314 2065 contio·

156 2128 243 2172 nem
272 2107 499 2173 advocavit.
550 2108 587 2187 V,
612 2111 662 2185 25,
686 2111 705 2170 8
730 2106 938 2189 (Matronae
959 2142 1004 2151 —
1026 2106 1222 2171 communi
1245 2105 1315 2171 de·

157 2221 269 2281 creto
300 2214 501 2299 pollicitae
524 2235 728 2279 —aurum
757 2221 796 2279 et
819 2215 953 2279 emnia
976 2219 1219 2279 ornamenta
1241 2234 1315 2280 sua

157 2325 199 2389 in
237 2324 423 2388 aerarium
463 2320 717 2402 detulerunt)
757 2343 857 2403 quum
897 2322 931 2385 in
971 2342 1134 2387 concursu
1173 2320 1315 2386 duorum

156 2433 419 2496 accusativorum
441 2451 507 2494 non
531 2429 857 2508 animadverteretur,
882 2429 1022 2494 alterum
1040 2429 1083 2494 ed
1104 2428 1315 2512 pollicitae,

159 2538 301 2603 alterum
331 2537 373 2601 ad
396 2537 636 2602 detulerunt
659 2539 823 2620 pertinere
848 2536 925 2619 (vid.
950 2560 981 2620 p.
1008 2535 1098 2619 120),
1126 2535 1242 2628 addita
1263 2542 1316 2600 est

159 2645 286 2728 copula.
320 2644 424 2723 XXII,
451 2647 500 2721 16,
525 2649 543 2707 7
567 2665 666 2728 prave
690 2645 869 2728 separatim
891 2642 961 2708 haec
979 2649 1163 2727 ponuntur:
1185 2642 1315 2708 Faces

157 2753 340 2835 undique
370 2773 415 2815 ex
443 2752 551 2834 agris
581 2751 766 2818 collectae
787 2751 1005 2833 fascesque
1028 2787 1069 2796 -
1093 2750 1201 2815 aridi
1224 2770 1314 2815 sar·

157 2861 296 2939 menti,
330 2866 489 2942 tanquam
522 2859 563 2923 de
597 2858 790 2925 collectione
823 2859 933 2924 facum
966 2866 1084 2940 agatur
1111 2880 1150 2923 ac
1178 2879 1244 2924 uon
1272 2857 1314 2923 de

157 2989 235 3046 usu,
264 2973 336 3031 tum
359 2966 506 3047 additur,
535 2972 662 3031 mutate
685 2972 848 3050 tempore,
876 2966 1227 3051 praeliganturque
1251 2971 1312 3031 eet.

156 3075 326 3140 Particula
348 3095 457 3139 errore
481 3075 595 3139 addite
618 3082 684 3152 est,
719 3075 808 3157 quod
837 3076 956 3158 saepius
984 3075 1017 3138 in
1040 3074 1065 3136 P
1087 3074 1212 3138 factum
1242 3094 1315 3139 esse

158 3183 288 3250 ostendi
322 3203 424 3264 supra
456 3204 487 3265 p.
522 3186 594 3246 208.
656 3180 789 3245 Nullam
827 3183 892 3247 nisi
925 3182 1027 3260 hanc,
1067 3202 1167 3266 quam
1200 3200 1313 3264 arguo,
1349 3236 1353 3245 .

157 3290 349 3375 suspicionis
373 3311 505 3355 causam
527 3290 630 3355 habet
646 3288 744 3368 XXV,
769 3293 819 3368 39,
843 3293 862 3352 2
886 3290 1047 3370 (ceterae
1071 3288 1312 3372 copiae-ad

157 3400 369 3483 proximos
398 3399 542 3464 hostes
571 3398 700 3463 ductae
729 3404 782 3476 et,
811 3415 928 3481 quum
956 3402 1173 3475 -essent,
1201 3396 1314 3461 velut

158 3507 198 3570 in
221 3527 292 3571 sua
314 3514 451 3570 castra
473 3541 516 3551 —-
538 3505 836 3589 penetravere),
864 3504 981 3585 XXVI,
1011 3509 1060 3584 38,
1089 3509 1108 3568 7
1132 3503 1314 3586 (multum

158 3634 206 3680 ac
229 3613 296 3679 diu
320 3619 543 3679 cunctatus
566 3620 605 3677 et
627 3619 709 3677 turn
732 3613 1158 3698 quoque—appellat),
1181 3610 1314 3690 XXVII,

226 3902 331 3941 uorum
363 3884 520 3938 subiectum
545 3881 700 3952 undique
727 3900 857 3949 omnes;
888 3884 979 3953 magis
1006 3884 1089 3937 etiem
1117 3882 1315 3938 distrahuntur

226 3971 353 4024 membre
378 3986 430 4039 per
455 3972 623 4035 ceterum,
649 3967 746 4022 multis
773 3973 838 4022 ente
869 3969 1026 4023 interiectis
1054 3967 1172 4036 (XXIV,
1198 3969 1242 4036 45,
1270 3969 1313 4020 ie:

227 4055 356 4123 Quibus
388 4070 600 4122 nequequam
631 4052 790 4108 offensus
818 4053 965 4123 Poenus,
993 4056 1072 4123 quie
1098 4081 1132 4092 -
1159 4052 1312 4109 venden-

228 4139 344 4209 dique;
363 4144 517 4194 ceterum
535 4135 611 4206 cett]
