3060 5272
238 350 300 406 Lib.
319 350 417 405 XLIV.
783 339 855 404 '710‘

236 524 296 588 viae
318 530 417 589 rectae
441 532 474 590 et
501 525 662 608 expeditae
695 547 801 610 neque
835 525 999 593 celeritati
1031 527 1116 609 fuga
1145 528 1278 593 obstare
1307 524 1393 591 solet

237 653 343 715 neque
382 632 490 697 media
528 639 626 699 nocte
666 633 827 699 desinere.
883 634 1099 701 Scribendum
1137 656 1208 701 esse
1242 653 1392 710 errore,

238 741 338 806 etiam
355 740 620 807 Weissenbornio
642 742 677 805 in
699 748 841 808 mentem
857 751 1004 822 venerat,
1023 744 1081 809 sed
1097 744 1219 809 iniuria
1235 742 1393 807 iudicium

237 850 386 915 mutavit.
433 849 623 932 Sequuntur
656 849 690 913 in
723 850 924 917 editionibus
958 851 1026 917 haec
1061 850 1092 936 (§
1122 852 1169 935 5):
1203 852 1247 915 In
1278 850 1393 933 regia

237 957 402 1038 Perseo,
426 958 497 1040 qui
518 957 640 1022 Pellae
663 963 850 1042 praee'rat,
884 959 1038 1025 Euctus
1066 961 1252 1044 regiique
1275 957 1394 1042 pueri

238 1072 389 1150 praesto
412 1073 540 1132 erant.
586 1065 651 1132 Sed
673 1065 771 1131 aliter
792 1067 918 1132 Livium
940 1068 1126 1152 scripsisse,
1155 1068 1258 1133 codex
1281 1072 1391 1132 osten·

238 1175 303 1254 dit,
333 1176 455 1260 inquo
486 1174 555 1240 haec
584 1181 676 1240 sunt:
710 1173 1045 1242 difficultatibus
1079 1156 1196 1242 'vider
1225 1183 1394 1240 vexatus

237 1285 278 1348 in
301 1285 548 1368 regiamesta
569 1304 716 1368 perseo
740 1285 808 1367 qui
831 1283 950 1349 Pellae
978 1291 1179 1368 praeerant
1207 1289 1390 1350 coactus·

238 1413 314 1476 que
335 1393 423 1474 regi
457 1392 574 1476 pueri
603 1401 753 1476 praesto
780 1399 909 1458 erant.
955 1393 1168 1473 Plutarchus,
1193 1392 1309 1457 eadem
1331 1391 1394 1456 Po-

236 1501 325 1586 lybio
360 1500 442 1565 duce
478 1501 606 1584 plenius
638 1522 793 1590 narranS,
826 1523 898 1586 quae
927 1502 1039 1567 Livius
1068 1524 1184 1586 parum
1218 1500 1394 1582 diligenter

238 1610 417 1690 contraxit,
441 1608 563 1675 Persea
586 1608 680 1688 dicit,
702 1618 798 1675 nocte
816 1610 946 1675 Pellam
969 1611 1166 1694 ingressum,
1195 1609 1339 1674 Euctum
1362 1614 1395 1672 et

237 1716 396 1797 Eulaeum,
421 1718 568 1801 pecuniae
590 1717 754 1797 custodes,
778 1719 835 1803 qni
858 1724 980 1802 praesto
1002 1718 1141 1785 fuissent
1158 1725 1192 1784 et
1208 1719 1396 1801 importuna

237 1827 393 1893 libertate
429 1827 598 1910 praeterita
630 1826 911 1909 reprehenderent
943 1827 1145 1910 consiliaque
1174 1827 1305 1904 darent,
1334 1843 1396 1889 sua

238 1958 338 2001 manu
361 1934 574 2001 interfecisse.
619 1933 804 2018 Utrumque
828 1935 994 2000 hominem
1017 1937 1116 2000 etiam
1140 1936 1267 2000 Livium
1288 1933 1392 1998 nomi·

237 2065 344 2124 nasse,
380 2044 526 2110 ostendit
558 2043 661 2111 codex
691 2042 906 2127 (praeerant
939 2043 1212 2128 coactusque),
1244 2042 1392 2123 viditque

238 2152 541 2232 Weissenbornius3
564 2154 599 2217 in
621 2153 741 2218 ceteris
764 2153 945 2232 aberravit,
968 2174 1046 2217 nam
1069 2151 1227 2219 ecodicis
1250 2150 1396 2232 vestigiis

237 2260 308 2327 hoec
331 2260 533 2326 efficiuntur:
567 2268 737 2327 vexatus
766 2268 831 2325 est.
875 2261 919 2326 In
947 2263 1062 2346 regia
1091 2266 1215 2324 nasta
1236 2258 1395 2336 Perseo,

239 2371 305 2453 qui
345 2369 466 2434 Pellae
505 2375 721 2454 praerant,
761 2371 906 2432 hulcus
944 2369 1177 2451 Euctnsque
1218 2375 1258 2432 et
1290 2367 1394 2450 regii

239 2479 356 2563 pueri
378 2486 524 2560 praesto
548 2485 674 2543 erant.
721 2475 768 2559 (Si
798 2479 870 2560 quis
900 2483 961 2542 est
990 2479 1231 2560 transpositum
1252 2474 1394 2559 putabit,

240 2587 394 2670 regiam
416 2593 450 2651 et
472 2606 490 2649 a
513 2607 625 2652 errore
648 2587 781 2669 scripta,
804 2584 863 2652 fiet
883 2590 1028 2651 tantum:
1051 2592 1222 2650 vexatus
1246 2590 1318 2649 est.
1353 2583 1397 2648 In

238 2695 355 2777 regia
377 2694 526 2759 Perseo
550 2693 626 2774 cet.)

326 2801 403 2885 Cap.
427 2806 479 2881 44,
509 2807 527 2865 2
564 2801 618 2884 (de
651 2802 777 2866 minore
810 2802 845 2866 L.
869 2802 992 2866 AEmilii
1025 2801 1093 2868 filio
1128 2809 1203 2885 post
1236 2801 1397 2884 proelium

154 2913 226 2986 (⁶90)
245 2912 486 2995 aliquantisper
509 2908 727 2990 desiderato):
762 2909 795 2973 P.
820 2909 957 2993 Scipio
986 2913 1022 2976 is
1045 2918 1148 2990 erat,
1177 2909 1395 2975 Africanus

240 3029 279 3088 et
300 3024 390 3110 ipse
413 3026 578 3103 postea,
603 3018 742 3084 deleta
765 3017 1031 3103 Carthagine,
1059 3020 1311 3103 appellatus,
1333 3040 1396 3083 na·

239 3131 392 3197 turalis
425 3127 607 3193 consulis
636 3127 754 3192 Pauli
788 3127 1014 3211 adoptione
1045 3129 1230 3193 Africani
1251 3148 1394 3211 nepos.

239 3240 342 3306 Recte
376 3245 454 3322 post
487 3236 604 3302 Pauli
626 3236 760 3302 additur
781 3238 899 3302 lilius
933 3236 1228 3315 crecentioribus,
1263 3234 1396 3301 Dukero

240 3356 385 3415 auctore.
422 3346 486 3413 Sed
509 3344 718 3411 manifestum
741 3353 800 3425 est,
823 3347 851 3411 si
874 3345 954 3428 quid
977 3327 1131 3428 unimam,
1153 3344 1223 3409 haec
1243 3343 1396 3408 Africa·

239 3479 313 3523 nus
337 3463 376 3521 et
403 3457 490 3538 ipse
512 3454 627 3520 referri
651 3454 694 3518 ad
716 3454 955 3537 praecedentem
977 3454 1113 3519 alterius
1135 3453 1284 3518 Africani
1306 3474 1397 3517 men-

240 3568 380 3645 tionem3
415 3584 456 3629 ne
484 3584 544 3648 per
572 3584 607 3628 se
635 3561 769 3645 quidem
791 3563 991 3645 cognominis
1024 3569 1142 3646 postea
1164 3562 1250 3646 parti
1273 3562 1397 3626 mentio

241 3674 369 3758 generis
392 3671 695 3739 commemorationi
718 3662 808 3736 recte
831 3671 1050 3754 premittitur.
1085 3671 1202 3753 Itaque
1224 3668 1256 3734 h.
1279 3670 1300 3734 l.
1324 3690 1394 3734 cer-

240 3783 403 3848 tissimum
421 3786 554 3846 tenetur
571 3779 754 3862 exemplum
771 3779 872 3844 totins
889 3801 1003 3845 versus
1021 3802 1080 3844 suo
1091 3779 1165 3846 loco
1177 3779 1259 3845 moti
1274 3785 1307 3843 et
1320 3784 1398 3862 post

240 3911 304 3956 non
327 3897 418 3955 recto
440 3889 566 3954 inserti.
612 3887 665 3954 Sic
688 3888 775 3952 enim
798 3889 910 3953 Livius
928 3890 1120 3973 scripserat:
1145 3888 1180 3952 P.
1203 3888 1343 3969 Scipio
1363 3886 1397 3952 is

241 4005 344 4078 erat,
379 3996 584 4063 naturalis
619 3995 804 4062 consulis
843 3997 961 4063 Pauli
994 3997 1132 4078 filius,
1173 3996 1397 4079 adoptione
1429 4078 1433 4086 Ι

240 4107 426 4173 Africani
454 4128 594 4190 nepos,
630 4105 848 4171 Africanus
879 4113 917 4171 et
949 4107 1035 4190 ipse
1063 4112 1224 4189 postea,
1258 4104 1398 4168 deleta

242 4213 503 4300 Carthagine,
527 4214 775 4300 appellatus.
809 4215 918 4280 Minus
937 4214 1181 4281 manifestares
1199 4219 1271 4278 erat
1297 4210 1396 4292 XLII,
