3060 5272
714 823 755 884 ⁷3
1198 837 1260 893 111.
1279 838 1317 892 11.

240 1004 321 1091 Gap.
350 1008 407 1084 28,
445 1008 466 1071 3
494 1004 585 1090 quod
612 1006 773 1090 scriptum
802 1012 868 1072 est:
903 1028 1022 1090 quum
1056 1008 1139 1073 alia
1171 1010 1211 1074 in
1240 1010 1315 1075 Es·
1369 1054 1379 1095 2,

152 1113 315 1200 quiliis,
342 1112 427 1179 alia
453 1114 496 1178 in
517 1113 720 1180 Aventino
742 1113 848 1180 fiant
870 1114 1062 1195 concilia,
1090 1115 1240 1182 tollenda
1262 1125 1315 1184 est
1368 1100 1376 1119 '¹

153 1224 248 1309 prior
284 1221 474 1308 praepositio
513 1241 624 1287 errore
657 1221 786 1301 addita,
826 1229 865 1288 ut
902 1222 966 1288 hoc
999 1224 1182 1289 membrum
1216 1224 1314 1291 alteri

154 1330 252 1412 (alia
272 1328 325 1412 in)
349 1328 456 1395 simile
478 1336 577 1395 esset
621 1326 894 1395 (innutantissime
918 1332 1003 1395 enim
1025 1331 1312 1415 Esquiliarum

153 1459 273 1505 nomen
282 1437 389 1521 legem
399 1437 568 1502 nominum
579 1436 711 1503 urbium
721 1439 880 1522 sequitur,
892 1437 980 1522 apud
994 1439 1121 1504 Livium
1132 1439 1164 1504 h.
1173 1439 1271 1525 cap.§
1286 1445 1316 1520 1,

153 1545 271 1623 XXVI,
297 1550 346 1624 10,
371 1551 385 1610 l
411 1550 446 1610 et
468 1549 503 1625 53
526 1545 592 1611 duo
616 1543 766 1611 Suetonii
788 1547 986 1625 testimonia,
1008 1545 1080 1613 Tib.
1102 1552 1149 1627 15,
1172 1547 1250 1612 Ner.
1264 1551 1316 1628 31,

153 1661 188 1720 et
226 1654 302 1719 vitre
341 1652 535 1719 Horatiana
575 1651 746 1736 Soliniqne
786 1652 971 1719 Gronovius
1004 1656 1130 1739 posuit,
1164 1655 1313 1721 Draken-

155 1761 312 1827 borohius
334 1761 495 1827 Varronis
517 1760 555 1826 L.
577 1760 614 1826 L.
637 1760 665 1824 V
687 1783 720 1845 p.
744 1767 785 1825 44
807 1761 880 1846 Bip.
911 1769 945 1826 11
966 1761 1065 1827 Plinii
1094 1764 1230 1829 mineris
1252 1765 1313 1849 Ep.

152 1869 212 1949 111,
242 1873 300 1950 213
333 1868 421 1934 addo
444 1867 611 1934 Ciceronis
632 1868 731 1952 Legg.
753 1869 795 1949 11,
818 1874 874 1934 28:
908 1872 948 1935 in
971 1870 1133 1937 Palatio
1156 1922 1163 1935 .
1184 1923 1191 1937 .
1211 1923 1217 1936 .
1241 1872 1315 1938 Es-

153 1977 318 2061 quiliis,
346 1983 381 2043 et
402 1977 441 2042 N.
466 1978 505 2042 D.
527 1977 592 2057 ΠΙ,
621 1981 672 2056 63,
700 1984 739 2042 11
760 1979 867 2062 poetis
890 1978 1075 2043 abstineam
1099 1978 1316 2064 (Esquiliis

153 2085 347 2152 habitare
375 2084 642 2167 salubribus).
697 2084 787 2150 Nihil
808 2084 870 2150 boc
892 2086 935 2150 ad
959 2086 1099 2151 aliarum
1121 2086 1213 2153 urbis
1236 2110 1313 2172 par·

156 2195 241 2259 tium
262 2193 394 2258 nomina
416 2192 570 2277 pertinet.
616 2191 740 2275 (1861.)

229 2299 999 2386 *01131181111111111111111111111
1018 2302 1313 2368 etsenieribns

152 2414 334 2495 patrum,
363 2414 406 2473 ut
427 2409 640 2493 imperium
662 2428 735 2473 suo
757 2407 971 2474 vehemens
991 2416 1204 2476 mansueto
1228 2432 1311 2495 per-

152 2517 396 2582 mitteretur
427 2516 603 2598 ingenio.
658 2514 732 2582 Non
764 2515 877 2581 multis
911 2516 1019 2581 verbis
1050 2517 1199 2583 refellam
1230 2539 1314 2597 eam,

153 2644 222 2709 qua
255 2624 354 2708 vulgo
388 2629 544 2704 utuntur,
576 2622 675 2690 huius
708 2623 772 2688 loci
806 2624 1067 2704 enarrationem,
1102 2633 1139 2690 11
1167 2625 1210 2690 ad
1239 2647 1313 2691 suo

154 2731 311 2798 audiatur
338 2732 521 2815 ingenim
555 2738 732 2815 utrumque
755 2732 842 2797 enim
865 2732 1085 2798 certissimum
1106 2738 1173 2812 est,
1205 2754 1315 2816 neque

155 2839 330 2905 dictaturae
357 2845 417 2904 aut
444 2837 632 2904 huiusmodi
661 2840 889 2905 institutorum
917 2840 1122 2923 ingenium
1150 2840 1313 2924 appellari

155 2968 177 3011 a
198 2946 341 3027 Latinis,
376 2945 537 3027 (locorum
565 2967 739 3031 rerumque
767 2954 899 3013 eterra
927 2955 1079 3013 natarum
1103 2948 1232 3031 ingenia
1253 2971 1311 3014 no-

71 3109 78 3121 .
155 3053 285 3136 vimus)
313 3074 420 3137 neque
448 3075 488 3118 ex
518 3054 629 3119 dativo
658 3054 856 3120 substantivi
884 3062 1001 3139 postea
1023 3056 1122 3140 positi
1144 3055 1198 3121 bic
1221 3056 1313 3122 abla-

156 3163 260 3228 tivum
288 3161 396 3227 audiri
424 3183 533 3247 posse.
585 3162 738 3228 Debebat
765 3170 926 3248 praeterea
953 3162 1028 3228 huic
1052 3185 1122 3229 suo
1147 3167 1314 3229 contraria

156 3270 235 3355 poni
257 3269 344 3335 alius
365 3271 413 3334 rei
435 3269 524 3352 (viri)
546 3272 653 3350 notio,
683 3272 775 3336 cuius
797 3277 1005 3337 mansuetum
1028 3278 1115 3336 11111
1136 3272 1311 3354 ingenium.

157 3377 223 3444 Sed
255 3377 490 3443 refutationem
523 3398 760 3462 supervacuam
793 3379 918 3444 faciunt
946 3379 1093 3458 codices,
1128 3380 1162 3444 in
1192 3379 1314 3463 quibus

160 3485 312 3551 omnibus
345 3484 462 3566 (unum
495 3487 581 3551 enim
614 3486 718 3553 infimi
751 3489 879 3571 generis
907 3486 996 3571 Lips.
1025 3491 1043 3550 2
1072 3489 1127 3552 vix
1156 3507 1236 3571 opus
1264 3495 1316 3553 111

157 3593 351 3660 nominatim
380 3592 545 3677 excipere)
574 3596 820 3681 scriptumest:
853 3601 897 3660 ut
924 3596 1097 3679 imperio
1126 3617 1207 3662 suc.
1264 3595 1314 3660 Ex

158 3701 222 3766 boe
244 3699 385 3766 efficitur
406 3700 577 3767 facillime:
611 3709 655 3768 ut
682 3705 825 3788 imperi
853 3704 916 3767 uis
938 3702 1167 3768 uehemens.
1219 3700 1314 3766 Com·

159 3791 286 3894 parari¹
307 3809 395 3874 inter
428 3829 463 3873 se
492 3816 635 3892 possunt
663 3816 721 3875 aut
748 3810 857 3894 ipsum
886 3810 1058 3893 imperium
1088 3815 1121 3873 et
1148 3810 1313 3891 ingenium

158 3923 219 3983 aut
251 3917 363 4001 aptius
397 3917 498 3982 etiam
531 3917 660 4003 imperii
687 3919 737 3983 vis
764 3919 838 4002 ipsa
866 3916 1040 3982 vehemens
1071 3923 1105 3982 et
1133 3917 1221 3995 eius,
1255 3918 1311 4000 qni

157 4025 331 4109 imperium
360 4025 498 4108 accipit,
529 4027 694 4109 ingenium
717 4032 933 4090 mansuetum.
991 4024 1069 4090 Suo
1093 4031 1201 4089 ortum
1224 4032 1313 4088 ests

156 4131 270 4198 littera
298 4153 372 4198 eum
393 4134 501 4217 prima
523 4135 691 4217 sequentis
713 4133 864 4198 vocabuli
888 4133 935 4215 (ι)
959 4132 1111 4199 conflata.
1169 4130 1248 4209 Qua
1271 4131 1315 4196 ab

158 4240 234 4306 aliis
267 4241 301 4305 in
336 4239 473 4306 eandem
508 4243 706 4307 sententiam
734 4246 864 4308 tentata
891 4241 1044 4308 Hertzius
1074 4246 1259 4319 enumerat,
1295 4261 1316 4302 a

158 4348 309 4415 codicum
332 4349 479 4433 vestigiis
502 4349 721 4433 discedunt¹)

189 4522 211 4587 ¹)
229 4520 317 4577 Panlo
339 4525 407 4592 post
424 4537 447 4575 1
465 4521 513 4585 32,
536 4521 554 4574 9
576 4537 659 4588 quam
682 4519 907 4576 emendationem
929 4519 1061 4574 Hertzius
1085 4537 1102 4573 a
1123 4536 1152 4573 11
1176 4525 1204 4589 11
1228 4518 1315 4575 Heer-

227 4606 355 4677 wsganio
385 4608 527 4675 repertam
559 4605 660 4660 scribit
687 4605 962 4672 (consentientia
989 4622 1040 4673 pro
1068 4604 1316 4671 consentiant),

228 4689 442 4762 1111111111111
461 4691 496 4746 ab
514 4691 689 4760 Ingerslevio
707 4691 787 4758 sumi,
807 4707 926 4759 quocum
946 4689 1225 4745 communicaveram.
