3060 5272
239 365 302 422 Lib.
319 365 405 422 XLII.
476 394 481 403 ·
784 355 846 418 638

241 560 283 605 se
307 545 416 605 stato
444 538 534 606 looo
564 541 774 626 statisque
808 539 952 605 diebus
979 539 1192 607 saorifioia
1224 540 1390 624 habere,

241 667 324 731 quoe
353 646 526 714 absente
557 670 597 714 se
625 655 735 714 reete
757 648 855 715 fieri
883 670 959 714 non
982 656 1164 733 possent3
1198 669 1280 733 quae
1314 671 1390 716 non

239 759 370 843 magis
393 757 558 825 consule
587 779 705 842 quam
733 763 909 842 praetore
943 756 1115 822 abse'nte
1148 764 1258 822 recte
1290 756 1390 825 fieri

239 875 418 952 possent.
464 867 504 933 Si
527 873 694 932 senatus
717 886 803 944 non,
828 864 922 949 quid
944 864 1072 931 vellet
1094 866 1134 930 in
1158 866 1390 947 consulatu,

238 976 376 1060 potius
399 997 521 1061 quam,
546 975 640 1058 quid
662 975 702 1039 in
725 981 904 1060 praetura
920 973 1121 1039 iuraverit
1138 973 1173 1039 P.
1193 974 1389 1057 Licinius,

239 1083 646 1150 animadvertendum
670 1103 758 1149 esse
781 1088 963 1160 senseat,
988 1102 1028 1146 se
1050 1087 1182 1147 tamen
1203 1079 1387 1149 futurum

238 1193 277 1257 in
309 1198 475 1257 senatus
503 1198 720 1276 potestate.
766 1188 851 1268 Quid
875 1196 963 1256 esset
983 1189 1017 1253 in
1041 1189 1092 1254 his
1114 1190 1195 1269 vitii,
1219 1191 1284 1255 etsi
1307 1191 1390 1258 Gro-

238 1301 353 1366 novius
375 1320 495 1382 magna
528 1308 684 1384 exparte
708 1300 825 1377 sensit,
860 1306 971 1363 tamen
994 1319 1099 1380 neque
1132 1299 1160 1363 is
1188 1304 1293 1364 totam
1315 1321 1390 1384 per⁴

238 1409 428 1473 versitatem
450 1408 617 1494 perspexit
639 1428 746 1491 neque
774 1413 900 1472 ceteros
928 1407 1039 1470 movit.
1082 1404 1228 1472 Primum
1255 1428 1391 1492 prorsus

237 1537 390 1600 perverse
423 1514 475 1581 bis
509 1514 679 1581 scribitur:
714 1536 797 1599 quae
830 1550 872 1560 —
905 1513 1000 1578 fieri
1022 1535 1100 1579 uon
1124 1514 1222 1598 (quae
1244 1536 1387 1581 non-

238 1622 346 1705 fieri)
379 1629 551 1708 possent
585 1624 619 1687 in
653 1624 822 1688 sententiis
857 1623 1070 1688 diversissimi
1109 1624 1251 1706 generis3
1286 1623 1392 1691 altera

239 1732 325 1797 enim
357 1753 435 1816 pars
470 1738 519 1797 est
552 1732 634 1796 iuris
657 1731 787 1796 iurandi
808 1730 940 1799 Licinii.
976 1737 1159 1814 quaerente
1187 1733 1391 1798 coniunctiso

238 1839 335 1904 modo
358 1837 509 1920 effertur3
533 1839 637 1904 altera
654 1848 881 1922 argumentum
906 1841 1051 1903 eontinet
1067 1840 1170 1922 ipsius
1188 1837 1292 1904 Cassii
1314 1840 1391 1907 inde

239 1947 382 2027 ductum,
416 1968 487 2031 quae
510 1950 698 2013 necessario
732 1947 893 2012 infinitam
922 1949 1103 2012 orationem
1131 1946 1253 2011 habere
1281 1947 1391 2027 debet,

239 2056 393 2139 quoniam
432 2076 516 2140 quae
555 2054 636 2120 nihil
676 2056 765 2120 aliud
805 2064 856 2121 est-
889 2057 967 2120 nisi:
1008 2077 1053 2120 ea
1086 2062 1218 2120 autem
1251 2055 1390 2139 (porro).

237 2162 364 2229 Deinde
386 2164 420 2228 in
443 2163 549 2229 altera
572 2165 751 2241 sententia,
781 2164 1054 2248 quemadmodum
1078 2165 1210 2247 quidem
1232 2185 1318 2229 nuno
1340 2172 1392 2231 est

238 2270 459 2351 conformata,
493 2278 582 2337 reote
618 2272 799 2337 Gronovius
839 2272 934 2337 vidit.
968 2273 1175 2354 negationem
1210 2272 1389 2339 tollendam

240 2400 321 2458 esse,
345 2381 439 2465 eique
462 2378 631 2446 Belrlrerus
654 2382 773 2464 paruit.
818 2380 888 2444 Hoc
913 2381 997 2444 enim
1016 2378 1149 2445 Cassius
1171 2380 1265 2458 dicit,
1289 2381 1316 2447 si
1339 2382 1391 2447 ius

239 2486 413 2553 iurandum
458 2487 568 2552 Crassi
613 2490 645 2552 in
687 2496 830 2572 praetura
871 2489 982 2551 datum
1022 2487 1145 2566 valeat,
1178 2487 1281 2553 nihilo
1315 2511 1391 2555 eum

239 2597 344 2679 magis
366 2615 453 2660 nuno
477 2596 643 2660 consulem
668 2598 701 2659 in
724 2598 922 2680 provinciam
949 2597 996 2660 ire
1019 2616 1130 2679 posse,
1153 2596 1267 2661 eadem
1289 2597 1391 2682 impe·

153 2689 225 2760 (⁶2¹⁷)
244 2703 353 2768 diente
376 2723 426 2781 re;
450 2704 476 2767 si
500 2710 609 2768 tamen
628 2713 761 2768 senatus
786 2703 893 2768 Crassi
918 2704 1078 2768 voluntati
1100 2703 1287 2787 gratificans
1308 2707 1392 2773 iuris

239 2810 371 2875 iurandi
389 2809 537 2876 oblivisci
554 2810 632 2875 velit
655 2810 731 2892 (hoo
754 2822 817 2877 est:
842 2814 960 2896 potius
986 2812 1064 2897 quid
1082 2813 1161 2878 velit
1177 2835 1272 2889 nune,
1291 2835 1391 2896 quam

240 2918 320 3002 quid
331 2925 409 2984 ante
427 2919 593 2991 iuraverit,
607 2920 931 2986 animadvertendum
951 2928 1086 2987 censeat
1098 2929 1131 2986 et
1149 2922 1389 3005 spectandum),

239 3049 274 3093 se
307 3028 341 3092 in
370 3035 502 3093 senatus
531 3035 695 3112 potestate
723 3028 878 3094 futurum.
923 3029 1062 3096 Prorsus
1095 3029 1232 3094 ridicule
1256 3028 1391 3097 Cassius

239 3135 338 3216 dicat,
362 3137 389 3201 ei
412 3142 545 3201 senatus
569 3136 670 3220 (quod
694 3138 766 3220 ipse
785 3138 944 3222 postulat)
963 3160 1026 3203 non
1040 3135 1159 3203 Crasso
1179 3137 1390 3222 obsequatur,

239 3244 295 3310 sed
315 3243 552 3310 iusiurandum
570 3244 737 3309 observari
756 3245 843 3311 velit.
868 3268 902 3310 se
924 3254 1035 3311 tamen
1058 3246 1184 3310 senatui
1209 3245 1291 3326 (suae
1315 3268 1388 3312 sen·

238 3354 350 3419 tentiae
374 3352 587 3431 adsentienti)
611 3354 796 3436 pariturum
820 3375 899 3419 esse.
939 3353 1059 3418 Verum
1081 3353 1161 3418 alibi
1183 3354 1255 3419 vitii
1278 3353 1389 3421 sedem

238 3482 320 3542 esse,
344 3459 487 3526 ostendit
510 3461 675 3544 particula
697 3468 839 3526 tamem
862 3482 961 3546 prave
984 3462 1017 3525 in
1040 3461 1197 3545 apodosin
1214 3462 1311 3545 longe
1333 3485 1386 3528 re·

236 3570 334 3648 iecta‚
358 3589 430 3651 quae
452 3568 547 3632 initio
571 3570 647 3652 poni
683 3569 856 3634 debuerat:
892 3571 924 3634 si
957 3576 1091 3634 tamen
1124 3579 1291 3636 senatus
1325 3578 1387 3636 oet.

237 3676 353 3762 Itaque
376 3677 505 3741 initium
529 3676 592 3740 loci
616 3676 811 3741 emendandi
833 3675 894 3742 hoo
917 3683 980 3756 est,
1008 3684 1046 3742 ut
1068 3677 1304 3761 intellegamus,
1326 3701 1386 3745 no·

236 3806 310 3851 vam
333 3784 530 3850 sententiam
553 3785 697 3868 incipere
720 3783 762 3849 ab
785 3783 836 3849 his
858 3785 979 3850 serbis:
1005 3785 1050 3851 Se
1068 3793 1195 3851 tamen
1215 3785 1389 3853 futurum

237 3899 309 3971 oet,
332 3891 557 3958 condicionem
581 3891 628 3973 (si
652 3894 837 3974 senatus)
866 3893 908 3959 ad
932 3895 1102 3977 superiora
1124 3895 1299 3977 pertinere.
1334 3894 1389 3961 Sio

237 4001 338 4084 igitur
361 4001 466 4065 oratio
491 3999 709 4065 describenda
732 4011 797 4079 est:
832 4023 915 4085 quae
943 4001 1133 4084 (sacrificia)
1162 4022 1239 4066 nou
1262 4004 1388 4084 magis

238 4108 401 4173 consule
436 4130 552 4191 quam
586 4116 756 4192 praetore
791 4109 960 4175 absente
985 4117 1095 4173 recte
1124 4108 1220 4173 fieri
1253 4131 1387 4194 posse,

237 4217 270 4281 si
304 4223 473 4282 senatus
506 4239 596 4295 non,
632 4217 720 4299 quid
749 4218 875 4284 vellet
909 4219 948 4282 in
982 4216 1217 4296 consulatu,
1250 4220 1388 4302 potius
