3008 4756
156 304 219 357 nn.
239 302 352 357 xxxn.
701 289 764 349 48⁰

157 495 223 538 non
257 480 329 536 eret
362 479 395 537 et
427 474 566 537 maxime
600 492 621 535 3
650 471 866 536 Macedonum
901 472 1070 537 societate
1106 474 1350 557 abhorrebat)

157 582 322 664 pertinere
351 580 522 663 significet.
579 578 717 644 Videtur
750 579 876 663 aliquid
910 568 1083 647 excidisse
1115 590 1159 650 et
1194 585 1234 651 in
1264 586 1349 653 hunc

157 688 295 752 formam
323 687 401 752 olim
432 688 591 770 scriptum
618 685 735 751 fuisse:
771 721 815 730 —
849 684 1076 769 urgebunt,
1114 691 1228 767 nu
1259 692 1348 767 3311,

156 803 230 859 aut:
264 814 339 872 qus
368 794 547 875 perluglo
574 795 790 872 restabunt,
820 793 922 858 unde
950 793 1119 877 regiam
1146 800 1348 865 societu-

156 912 234 969 teni
256 939 298 947 -
321 901 591 982 imploremus?

242 1008 319 1092 Cap.
344 1014 400 1085 22,
431 1014 463 1071 5:
499 1008 639 1072 Risius
666 1007 925 1073 Pellenensis
954 1013 1052 1073 erat
1117 1008 1185 1077 Sic
1210 1034 1348 1081 nunce

154 1116 182 1181 B
206 1116 377 1196 scribitur3
406 1117 482 1180 olirn
505 1114 739 1198 1111313333,
762 1114 820 1179 sed
843 1136 884 1178 ne
906 1113 988 1179 illud
1011 1115 1162 1198 quidem
1189 1130 1261 1187 331
1283 1142 1345 1207 pro

155 1223 270 1288 Graeco
304 1224 433 1287 nomine
464 1223 543 1287 alibi
571 1223 736 1306 reperitur
764 1230 822 1287 331
851 1221 1008 1303 originem
1038 1226 1344 1307 cognationemrc

156 1329 361 1414 probabilem
383 1329 492 1394 hebet.
538 1328 754 1394 Scribendum
776 1329 906 1394 Pisias
929 1327 1084 1410 (Πεισίας).

241 1436 318 1520 Cap.
343 1440 393 1514 24,
418 1441 436 1499 3
460 1436 514 1517 (de
538 1437 782 1520 oppugnatione
805 1433 963 1516 Elateae):
987 1435 1134 1502 Ariete
1160 1439 1343 1508 admoto

154 1566 286 1626 quum,
318 1550 505 1625 quantum
534 1544 644 1608 inter
671 1550 806 1608 turres
836 1542 937 1607 rinuri
959 1547 1063 1622 erat,
1094 1556 1340 1627 prorutum

155 1669 240 1713 cum
268 1650 425 1732 ingenti
452 1649 615 1731 fragore
649 1671 694 1715 ac
730 1652 909 1734 strepitu
937 1648 1146 1716 nudasset
1180 1656 1341 1723 urbem

154 1762 217 1819 cet.
273 1755 466 1821 Necessario
502 1756 725 1822 scribendum:
761 1764 951 1839 quantum
984 1756 1094 1820 inter
1130 1756 1176 1823 II
1212 1760 1339 1845 ((1333)

153 1872 290 1929 turres
314 1865 415 1928 muri
439 1871 537 1943 erat,
566 1887 605 1928 ne
629 1872 720 1930 totus
742 1864 827 1929 muri
850 1863 1019 1942 circuitus,
1047 1862 1237 1933 stantibus
1264 1876 1339 1937 tur·

64 1985 140 2057 (333)
158 1970 267 2051 ribus,
307 1971 488 2055 procidisse
527 1972 663 2036 dicetur.
732 1970 797 2036 cfr.
832 1971 863 2037 h.
892 1971 948 2036 lib.
984 1990 1011 2035 c.
1043 1974 1076 2050 1,
1114 1974 1174 2037 10:
1224 1976 1338 2045 duas

154 2086 315 2163 portas,
344 2079 533 2161 quodque
564 2081 671 2144 inter
701 2099 767 2143 cas
789 2080 891 2144 muri
913 2084 1016 2157 erat3
1049 2075 1159 2159 XLII,
1193 2086 1263 2166 63,
1296 2090 1336 2153 6:

155 2187 237 2251 duee
260 2194 417 2266 turres,
451 2187 639 2270 quodque
669 2188 779 2250 inter
809 2206 875 2251 333
904 2185 1007 2250 muri
1033 2182 1194 2267 fuerut3
1235 2190 1334 2273 XXI,

150 2300 188 2371 8,
218 2300 251 2358 5:
288 2301 371 2360 tres
400 2294 593 2377 deinceps
621 2302 774 2371 turice,
803 2299 1073 2378 quantumque
1102 2289 1225 2359 inter
1257 2319 1333 2367 333

151 2402 255 2464 muri
279 2410 379 2466 erat.

238 2506 316 2590 Cap.
341 2511 396 2588 25,
433 2512 471 2571 10
502 2508 557 2588 (de
579 2507 791 2572 AEnesidemo
818 2506 964 2591 praesidii
987 2504 1187 2573 llohaeornm
1212 2510 1326 2597 Argis

150 2614 295 2696 impositi
324 2614 477 2695 prefecto
500 2620 638 2678 mortem
662 2621 851 2680 constanter
874 2612 1079 2699 oppetente):
1111 2612 1281 2688 Missus
1306 2642 1330 2689 3

151 2719 352 2795 Philocle,
394 2722 460 2802 qui
494 2728 712 2803 queereret,
753 2722 849 2803 quid
882 2721 962 2786 sibi
995 2719 1131 2786 vellet.
1196 2722 1326 2797 Nihil

151 2828 417 2907 statunculo,
451 2849 569 2911 quum
599 2829 784 2911 proiecto
814 2850 895 2913 pree
922 2850 963 2893 33
990 2827 1124 2911 clipeo
1154 2833 1325 2915 staret,

151 2935 189 2997 in
219 2932 414 3016 praesidio
443 2936 611 3000 creditae
639 2937 752 3000 urbis
781 2936 1021 3001 moriturum
1043 2955 1083 3001 33
1106 2944 1323 3009 armatum

149 3040 372 3125 respoudit.
423 3042 476 3107 Sic
503 3042 530 3106 B
553 3065 627 3109 cum
656 3044 802 3126 quinque
831 3042 1167 3123 Drakenborchisnis5
1205 3052 1322 3117 ceteri

149 3149 253 3213 nihil
292 3150 568 3216 tantummodo
609 3151 812 3228 similiterve‚
852 3172 891 3214 cx
930 3171 995 3233 quo
1028 3149 1168 3216 ulterius
1203 3152 1320 3224 inter-

150 3255 293 3338 polando
317 3264 429 3322 nuluni
452 3260 487 3322 in
510 3258 726 3323 editionibus:
751 3256 854 3321 nihil
876 3256 994 3337 fatus,
1018 3263 1319 3349 tantummodo,

149 3362 235 3445 quod
264 3363 439 3429 ridiculum
470 3371 521 3428 est
544 3364 660 3445 (nihil
683 3362 791 3429 fctus
814 3400 857 3409 -
879 3365 1119 3449 respondit).
1171 3364 1225 3432 Ex
1247 3370 1319 3441 1113

149 3470 315 3553 ¹scripturn
342 3493 407 3536 non
436 3491 509 3535 curn
538 3470 719 3551 Gronorio,
754 3495 850 3558 quem
879 3474 1080 3539 recentiores
1108 3482 1316 3563 sequuntur,

148 3576 333 3643 laciendum
357 3576 500 3642 videtur:
535 3579 638 3645 nihil
667 3588 779 3645 31313
808 3590 954 3661 motus,
983 3582 1056 3661 sed,
1084 3600 1150 3645 unc
1172 3586 1315 3653 tontum

146 3683 260 3749 littera
284 3692 425 3750 imitata:
450 3685 553 3750 nihil
578 3694 688 3752 31313
713 3696 828 3766 moto,
852 3712 889 3752 eo
912 3688 1107 3771 significatu,
1130 3709 1195 3771 quo
1221 3690 1315 3761 Gro-

147 3794 243 3857 novio
273 3794 305 3857 in
330 3800 469 3857 utentem
494 3801 627 3859 3333331
658 3794 758 3857 scribi
787 3796 885 3860 etium
914 3816 1025 3879 posse:
1060 3794 1163 3860 nihil
1188 3802 1312 3868 31313

148 3904 310 3965 mutato.
350 3898 466 3984 Neque
489 3901 576 3965 euim
599 3900 702 3977 rideo,
724 3922 782 3967 cur
800 3908 908 3967 status
926 3904 1046 3967 moveri
1064 3902 1129 3967 dici
1146 3914 1309 3985 nequeat.

234 4006 312 4091 Cup.
333 4010 383 4076 26,
408 4012 426 4069 6
450 4015 484 4073 31
507 4009 576 4072 ’lin
600 4010 743 4094 quinque
766 4010 885 4089 verbis,
914 4031 987 4095 quoe
1009 4010 1036 4075 B
1059 4010 1200 4076 3331113
1222 4032 1309 4081 con-

146 4113 320 4179 suetudine
348 4115 469 4180 omittit
498 4117 607 4200 spolio
635 4138 736 4182 vacuo
759 4117 891 4199 relicto,
919 4116 1205 4185 Weissenbornius
1228 4120 1306 4191 sinc
