3060 5272
723 859 742 922 b

155 1045 308 1110 universa
334 1042 398 1108 fide
427 1049 461 1109 et
481 1042 640 1109 nonnulla
660 1045 696 1108 in
717 1040 781 1109 hoc
803 1065 921 1128 genere
943 1045 1078 1112 uberius
1100 1043 1310 1128 explananda

157 1153 346 1237 firmiusque
363 1151 604 1233 constituenda,
626 1172 728 1237 quam
745 1151 870 1218 factum
886 1153 993 1219 adhuc
1010 1160 1071 1219 eet.
1103 1152 1151 1217 Ac
1168 1153 1308 1238 primum

159 1261 288 1347 quidem
327 1259 409 1325 illud
442 1266 655 1344 pervagatum
689 1268 754 1341 est,
794 1262 949 1346 quoniam
981 1260 1061 1326 iolia
1092 1261 1306 1346 palimpsesto

158 1370 361 1436 Veronensia
383 1368 505 1434 domini
527 1368 655 1434 malunt
677 1369 804 1435 intacta
827 1371 951 1435 servari
974 1391 1073 1454 quani
1095 1369 1188 1436 Livio
1210 1369 1308 1454 prod·

155 1499 227 1546 esse
236 1479 276 1559 ¹),
317 1485 446 1543 ceteros
485 1498 595 1543 omnes
627 1478 741 1562 prima
774 1477 909 1543 decadis
941 1477 1071 1544 codices
1104 1479 1199 1543 unius
1235 1499 1308 1543 esse

155 1589 285 1672 stirpis,
314 1586 423 1651 ductae
446 1607 463 1650 e
486 1586 614 1664 codice,
642 1607 739 1671 quem
760 1584 952 1652 Nicomachi
976 1586 1050 1667 duo,
1078 1586 1253 1652 Flavianus
1275 1593 1310 1651 et

154 1696 291 1776 Dexter,
325 1701 359 1759 et
386 1694 597 1759 Victorianus
625 1694 875 1778 quadringentis
908 1715 1009 1778 prope
1036 1703 1114 1779 post
1141 1693 1309 1760 Christum

153 1810 269 1870 natum
286 1803 381 1868 annis
399 1802 625 1882 emendarunt,
648 1804 741 1868 cuiue
757 1803 995 1868 emendationis
1012 1803 1309 1888 subscriptionibus

155 1918 284 1978 testatae
323 1911 513 1976 memoriam
553 1911 610 1976 alii
645 1912 778 1978 codices
810 1913 914 1977 nostri
948 1912 1011 1996 ipsi
1046 1911 1195 1996 pluribus
1227 1911 1309 1976 locis

158 2026 290 2087 servant
317 2020 404 2102 iique
432 2020 651 2102 antiquissimi
674 2019 838 2101 (Rhenani
860 2019 1106 2099 vormatiensis,
1133 2019 1310 2099 Mediceus,

156 2129 357 2207 Parisiorum,
379 2127 469 2193 Leid.
493 2129 642 2212 primus),
670 2129 727 2193 alii
751 2129 945 2194 certissimis
968 2129 1098 2194 indiciis
1120 2126 1162 2192 ad
1185 2148 1305 2207 eorum,
1324 2139 1359 2206 (5)

156 2238 214 2320 qui
246 2243 392 2314 servant,
427 2237 657 2319 cognationem
691 2237 921 2321 adiunguntur.
977 2236 1041 2304 Sed
1069 2239 1222 2320 quoniam
1250 2258 1308 2303 no·

155 2353 298 2412 strorum
331 2343 481 2410 codicum
514 2344 709 2430 archetypus
742 2347 771 2411 is
805 2346 870 2411 dici
903 2345 1016 2426 debet,
1051 2346 1167 2411 saltem
1201 2346 1241 2410 de
1271 2366 1309 2410 eo

157 2462 233 2520 ante
262 2455 373 2519 omnia
400 2454 516 2535 quaeri,
549 2476 615 2519 non
644 2475 664 2517 a
687 2474 752 2536 qno
779 2455 955 2519 remotiore
984 2455 1048 2520 orti
1077 2455 1156 2534 sint,
1190 2454 1308 2519 sedin

154 2583 252 2646 quem
280 2583 382 2627 unum
410 2568 525 2629 nostro
549 2563 689 2646 tempori
712 2563 897 2646 proximum
920 2570 1096 2646 convergat
1118 2584 1229 2629 eorum
1251 2584 1310 2646 per

154 2671 266 2755 plures
299 2670 420 2754 stirpes
454 2669 601 2734 derivata
635 2672 786 2754 cognatio
822 2678 855 2736 et
882 2691 903 2735 a
931 2693 995 2754 quo
1024 2672 1164 2755 primurn
1193 2671 1309 2735 harum

156 2780 308 2864 stirpium
333 2777 477 2843 divortia
499 2785 580 2843 nata
602 2779 678 2858 sint,
702 2777 868 2863 equidem,
899 2800 997 2861 quum
1027 2778 1173 2844 codicem
1195 2778 1309 2844 arche·

154 2894 268 2972 typum
292 2886 558 2953 commemorabo
581 2891 623 2967 et,
646 2887 724 2972 quid
748 2889 781 2951 in
803 2887 859 2952 illo
883 2889 1041 2971 scriptum
1060 2887 1168 2967 fuerit,
1192 2887 1309 2967 dicam,

154 3016 219 3060 non
242 2995 430 3060 necessario
452 2996 560 3079 ipsum
583 2995 674 3060 illum
696 2993 973 3060 Nicomachorum
997 2996 1142 3061 codicem
1163 2996 1309 3080 intellegi

156 3102 243 3182 volo,
273 3103 330 3167 sed
359 3103 470 3186 potius
494 3103 637 3186 aliquem
660 3125 761 3169 exeo
784 3111 892 3170 ortum
915 3104 1108 3187 eademque,
1138 3112 1175 3170 ut
1196 3104 1307 3183 fiebat,

156 3211 400 3295 subscriptione
422 3219 588 3293 notatum,
611 3213 681 3277 illis
704 3219 829 3290 autem,
859 3213 915 3295 qui
938 3218 1126 3278 nostrorum
1149 3213 1308 3297 antiquis·

156 3319 230 3384 simi
259 3327 350 3398 sunt,
380 3328 530 3404 tempore
553 3321 711 3405 priorem,
744 3328 932 3387 nostrorum
955 3329 1065 3387 autem
1087 3321 1197 3387 nullus
1221 3322 1308 3387 deci-

154 3447 243 3494 mum
277 3428 430 3493 saeculum
464 3433 561 3494 aetate
597 3437 747 3513 superat3
780 3452 863 3494 unus
891 3430 1082 3496 Parisiensis
1110 3430 1157 3494 illi
1188 3430 1308 3495 saeculo

155 3536 357 3620 adsignatur.
392 3536 506 3621 Neque
530 3537 616 3602 enim
639 3539 667 3603 is
691 3538 833 3616 habitus,
857 3561 953 3621 quem
976 3539 1099 3604 codicia
1120 3546 1308 3604 nostrorum

156 3643 324 3729 archetypi
347 3643 447 3709 fuisse
471 3647 570 3710 certis
593 3646 723 3711 indiciis
747 3645 961 3727 concluditur,
985 3648 1102 3712 cadere
1124 3649 1253 3713 videtur
1275 3648 1308 3711 in

158 3752 300 3822 codicem
323 3752 597 3819 Nicomachorum
621 3754 955 3839 Symurachorumque
979 3764 1126 3838 tempore
1150 3757 1308 3839 scriptum

157 3868 191 3926 et
212 3868 411 3941 correctum3
445 3883 509 3926 non
539 3883 604 3944 quo
626 3862 715 3927 hunc
737 3884 802 3927 non
825 3869 859 3927 et
880 3863 1072 3926 mendosum
1096 3863 1206 3927 multis
1228 3863 1308 3927 locis

154 3969 254 4035 fuisse
277 3975 311 4034 et
334 3968 475 4035 subinde
496 3970 898 4054 interpolatum-credam,
923 3968 981 4034 sed
1004 3969 1093 4051 quod
1112 3977 1145 4034 et
1162 3970 1307 4054 ipsorum

155 4078 348 4144 mendorum
388 4078 487 4162 paulo
522 4078 622 4144 aliam
655 4078 794 4143 formam
828 4100 849 4143 a
882 4077 1125 4144 correctoribus
1159 4077 1308 4144 relictam

156 4208 228 4253 esse
267 4186 424 4252 credibile
461 4187 591 4253 ridetur
630 4209 671 4253 ex
711 4189 829 4252 ceteris
868 4189 1106 4270 antiquissimis
1140 4187 1308 4253 codicibus

156 4295 298 4375 Latinis,
332 4295 421 4360 velut
443 4295 638 4380 Vergilianis
661 4303 694 4361 et
716 4297 939 4381 palimpsestis
963 4296 1202 4374 Ciceronianis,
1231 4316 1307 4362 con·

156 4404 314 4469 lecturam
346 4404 502 4487 capienti,
531 4409 565 4469 et
594 4406 700 4489 magis
728 4406 827 4470 etiam
850 4405 1054 4490 frequentem
1078 4403 1184 4468 verbis
1208 4427 1308 4489 supra

189 4659 207 4724 ¹)
226 4655 298 4727 [Hoc
325 4659 381 4712 iam
409 4676 433 4713 a.
458 4660 524 4714 1860
550 4657 675 4729 iniquius
702 4662 838 4729 seriptum
856 4658 974 4714 iudicari
997 4658 1093 4728 debet;
1119 4678 1194 4717 nunc
1214 4661 1305 4716 omnia

225 4746 359 4814 querendi
378 4761 463 4799 causa
481 4745 592 4800 sublata
609 4752 660 4801 est.
697 4746 759 4799 Vid.
780 4743 853 4798 infra
870 4762 897 4814 p.
916 4742 969 4813 dh]
