3060 5272
235 308 298 363 nro.
316 306 378 364 ru.
753 375 759 389 ι
789 294 850 356 loe

236 479 392 559 tulerant,
414 480 583 562 genetivus
612 478 696 544 alios
725 477 940 543 acerbitatem
963 478 1078 544 tulisse
1100 476 1288 562 significare
1309 476 1403 543 vide·

237 594 302 653 tur.
330 585 447 671 Itaque
468 608 595 665 vereor,
617 606 659 652 ne
678 585 789 650 Livius
811 587 995 670 scripserit:
1018 607 1096 651 non
1118 587 1261 653 damno
1283 585 1402 652 modo

238 695 401 776 civium,
445 694 516 760 sed
561 693 685 758 etiam
717 694 973 759 laceratione
1006 715 1220 778 corporum
1259 692 1398 777 law)

237 802 372 870 Summa
409 803 511 867 animi
550 800 717 866 acerbitas
758 800 964 884 significatur
1003 803 1104 868 etiam
1146 803 1265 868 civium
1303 800 1403 869 malie

237 911 393 995 gaudens.
440 908 564 991 (1861.)

324 1015 402 1103 Cap.
426 1022 460 1098 6,
489 1022 507 1082 3
531 1023 565 1082 et
587 1024 608 1082 4
630 1016 823 1102 (postquam
845 1016 957 1083 Livius
980 1019 1137 1098 narrarit,
1167 1038 1270 1102 quum
1291 1015 1403 1083 forum

237 1126 382 1191 medium
411 1147 512 1211 specu
539 1131 632 1191 vasto
663 1126 843 1208 collapsum
866 1132 969 1206 esset,
1003 1127 1106 1208 quaeri
1129 1131 1298 1210 coeptum,
1333 1145 1402 1209 quo

236 1232 415 1317 plurimum
437 1232 583 1318 populus
606 1233 776 1299 Romanus
799 1241 927 1316 posset;
950 1234 986 1299 id
1008 1234 1095 1299 enim
1117 1233 1166 1298 illi
1188 1232 1263 1299 loco
1287 1231 1402 1298 dican·

238 1340 315 1406 dum
336 1348 430 1406 vates
453 1341 644 1424 cecinisse):
673 1340 767 1406 Tum
789 1340 833 1405 Μ.
858 1338 1052 1421 Curtium,
1081 1341 1268 1407 iuvenem
1290 1338 1401 1406 bello

238 1450 460 1534 egregium,
490 1450 720 1530 castigasse
749 1447 889 1515 ferunt
911 1449 1173 1529 dubitantes,
1201 1468 1251 1514 an
1272 1446 1401 1513 ullum

236 1557 362 1641 magis
379 1557 597 1622 Romanum
614 1556 763 1621 bonum
781 1577 894 1638 quam
912 1578 1022 1622 arma
1038 1558 1253 1639 virtusque
1270 1562 1400 1638 esset3

239 1665 411 1731 silentio
440 1663 565 1743 facto,
595 1663 747 1746 templa
770 1664 936 1729 deorum
958 1664 1253 1731 immortalium
1272 1696 1318 1708 —
1338 1664 1401 1729 in-

238 1777 417 1837 tuentem
455 1776 495 1836 et
534 1792 673 1837 manus
705 1806 749 1816 -
781 1772 1059 1855 porrigentem
1096 1772 1399 1853 se'derovisse3

239 1900 424 1962 equoque
454 1878 600 1944 deinde
629 1884 691 1943 cet.
743 1878 837 1945 Ferri
861 1901 928 1945 non
950 1886 1061 1964 potest
1083 1881 1118 1944 in
1140 1880 1204 1944 hac
1227 1879 1400 1945 continua·

237 1988 330 2053 tione
364 1987 470 2053 oratio
505 2008 543 2053 eo
572 1987 645 2070 ipso
674 1987 764 2067 loco,
799 2008 864 2070 quo
893 2009 914 2052 a
936 1988 1157 2071 castigatione
1185 1987 1327 2053 aliorum
1355 1986 1400 2053 ad

238 2096 342 2180 ipsius
365 2093 473 2160 Curtii
500 2096 667 2162 actionem
689 2095 903 2176 transfertur,
932 2096 1092 2180 asyndeto
1116 2097 1303 2180 interrupta
1325 2092 1400 2176 (oa-

238 2205 417 2287 stigasse
440 2201 580 2269 ferunt
600 2227 658 2284 —3
688 2203 858 2269 silentio
881 2203 1024 2285 facto);
1054 2204 1155 2268 scribi
1177 2203 1277 2286 igitur
1299 2201 1401 2269 debet

238 2312 367 2377 duabus
390 2312 511 2376 litteris
535 2312 723 2393 geminatis:
753 2346 798 2357 —
821 2317 942 2390 esset,
966 2318 1001 2373 et
1024 2311 1198 2377 silentio
1220 2309 1333 2376 facto
1355 2332 1401 2358 -’-

238 2440 279 2485 se
314 2419 536 2507 devovisse.
591 2419 653 2484 Est
685 2425 797 2484 tamen
831 2419 940 2498 aliud,
976 2419 1065 2504 quod
1093 2421 1128 2485 in
1155 2419 1218 2484 hoc
1247 2418 1320 2483 loco
1350 2417 1399 2486 of·

237 2526 362 2591 tendat.
412 2527 497 2591 Nam
520 2527 548 2590 si
571 2526 716 2591 dubito
741 2548 788 2591 an
812 2527 951 2605 Livium,
980 2533 1018 2593 nt
1040 2528 1241 2612 posteriores
1262 2525 1400 2608 faciunt,

239 2635 405 2699 sententia
426 2634 470 2698 ad
492 2634 680 2717 negandum
703 2634 884 2699 inclinante
906 2636 1057 2719 posuisse
1080 2642 1251 2718 putamus,
1286 2655 1400 2716 quem·

238 2741 419 2807 admodum
452 2741 544 2821 VIII,
583 2745 639 2820 24,
682 2746 718 2804 ll
756 2740 904 2808 dubius
945 2764 992 2807 an
1026 2743 1152 2826 posuit,
1192 2743 1400 2827 apertissime

239 2844 374 2914 Curtius
403 2849 437 2912 in
466 2849 591 2914 civibus
621 2850 689 2914 suis
711 2849 747 2913 id
768 2850 995 2933 reprehendit,
1024 2850 1115 2933 quod
1137 2851 1209 2935 ipse
1231 2848 1402 2915 statuebat

239 2956 381 3040 illosque
420 2963 567 3021 statuere
605 2956 752 3039 volebat,
790 2958 918 3023 nullum
958 2979 1031 3023 esse
1070 2959 1175 3041 magis
1213 2957 1400 3024 Romanum

238 3063 362 3130 bonum
395 3085 493 3154 quam
522 3086 615 3130 arma
643 3066 872 3150 virtutemque.
931 3065 988 3131 Sin
1017 3064 1060 3131 ad
1089 3064 1321 3130 affirmandum
1348 3065 1400 3131 in·

152 3196 225 3266 (142)
244 3170 367 3238 clinare
395 3172 486 3238 illam
516 3173 645 3238 dicendi
667 3172 822 3253 formam,
855 3180 1003 3238 veterum
1026 3174 1280 3253 consuetudine,
1314 3171 1400 3238 iudi·

239 3301 367 3361 camus,
397 3282 674 3365 quemadmodum
703 3281 971 3346 addubitavit
999 3303 1046 3345 an
1075 3281 1196 3346 dicitur
1224 3280 1317 3362 VIII,
1349 3284 1399 3361 10,

239 3391 274 3469 2,
307 3397 345 3454 ut
378 3387 448 3454 haec
482 3390 526 3456 sit
554 3390 733 3455 sententia:
768 3389 874 3471 quod
908 3388 1129 3454 crederent
1161 3389 1291 3455 ullum
1324 3395 1399 3470 cet,

238 3495 367 3560 ullum
396 3497 529 3581 quidem
557 3518 739 3582 pronomen
762 3504 942 3562 excusatur
964 3518 1018 3576 eo,
1047 3497 1137 3581 quod
1159 3496 1317 3582 praecedit
1338 3497 1399 3562 im·

238 3604 401 3687 probandi
434 3603 634 3686 significatio
668 3602 827 3686 (Gramm.
851 3604 923 3670 Lat.
953 3602 970 3687 ἓ
1000 3610 1064 3669 494
1091 3603 1143 3686 b),
1179 3604 1238 3670 sed
1270 3605 1399 3671 haereas

238 3733 305 3777 nen
332 3712 497 3778 immerito
526 3713 560 3777 in
588 3712 651 3776 hac
678 3713 753 3796 ipsa
782 3712 947 3797 opinionis
976 3718 1011 3777 et
1040 3713 1237 3797 suspicionis
1264 3714 1399 3779 incerta

266 3981 290 4050 ¹)
311 3980 428 4050 [Latus
455 3983 638 4053 participium
664 3983 699 4036 de
728 3982 920 4051 incommodo,
948 3983 1025 4053 quod
1047 3985 1110 4053 quis
1133 3984 1265 4054 pertulit,
1293 3982 1399 4038 dicitnr

306 4066 489 4223 ffiim]
503 4072 548 4137 11,
575 4067 651 4138 apud
669 4066 803 4123 Senecam
821 4065 979 4136 deIraII,
1009 4073 1048 4138 14,
1074 4072 1100 4138 4,
1127 4070 1177 4138 111,
1206 4072 1247 4136 11,
1274 4071 1304 4137 83
1332 4086 1398 4124 nam
1495 4084 1500 4092 ·
