3060 5272
239 348 302 404 Lib.
321 348 367 403 VI.
789 338 851 399 154

327 521 406 605 Cap.
438 526 471 600 5,
506 526 523 585 5
559 520 631 603 (ubi
664 521 718 586 lex
753 522 886 605 agraria
914 543 934 586 a
961 521 1104 587 tribunis
1131 522 1238 607 plebis
1268 523 1398 605 agitata

240 628 543 711 commemoratur):
583 630 698 694 Haud
738 651 879 712 magno
915 652 1036 714 opere
1069 630 1231 714 plebem
1264 651 1397 695 move·

240 745 341 803 rant.
397 737 760 821 Plusquamperfectum
793 745 872 822 post
906 738 1099 822 imperfecta
1126 738 1397 821 (conabantur

239 846 596 911 —ostentabatur
623 882 667 891 —
695 846 1034 929 criminabantur)
1063 856 1153 913 recte
1182 848 1334 926 haberet,
1369 847 1398 912 si

153 967 225 1037 (130)
245 954 499 1037 significaretur,
539 975 604 1036 quo
643 976 747 1037 usque
780 976 833 1019 res
867 957 1095 1038 processisset,
1135 978 1238 1040 quum
1271 955 1398 1037 aliquid

240 1062 417 1141 incideret3
445 1084 532 1126 nunc
554 1064 588 1126 in
611 1062 673 1127 hac
695 1064 769 1146 ipsa
792 1064 956 1128 sententia
979 1064 1092 1129 finitur
1115 1064 1214 1130 huius
1237 1065 1286 1130 rei
1309 1085 1396 1129 com·

240 1171 453 1250 memorati03
487 1172 600 1255 itaque
634 1171 668 1234 in
701 1170 916 1253 significando
950 1173 999 1236 rei
1033 1171 1151 1238 effectu
1184 1172 1255 1255 (qui
1287 1172 1398 1237 nullus

240 1286 299 1343 aut
321 1280 458 1361 exiguus
480 1279 557 1360 fuit)
581 1277 944 1363 plusquamperfectum
967 1278 1046 1344 ferri
1068 1282 1196 1363 nequit,
1225 1281 1397 1363 quoniam·

242 1408 305 1469 que
333 1388 462 1451 incerta
491 1393 541 1451 cst
563 1386 685 1451 codicis
709 1386 879 1471 archetypi
903 1389 1070 1472 scriptura
1092 1389 1140 1470 (M
1163 1410 1248 1453 man.
1275 1393 1290 1450 l
1316 1411 1397 1454 mo·

239 1500 374 1573 vcunt,
413 1495 438 1558 P
472 1494 685 1576 moverat),
720 1516 758 1559 eo
793 1496 897 1577 magis
932 1496 1142 1561 scribendum
1175 1501 1396 1561 moverunt.

238 1601 359 1667 Notavi
389 1603 515 1684 aliquot
544 1609 577 1667 et
599 1602 697 1666 huius
720 1603 848 1684 generis
872 1610 906 1668 et
929 1604 1101 1683 contrarii,
1131 1626 1195 1687 quo
1217 1603 1399 1688 perfectum

239 1732 299 1795 pro
328 1710 650 1794 plusquamperfecto
679 1711 824 1793 positum
853 1718 916 1790 est,
953 1712 1103 1796 cntempla
1132 1733 1234 1795 supra
1262 1712 1307 1796 (p.
1332 1710 1397 1792 38).

238 1819 342 1884 Paulo
371 1825 447 1883 aute
477 1817 508 1901 (ξ
537 1818 570 1899 3)
598 1840 665 1884 non
694 1818 809 1885 dubito
839 1819 918 1901 quin
947 1819 1074 1897 Livius,
1104 1827 1142 1885 ut
1170 1820 1315 1898 fuerit,
1349 1821 1399 1884 ita

239 1926 459 1992 habuerint
493 1926 571 2007 (non
605 1925 852 2009 habuerunt)
881 1929 1046 2011 posuerit;
1079 1928 1161 1993 illud
1190 1929 1329 2007 mansit,
1362 1928 1398 1992 in

239 2034 302 2100 hoc
330 2055 396 2098 una
423 2034 536 2098 littera
558 2033 749 2098 aberratum
771 2043 831 2099 est.
888 2034 947 2115 (X,
979 2040 1033 2114 11,
1066 2041 1102 2099 11
1128 2035 1278 2101 meliores
1301 2035 1398 2101 codd.

238 2144 519 2226 nequiverunt,
544 2142 724 2207 deteriores
748 2150 837 2207 recte
860 2143 1146 2225 nequiverint.)

326 2249 406 2334 Cap.
420 2255 448 2329 6,
472 2256 491 2314 4
515 2250 652 2315 allatum
674 2258 831 2316 narratur
855 2271 875 2314 a
897 2250 1101 2332 fugientibus
1125 2273 1164 2315 ex
1187 2273 1266 2335 agro
1278 2251 1398 2336 Pomp·

238 2360 320 2438 tine,
344 2359 535 2424 Antiates
558 2360 599 2423 iu
622 2359 744 2423 armis
768 2380 856 2423 esse
879 2358 1195 2441 Latinorumque
1218 2359 1397 2443 populos

237 2468 490 2532 iuventutem
516 2487 625 2530 suam
648 2467 810 2531 misisse
834 2467 882 2531 ad
906 2466 946 2530 id
965 2466 1128 2546 bellum,
1153 2487 1196 2532 eo
1215 2465 1398 2533 abnuen-

238 2581 312 2653 tes,
340 2574 549 2658 publicum
572 2573 702 2638 fuisse
725 2574 955 2653 consilium,
985 2575 1091 2658 quod
1113 2596 1191 2640 uon
1213 2574 1400 2658 prohibi-

239 2688 304 2748 tos
328 2681 605 2747 tantummodo
629 2683 887 2747 voluntarios
910 2683 1097 2746 dicerent
1113 2682 1305 2760 militare,
1328 2682 1398 2747 ubi

240 2789 404 2854 vellent.
463 2789 542 2865 Quae
576 2791 669 2855 notio
704 2789 856 2873 pluribus
889 2790 998 2855 verbis
1027 2789 1247 2871 significatur,
1284 2790 1399 2855 cadem

238 2897 335 2962 valde
363 2898 568 2962 incommode
598 2920 664 2962 uno
695 2904 728 2962 et
757 2898 893 2982 proprio
922 2899 1054 2963 nomine
1082 2897 1147 2962 illis
1176 2898 1259 2981 ipsis
1289 2898 1399 2963 verbis

239 3007 436 3089 interposito
461 3005 664 3085 declaratur,
694 3027 735 3070 ne
760 3005 927 3071 occultata
950 3006 1083 3088 quidem
1107 3006 1295 3087 tautologia
1318 2980 1399 3088 (vo-

239 3113 447 3179 luntarios
475 3148 518 3158 -
540 3113 609 3177 ubi
639 3113 822 3194 vellent);
856 3113 968 3178 Latini
995 3115 1082 3177 enim
1110 3113 1277 3196 negabant
1305 3115 1399 3197 quic·

239 3244 341 3308 quam
369 3222 458 3287 ultra
488 3243 522 3286 se
545 3222 679 3301 fecisse,
708 3243 805 3304 quam
829 3222 919 3305 quod
942 3220 1029 3302 (eos,
1059 3222 1116 3304 qui
1139 3222 1318 3287 iuventutis
1341 3242 1400 3286 no·

238 3332 326 3396 minc
355 3329 690 3415 comprehenduntur)
712 3351 778 3394 non
800 3328 1048 3413 prohibuissent
1070 3330 1224 3408 militare,
1252 3329 1311 3394 ubi
1333 3327 1400 3394 vel·

239 3437 323 3518 lent,
356 3438 420 3503 hoc
443 3444 508 3517 est,
542 3438 746 3503 voluntarios
776 3436 851 3503 illos
881 3458 953 3502 esse
976 3437 1146 3516 dicebant,
1177 3459 1244 3502 uon
1267 3436 1399 3520 publice

239 3547 369 3612 missos.
420 3546 536 3630 Itaque
559 3567 682 3623 vereor,
711 3567 752 3609 ne
775 3546 884 3610 aliena
906 3567 1006 3609 manu
1029 3544 1112 3609 illud
1135 3544 1398 3610 voluntarios

239 3654 391 3720 additum
415 3656 468 3719 sit.
517 3653 621 3718 Paulo
650 3652 783 3737 quidem
811 3660 888 3737 post
916 3651 947 3735 (ἓ
971 3651 1004 3734 8)
1027 3652 1119 3718 nulla
1147 3651 1313 3718 dubitatio
1345 3658 1397 3718 est

240 3764 320 3849 quin
353 3763 416 3827 hoc
449 3763 546 3827 modo
581 3761 759 3826 obscurata
788 3762 833 3826 sit
864 3761 947 3825 Livii
975 3762 1090 3825 oratio.
1147 3759 1268 3825 Omnes
1300 3760 1397 3841 enim,

239 3873 305 3938 nisi
328 3873 385 3955 qui
407 3871 539 3935 tacendi
560 3868 719 3935 beneficio
743 3874 896 3948 utuntur,
931 3868 1057 3933 haercnt
1078 3870 1113 3933 in
1136 3889 1190 3949 eo,
1224 3869 1314 3952 quod
1338 3865 1400 3933 Ca·

240 3979 352 4044 millus
386 3981 527 4062 ingens
558 3979 617 4041 ait
646 3998 745 4041 onus
769 3998 790 4040 a
812 3976 964 4060 populo
993 3977 1172 4042 Romano
1203 3976 1298 4055 sibi,
1332 3975 1400 4058 qui

241 4108 284 4151 se
319 4087 568 4152 dictatorem
603 4087 679 4150 iam
713 4091 903 4169 quartum
936 4092 1136 4164 creasset,
1170 4106 1352 4169 magnum
1380 4102 1418 4178 a·

241 4201 387 4260 senatu
415 4194 572 4259 talibus
601 4193 648 4259 de
678 4214 718 4259 se
747 4193 918 4258 iudiciis
947 4193 1037 4258 eius
1061 4192 1239 4272 ordinis,
1273 4192 1400 4256 maxi·
