3060 5272
235 365 298 420 nu
316 363 415 419 xum
781 350 843 411 684

235 539 388 622 primum,
404 543 521 620 postea
537 542 648 600 autem
666 534 844 616 aliquoties
859 532 1015 598 obiicitur
1024 554 1144 599 nomen
1154 530 1279 601 fluvioli
1289 535 1386 620 quin·

237 666 301 730 que
321 643 468 710 millibus
490 665 648 727 passuum
670 642 712 707 ab
735 641 798 706 Dio
820 640 864 706 ad
885 639 1053 705 meridiem
1081 661 1197 709 versus
1218 642 1387 725 distantis,

237 752 281 818 ad
312 773 411 836 quern
442 751 584 816 Perseus
615 757 726 816 ossus
757 756 791 814 st
822 755 941 815 conus
962 746 999 825 Q
1022 747 1184 816 ltlareinm
1211 759 1246 816 et
1266 759 1388 836 postea

237 867 354 927 eontra
387 859 424 924 L.
456 858 627 924 AEmilium
657 857 783 923 habuit
832 857 866 922 ls
898 857 933 922 in
964 855 1167 925 editionibus
1199 859 1389 943 appellatur

235 969 425 1053 Enipeus.
470 965 583 1033 Codex
613 965 646 1031 h.
669 966 691 1030 l
714 965 837 1049 Enipi
863 963 979 1042 babet,
1012 966 1162 1049 proximo
1187 968 1298 1052 eapite
1326 967 1387 1053 §2

236 1076 439 1160 Elipsnm,
462 1095 489 1141 e.
512 1073 763 1158 ⁶20,31·:pels‚
786 1093 814 1138 e.
837 1076 890 1151 26,
912 1077 931 1138 5
953 1071 1107 1157 Elpeio,
1128 1095 1157 1140 e.
1181 1077 1232 1154 32,
1256 1079 1298 1140 10
1318 1076 1388 1143 El·

236 1185 318 1271 pei,
342 1205 368 1249 o.
393 1187 443 1263 35,
466 1188 484 1248 7
508 1189 542 1248 et
563 1186 583 1247 8
605 1181 725 1266 Elpei
747 1202 775 1246 e.
799 1185 849 1260 39,
872 1184 893 1245 9
914 1180 1113 1264 Elpeium,
1134 1202 1163 1247 e.
1180 1185 1233 1262 23,
1255 1188 1275 1248 7
1296 1184 1388 1251 Eui-

236 1293 338 1377 peio,
361 1312 388 1356 o.
411 1295 462 1371 at,
485 1296 506 1356 4
528 1291 729 1375 Enipeum,
753 1290 812 1357 sed
834 1290 1074 1373 5Nelpeum.
1108 1288 1307 1375 Comparate
1324 1292 1388 1360 Zo-

237 1421 327 1479 nara,
350 1400 438 1484 apud
461 1420 558 1484 quem
578 1399 634 1479 IX,
657 1403 697 1464 23
720 1401 765 1483 (p.
788 1404 851 1464 let
873 1397 969 1478 Duo.)
985 1402 1096 1470 ”mnes
1117 1399 1253 1480 dieitur,
1282 1422 1387 1488 apps-

237 1515 290 1574 ret
310 1508 470 1592 Elpium
492 1513 550 1572 aut
571 1507 738 1592 Elpeum
759 1527 780 1572 a
800 1506 893 1573 Livio
916 1505 1120 1589 appellatum
1142 1528 1224 1574 esse.
1267 1508 1388 1596 Enipei

238 1618 349 1681 notius
371 1637 490 1681 nomen
512 1635 533 1680 a
554 1615 704 1700 Grynseo,
725 1636 822 1698 quem
844 1616 969 1698 primus
991 1614 1119 1680 librarii
1135 1636 1228 1682 error
1245 1616 1386 1703 deoepit,

239 1746 256 1790 e
279 1722 450 1789 Thessalia
477 1724 511 1788 in
538 1722 765 1789 blaoedoniam
792 1722 991 1796 translatum
1014 1723 1109 1805 est¹)
1153 1723 1308 1790 Extrem
1331 1746 1387 1793 oa·

238 1835 308 1918 pite
331 1830 363 1915 (ᾗ
386 1837 416 1912 7,
438 1831 497 1924 ubi
518 1831 804 1898 Weissenbornius
827 1832 1016 1915 occupavit,
1048 1832 1137 1915 quod
1165 1851 1226 1914 ego
1255 1853 1387 1917 quoqne

238 1942 457 2018 oonieoeram,
490 1940 714 2025 obseptum
735 1940 816 2006 iter
843 1961 883 2004 ex
905 1938 1027 2005 oodieis
1055 1941 1219 2024 scriptura
1239 1940 1388 2026 hospe-

191 2032 196 2040 ’
239 2054 466 2133 setseptum
499 2048 593 2130 iter)
626 2049 660 2113 in
693 2048 746 2114 his
773 2048 897 2114 verbis:
931 2047 1150 2113 extrahere
1182 2047 1389 2133 reliquum

239 2166 397 2242 tempus
420 2158 506 2223 eiua
527 2159 685 2223 astatis
707 2158 747 2222 in
768 2157 899 2223 animo
922 2155 1116 2236 habebat,
1144 2157 1262 2222 vitiose
1284 2157 1389 2225 abun·

239 2266 298 2332 dat
320 2267 425 2346 eius,
446 2267 481 2331 in
503 2267 616 2332 codiee
638 2272 691 2332 est
717 2265 1111 2350 tempnseaaestatis,
1138 2267 1314 2348 geminatis
1337 2288 1387 2334 er·

238 2396 313 2441 rore
333 2376 454 2440 litteris
475 2395 529 2440 se.

324 2481 402 2567 Gap.
426 2488 455 2561 9,
478 2487 498 2546 8
527 2481 598 2562 (ubi
621 2481 816 2547 describitur
837 2483 993 2547 circensis
1019 2480 1138 2547 ludieri
1164 2483 1199 2546 in
1220 2483 1389 2551 testudine

239 2588 410 2655 efficienda
442 2590 562 2655 bellica
593 2591 627 2654 in
649 2591 893 2674 oppugnatione
915 2589 1067 2657 Heraclei
1100 2590 1255 2672 imitatio)
1289 2597 1390 2659 antea

238 2700 285 2763 sio
313 2696 488 2763 edebatur:
527 2696 631 2763 Huic
663 2696 867 2763 testudini
900 2698 1110 2763 simillima
1143 2699 1252 2782 parti
1286 2701 1389 2766 muri

239 2807 403 2872 admota
435 2806 522 2887 (eod.
555 2805 759 2888 permota),
794 2827 879 2872 eum
912 2807 1058 2872 armati
1094 2813 1388 2891 superstantes

240 2914 452 2980 subissent
472 2913 560 2994 (eod.
586 2913 856 2998 subipssent),
880 2915 1258 2999 propugnatoribus
1285 2917 1389 2982 muri

239 3023 408 3104 fastigio
442 3022 685 3089 altitudinis
717 3023 997 3105 aquabantur.
1043 3022 1262 3107 Kreyssigius,
1285 3046 1388 3109 quum

238 3133 273 3198 in
296 3132 410 3197 oodiee
432 3132 570 3198 vidisset
591 3132 708 3198 scribi:
730 3131 834 3197 Huic
855 3131 1025 3198 testudo
1048 3131 1256 3198 simillime
1278 3135 1389 3216 parti

239 3242 354 3320 muri,
387 3248 478 3306 recte
509 3241 747 3306 nominativum
780 3237 973 3322 (testudo)
1006 3241 1131 3318 tenuit,
1164 3247 1256 3307 reote
1284 3242 1387 3308 etiam

154 3354 225 3423 (tet)
243 3348 476 3415 humillimae
498 3349 608 3433 parti
629 3349 731 3415 muri
754 3349 880 3431 posuit,
907 3369 1013 3433 neque
1035 3354 1148 3413 tamen
1178 3349 1390 3417 simillima

237 3455 476 3522 humillima
503 3456 712 3523 scribendum
734 3456 865 3522 videtur
887 3456 1006 3536 fuisse,
1028 3456 1086 3521 sed
1108 3463 1252 3523 tantum:
1286 3457 1388 3526 Huie

238 3567 403 3632 testudo
437 3564 587 3632 similis
618 3564 856 3631 humillimae
890 3587 921 3650 p.
944 3587 985 3629 m.
1009 3572 1083 3644 oet,
1113 3564 1231 3632 deinde
1260 3573 1387 3632 autem:

181 3681 186 3690 “
239 3695 357 3757 quum
377 3675 524 3740 armati
551 3695 673 3758 super
706 3681 865 3740 stantes
898 3673 1118 3740 subissent.
1162 3673 1278 3757 Neque
1301 3676 1388 3742 enim

238 3784 304 3848 iam
327 3782 571 3867 superstabant,
594 3804 693 3866 quum
714 3780 908 3847 movebatur
929 3781 1070 3862 testudo,
1094 3783 1152 3849 sed
1174 3781 1233 3849 illa
1254 3784 1390 3852 admota
1481 3846 1484 3851 .

238 3890 422 3957 insilientes
443 3911 544 3974 super
565 3911 633 3969 eos,
656 3891 713 3973 qui
736 3891 839 3956 soutia
862 3911 964 3975 supra
986 3892 1104 3975 eapitis
1127 3891 1222 3958 elatis
1245 3892 1388 3972 stabant,

265 4144 288 4213 ¹)
308 4144 375 4215 [Sed
402 4147 486 4201 etism
508 4144 659 4201 'lbessulie
683 4146 773 4200 amnis
795 4146 937 4202 interdum
964 4145 1111 4215 Elipeus
1140 4147 1231 4201 dietus
1258 4147 1385 4216 videtur3

307 4231 363 4285 vid.
385 4231 514 4287 ldeineke
533 4231 611 4302 presi.
632 4230 722 4286 Strsb.
741 4233 794 4287 vol.
813 4231 842 4286 11
859 4251 885 4302 p
903 4230 950 4301 ἶ]
