3060 5272
154 509 209 578 (60)

223 327 286 382 niu.
304 326 339 381 11.
781 313 822 373 74

314 496 393 583 Gap.
417 501 473 577 33,
502 502 521 561 7
550 496 607 562 ubi
636 498 745 580 agitur
768 495 809 561 de
831 493 889 560 Cn.
912 495 1036 561 Marcio
1058 496 1093 560 in
1116 492 1265 563 Coriolos
1288 480 1382 584 oppi-

224 607 303 671 dum
324 607 537 691 irrumpente,
563 604 698 683 frustra,
727 604 855 688 opinor,
879 603 1054 669 defendere
1077 603 1222 670 editores
1245 606 1383 674 student

223 713 308 779 hanc
346 713 521 780 verborum
560 713 838 777 coniunctionem:
885 709 1078 794 credeque
1117 711 1157 777 in
1197 715 1382 794 proxima

222 821 339 887 urbis
366 821 498 901 facta;
530 841 638 905 neque
660 826 786 900 tamen,
820 819 877 903 qui
900 819 1064 902 corrigere
1086 817 1275 902 volucrunt,
1304 844 1381 907 pro·

223 928 348 994 babilia
381 930 619 1012 excogitarunt.
675 926 758 992 Mihi
791 947 858 991 una
891 946 953 991 vox
983 924 1200 1010 (crudeque)
1223 948 1284 995 suo
1307 929 1381 997 loos

222 1043 314 1103 mota
342 1046 376 1103 et
404 1038 511 1102 alieno
541 1037 666 1101 inserta
688 1035 833 1114 ridetur,
868 1055 934 1119 qua
965 1035 1114 1119 reposita
1148 1035 1195 1100 sic
1227 1034 1382 1103 decurret

222 1146 292 1210 siue
320 1144 390 1211 ulla
420 1143 599 1210 offensione
629 1143 751 1208 oratio:
786 1141 900 1207 ferox
933 1142 1087 1227 irrupit
1119 1142 1159 1207 in
1192 1146 1381 1228 proxima

222 1253 353 1333 urbis,
382 1253 571 1337 caedeque
599 1251 710 1316 iacta
738 1250 871 1334 ignem
893 1257 1046 1316 temere
1069 1250 1286 1335 abreptum
1308 1253 1380 1318 im·

221 1360 471 1427 minentibus
499 1381 611 1425 muro
642 1357 836 1424 aedificiis
864 1358 1019 1423 iniecit.
1071 1356 1150 1440 (cfr.
1174 1361 1380 1444 prooemium

221 1492 252 1553 p.
278 1467 342 1550 12.)
398 1467 463 1534 Sed
491 1489 552 1552 pro
583 1466 795 1550 abreptum
824 1465 923 1531 scribi
954 1466 1054 1532 debet
1082 1473 1306 1551 arreptum,
1340 1476 1380 1535 ut

221 1583 299 1642 ante
331 1574 497 1641 Drakenb.
532 1574 703 1641 edebatur.
760 1572 845 1638 Nam
879 1575 1003 1658 ignem,
1040 1576 1096 1657 qni
1130 1574 1189 1640 ubi
1221 1576 1278 1656 sit,
1312 1597 1379 1643 non

221 1684 356 1763 dicitur,
391 1684 507 1767 arripit
536 1682 687 1747 alicunde
716 1683 852 1765 aliquis,
881 1687 918 1746 ut
948 1703 1007 1766 pro
1030 1683 1098 1748 telo
1120 1683 1380 1751 instrumentovc

220 1797 344 1870 utatur,
369 1812 435 1856 non
457 1790 590 1874 abripit.
631 1790 707 1855 llox
725 1789 741 1872 ξ
760 1795 789 1870 8,
812 1790 870 1857 ubi
887 1790 921 1853 in
939 1789 1109 1856 codicibus
1127 1798 1192 1857 est:
1217 1788 1379 1859 Clamor

220 1899 314 1964 inde
360 1899 658 1983 oppidanorum
703 1899 854 1963 mixtus
898 1896 1090 1962 muliebri
1131 1899 1378 1986 puerilique

220 2006 388 2091 ploratu
422 2006 471 2072 ad
499 2013 714 2085 terrorem,
743 2012 786 2071 ut
817 2005 940 2084 solet,
968 2006 1097 2090 primo
1127 2013 1217 2072 ortu
1240 2013 1279 2073 et
1301 2008 1378 2074 Ro·

220 2115 347 2180 manis
377 2115 493 2180 auxit
521 2115 697 2178 animum
725 2119 803 2192 cet,
831 2133 896 2177 non
919 2133 994 2177 cum
1019 2112 1182 2179 Gronovio
1204 2115 1378 2199 primum

220 2227 336 2288 ortus
365 2223 464 2288 scribi
493 2222 606 2302 debet,
634 2220 693 2286 sed
715 2221 883 2305 primum
906 2227 1002 2316 orto.
1059 2221 1143 2287 Nam
1165 2242 1226 2287 nec
1248 2227 1377 2289 utrum·

219 2352 281 2414 que
305 2331 517 2415 participium
540 2329 706 2411 (mixtus
726 2379 753 2393 ..
770 2326 917 2409 ortus)
940 2329 1110 2394 commode
1132 2329 1175 2395 ad
1198 2329 1377 2398 clamorem

218 2438 361 2504 refertur
395 2445 428 2503 et
460 2438 630 2503 muliebris
663 2436 864 2521 puerilisque
898 2436 1047 2520 ploratus
1082 2438 1135 2503 rel
1163 2438 1304 2504 maxime
1332 2440 1378 2506 ad

219 2546 360 2628 primum
382 2552 541 2611 terrorem
566 2546 644 2610 oriri
668 2546 761 2610 solet.
808 2543 931 2626 (1861.)

305 2651 384 2737 Cap.
398 2656 447 2732 36,
460 2657 478 2715 2
491 2652 538 2734 (in
549 2651 667 2731 verbis
685 2673 758 2736 quae
771 2651 807 2716 T.
822 2652 972 2718 Latinius
990 2652 1023 2715 in
1041 2652 1167 2718 somnio
1184 2653 1299 2719 audire
1312 2654 1377 2720 sibi

217 2761 306 2824 risus
331 2760 395 2842 est)
413 2761 586 2844 geminatis
612 2760 740 2826 duabus
758 2761 879 2826 litteris
899 2758 1107 2824 scribendum
1124 2759 1270 2826 videtur:
1293 2761 1377 2828 iret

217 2874 257 2934 ot
275 2866 348 2952 (pro
366 2867 458 2948 iret)
476 2889 523 2933 ea
542 2867 786 2934 consulibus
803 2867 1023 2947 nuntiaret,
1041 2866 1131 2951 quod
1148 2867 1226 2932 etin
1238 2867 1376 2954 obliqua

217 2976 366 3041 oratione
383 2977 430 3041 sic
447 2975 512 3041 dici
530 2975 623 3055 solet,
641 2975 775 3040 sublata
787 2981 886 3040 rectae
897 2974 1082 3040 vehementi
1092 2974 1264 3057 brevitate,
1283 2974 1376 3060 [con-

215 3088 269 3147 tra
285 3089 396 3149 tamen
410 3083 477 3164 VII,
491 3089 519 3164 6,
535 3083 597 3166 10,]
617 3089 650 3149 et
668 3083 758 3166 quod
776 3082 924 3165 alioquin
945 3104 1010 3147 non
1029 3088 1118 3148 recte
1137 3083 1275 3167 erigitur
1293 3106 1374 3151 sono

215 3211 395 3275 pronomen
418 3191 509 3273 ca.¹)
551 3191 630 3274 (Sed
654 3192 787 3275 gravius
805 3189 961 3255 mendum
978 3191 1129 3275 proxima
1145 3191 1277 3271 insidet,
1300 3190 1318 3275 ξ
1338 3197 1375 3258 3:

244 3410 267 3475 ι)
285 3410 327 3465 De
344 3427 368 3465 c.
386 3414 435 3479 40,
458 3413 475 3466 8
498 3411 566 3481 quid
584 3410 730 3479 sentirem,
752 3409 909 3480 significari
927 3427 1013 3481 supra
1030 3428 1057 3481 p.
1079 3413 1118 3466 13.
1159 3410 1193 3466 In
1210 3410 1311 3466 eodem
1327 3427 1374 3466 ca·

282 3495 797 3565 pitealiudintranscursuattingam.
824 3496 913 3551 Miror
921 3496 1005 3564 anim,
1015 3495 1177 3565 quiiactnm
1187 3496 1233 3564 sit,
1242 3496 1371 3551 uthomo

283 3581 382 3636 doctus
400 3587 429 3636 et
446 3580 582 3652 prudeus,
606 3580 754 3635 meliorum
772 3580 901 3636 codicum
919 3585 1052 3649 sectator,
1075 3580 1211 3648 Hertzius,
1235 3599 1321 3649 quum
1340 3582 1374 3637 in

283 3667 413 3721 omnibus
439 3664 535 3734 codd,
564 3682 682 3734 quorum
711 3665 769 3720 ulla
795 3671 839 3720 est
867 3667 1021 3722 auctoritas
1052 3665 1215 3736 (MPLIHI,
1241 3665 1317 3721 Flor.
1343 3665 1371 3721 S.

281 3751 384 3819 Marci,
410 3750 549 3818 Rottend,
576 3749 692 3805 Helmst.
716 3750 791 3821 apud
824 3750 920 3820 Gron.)
953 3758 981 3808 et
1007 3753 1037 3807 in
1070 3752 1257 3807 deterioribus
1284 3751 1372 3806 etiam

282 3837 392 3905 aliquot
409 3835 499 3903 (Voss.
516 3838 539 3903 l,
557 3835 671 3902 Leito)
690 3837 827 3906 scriptum
846 3838 943 3892 sciret:
960 3853 1029 3892 non
1047 3837 1252 3893 inviderunt
1270 3836 1371 3892 laude

282 3938 340 3976 sna
357 3920 571 3990 mulieribus,
594 3938 628 3976 ea
645 3926 795 3991 structura,
814 3940 898 3993 quam
917 3921 1026 3977 Seneca
1043 3921 1089 3991 (de
1104 3923 1172 3978 Vita
1184 3923 1272 3978 Beata
1289 3924 1323 3978 28
1341 3926 1371 3977 et

280 4006 336 4075 24),
358 4005 558 4074 Quintilianus,
585 4005 693 4062 Plinius
721 4014 850 4077 uterque,
876 4006 990 4062 Tacitus
1009 4008 1100 4063 secuti
1118 4012 1199 4076 sunt,
1226 4007 1311 4078 idque
1333 4007 1370 4062 ab

281 4090 458 4147 Alschefskic
490 4097 520 4147 et
546 4093 775 4148 Weissenbomio
807 4092 971 4147 restitutum
998 4099 1086 4162 essct,
1119 4110 1154 4146 ex
1180 4092 1369 4148 deterioribus

280 4175 426 4233 codicibus
449 4179 569 4248 primum
591 4178 714 4234 laudes
737 4193 814 4233 snas
835 4181 982 4234 revocaret
999 4179 1106 4246 (ortum
1124 4194 1160 4233 ex
1177 4177 1370 4248 geminatione
