3060 5272
163 372 225 425 Lib.
243 369 366 425 XXXIV¹
706 363 767 422 506

162 544 205 608 ad
234 551 390 609 tantum
419 566 504 608 uon.
550 542 614 607 Cfr.
638 543 681 609 ad
705 547 755 615 23,
779 549 807 607 2.
854 545 923 627 (Sic
946 548 1010 611 iam
1032 547 1068 612 P.
1092 549 1130 613 R..
1154 546 1323 615 Miillerus

158 651 276 717 Philol.
299 653 362 717 XII
385 676 416 736 p.
442 652 542 733 59.)¹)

245 760 323 846 Cap.
356 766 411 840 52,
446 767 464 824 5
501 759 555 840 (de
591 759 760 843 triumpho
789 761 824 825 Τ.
854 759 1030 839 Quinctiil:
1065 761 1216 828 Infecti
1252 783 1322 827 ar·

159 871 268 952 genti
291 869 371 935 fuit
395 869 532 933 decem
556 874 596 931 et
624 874 715 931 octo
744 868 880 932 millia
909 869 1040 951 pondo
1069 876 1108 933 et
1135 869 1322 936 ducenta

159 978 426 1060 septuaginta
450 976 569 1049 facti:
600 995 695 1038 vasa
718 975 844 1039 multa
868 977 993 1040 omnis
1017 978 1191 1059 generis,
1221 997 1320 1043 cae·

158 1085 243 1149 lata
266 1084 483 1169 pleraque,
518 1081 694 1165 quaedam
723 1083 876 1147 eximiae
900 1084 1014 1148 artis.
1071 1084 1172 1149 Recte
1196 1083 1320 1151 Creve-

157 1194 226 1257 rius
256 1194 350 1256 nimis
380 1193 534 1273 exiguum
563 1189 643 1253 facti
672 1191 800 1272 argenti
829 1191 958 1272 pondus
987 1192 1125 1255 miratus
1153 1199 1219 1265 est.
1254 1194 1319 1258 mi·

157 1301 243 1365 nime
277 1298 442 1364 sufficiens
473 1299 558 1362 vasis
587 1296 699 1361 multis
732 1298 836 1361 omnis
865 1299 1010 1380 generis3
1044 1305 1177 1382 poterat
1204 1302 1318 1385 suspi-

158 1410 283 1472 cionem
318 1428 438 1490 augere
474 1405 636 1470 rotundus
665 1426 819 1469 numerus
847 1403 1004 1469 librarum
1034 1404 1144 1470 infecti
1173 1408 1318 1489 argenti,

157 1521 228 1578 tum
251 1516 379 1578 numeri
402 1515 449 1578 sic
474 1513 691 1578 substantivis
713 1512 914 1595 interpositi,
944 1520 980 1577 ut
1003 1520 1251 1593 concurrerent,
1281 1521 1318 1581 et

159 1620 367 1685 substantiva
395 1620 559 1703 particula
589 1627 627 1683 et
651 1619 822 1702 copulata:
856 1619 967 1684 Livius
998 1623 1082 1685 enlm
1108 1622 1317 1704 scripsisset:

158 1727 291 1791 XVIII
314 1728 429 1791 milia
451 1727 596 1810 pondo,
631 1725 732 1791 sacti
757 1724 930 1790 CCLXX.
988 1727 1134 1811 Apparet
1156 1750 1314 1796 numeros

158 1834 397 1898 continuandos
427 1856 496 1899 esse
524 1842 557 1898 et
587 1834 687 1898 verba
715 1836 760 1898 sic
790 1833 1036 1915 distinguenda:
1072 1836 1218 1900 infecti
1246 1858 1314 1902 ar·

157 1942 267 2024 genti
306 1941 387 2005 fuit
422 1941 553 2005 XVIII
593 1942 707 2006 milia
746 1942 877 2024 pondo
913 1950 951 2006 et
985 1941 1164 2015 CCLXX.
1204 1943 1312 2010 iacti

157 2070 251 2112 vasa
283 2048 407 2113 multa
441 2050 567 2113 omnis
603 2049 765 2131 generis
799 2054 860 2113 cet.
916 2049 1012 2113 Facti
1042 2052 1170 2131 argenti
1198 2050 1312 2119 Livius

157 2158 285 2239 copiam
320 2153 505 2222 universam
540 2164 572 2221 et
605 2178 707 2239 genus
741 2156 913 2238 siguificat,
947 2157 1075 2238 pondus
1109 2179 1173 2222 non
1205 2161 1311 2242 ponit,

156 2264 429 2345 quemadmodum
457 2266 489 2328 in
512 2264 565 2327 M.'
616 2264 712 2328 Acilii
736 2263 926 2329 Glabrionis
954 2264 1122 2348 triumpho
1145 2265 1310 2347 XXXVII,

155 2374 205 2449 46,
230 2374 263 2433 3;
295 2392 391 2435 vasa
420 2378 618 2453 argentea
642 2371 804 2435 caelata
827 2370 955 2435 multa
977 2374 1189 2456 magnique
1212 2396 1310 2457 pou·

155 2477 276 2541 deris.
332 2478 394 2542 Hic
425 2478 668 2543 subsistendum
700 2486 786 2555 erat,
821 2479 846 2541 si
876 2477 958 2542 nihil
987 2487 1074 2545 esset
1103 2489 1196 2545 extra
1224 2480 1309 2547 Livii

154 2583 256 2648 libros
280 2583 321 2647 ad
343 2583 430 2648 hunc
452 2584 563 2649 locum
585 2585 794 2650 tractandum
818 2585 971 2661 subsidii:
1001 2607 1087 2651 nunc
1111 2588 1309 2654 Plutarchus

155 2692 188 2754 in
217 2692 284 2754 vita
313 2690 489 2755 Flaminini
519 2712 545 2755 c.
574 2697 612 2756 14
635 2713 652 2755 e
677 2691 859 2775 Sempronii
884 2693 1040 2758 Tuditani
1069 2693 1244 2760 annalibus
1272 2704 1309 2762 et

154 2798 226 2861 auri
262 2795 339 2861 lacti
370 2805 403 2862 et
432 2798 682 2882 Philippeorum
712 2800 842 2865 eosdem
873 2821 1040 2867 numerosi.
1076 2822 1158 2884 quos
1186 2802 1307 2881 Livius,

155 2905 250 2987 pouit
275 2902 360 2985 (auri
378 2911 488 2970 tamen
506 2905 771 2971 hlhllllDCCXlll
790 2928 850 2990 pro
870 2905 1155 2988 MblthCCXIV),
1178 2912 1307 2992 argenti

155 3018 265 3076 autem
285 3020 376 3093 λίτρας
393 3023 615 3094 τετρακισμυρίας
635 3024 784 3095 τρισχιλίας
803 3020 943 3083 traxerim
962 3020 1148 3095 ἑςῖιῖομὴκοντα.
1189 3017 1306 3099 ltaque

154 3119 242 3203 apud
263 3120 389 3185 Livium
413 3143 472 3204 pro
492 3108 599 3186 ffss'l
618 3122 828 3188 scribendum
846 3107 964 3197 lI-LIII,
984 3123 1307 3207 intellegentiamque

154 3228 253 3292 etiam
277 3249 317 3292 ex
339 3228 402 3293 hoo
425 3229 512 3308 loco,
547 3231 579 3293 iu
608 3231 753 3313 antiquis
779 3229 861 3294 Livii
893 3230 1059 3295 codicibus
1082 3232 1169 3296 notis
1191 3230 1306 3297 huius·

181 3448 204 3507 ¹l
223 3446 299 3517 [Cap.
319 3452 367 3503 48.
391 3452 407 3502 5
432 3448 552 3502 fortasse
576 3464 626 3502 scr.
655 3444 774 3500 Omnia
791 3463 865 3500 cum
884 3447 1142 3516 approbatione
1160 3449 1303 3517 ingenti

221 3540 302 3587 snut
324 3533 456 3594 audita,
485 3538 715 3601 praeterquam
740 3548 838 3599 quum
861 3531 902 3584 ad
925 3534 1136 3586 mentionem
1155 3531 1305 3589 Nabidis

219 3623 357 3672 ventum
387 3623 442 3670 est
470 3618 533 3686 (pro
561 3616 671 3679 esset).
714 3614 779 3682 Cap.
802 3617 849 3679 49,
877 3618 907 3673 5.
935 3616 983 3668 ubi
1007 3617 1046 3668 sic
1071 3617 1216 3669 scribitur:
1244 3616 1303 3670 Li·

219 3704 357 3756 bertate
379 3701 514 3755 modice
537 3707 697 3761 utentum
725 3703 952 3767 temperatam
981 3716 1049 3754 eam
1074 3699 1246 3753 salubrem
1270 3707 1306 3756 et

221 3787 368 3855 singulis
388 3791 420 3840 et
439 3786 651 3840 civitatibus
669 3801 755 3843 esse.
782 3784 924 3838 nimiam
947 3788 981 3836 et
1003 3783 1084 3837 aliis
1107 3800 1243 3853 gravem
1268 3791 1304 3841 et

220 3873 320 3940 ipsis.
345 3871 400 3939 qni
423 3871 588 3936 habeant,
612 3867 816 3923 effrenatam
835 3872 869 3924 et
886 3868 1108 3937 praecipitem
1126 3884 1212 3935 ease,
1234 3868 1306 3924 mel·

220 3956 274 4009 lem
302 3956 414 4010 abesset
440 3960 473 4008 et
500 3953 703 4008 effrenatam
730 3960 780 4007 aut
806 3954 989 4007 scriberetur:
1018 3954 1159 4008 nimiam
1189 3959 1223 4008 et
1250 3953 1302 4009 ei·

219 4039 391 4094 frenatam
419 4044 451 4093 et
479 4038 560 4093 aliis
590 4054 724 4106 gravem
754 4046 786 4091 et
813 4038 915 4106 ipsis,
942 4038 998 4106 qui
1021 4038 1186 4102 habeant,
1213 4054 1302 4107 pres·

219 4126 358 4194 cipitem
382 4139 463 4177 esse.
503 4120 610 4175 Vitium
635 4124 723 4178 sensit
747 4124 832 4177 etiam
855 4122 1024 4177 Ritschelius
1044 4123 1115 4176 Mus.
1134 4122 1186 4176 Rh.
1205 4122 1303 4179 XVIII

219 4227 246 4279 p.
265 4212 323 4263 479.
364 4204 448 4274 1863]
