3060 5272
239 347 302 403 nu.
320 346 392 402 XLI.
779 334 843 395 604

239 525 442 602 pugnaturos
465 523 523 583 aut
545 539 699 585 evasuros
721 517 822 585 fuisse
845 517 1051 602 significat.¹)
1085 517 1188 585 Paulo
1205 524 1282 605 post
1304 517 1336 604 (ἕ
1356 518 1397 603 6)

240 628 388 711 suspicor
409 626 534 692 Livium
558 628 742 712 scripsisse:
766 626 935 693 Tribuni
957 627 1112 692 milites
1136 608 1269 692 tertias
1290 626 1398 712 lagi-

240 736 328 800 onis
350 735 542 819 pabulum
563 736 757 820 lignaque
784 736 991 819 proiicere
1021 734 1179 816 iubent3
1202 736 1395 801 centuri-

240 843 387 908 onibus
405 845 607 927 imparaut
623 850 684 909 oet.
713 843 818 925 Vulgo
831 844 999 909 scribitur:
1023 842 1193 909 Tribuni
1211 842 1397 909 militum

139 952 147 969 '
239 953 375 1017 tertiae
396 952 589 1035 legionis,
618 953 818 1032 accusativo,
848 953 903 1034 qui
931 953 1113 1036 praesertim
1135 953 1323 1018 contrarius
1345 952 1396 1017 ait

239 1061 524 1125 centurionum
546 1062 677 1140 nomini,
701 1060 781 1125 dure
805 1061 935 1125 omisso.

326 1166 496 1252 Cap.4,4:
519 1169 569 1233 At
585 1168 815 1234 Histrorum
837 1170 971 1252 pauci,
995 1170 1062 1251 qui
1084 1168 1240 1235 modice
1258 1169 1396 1234 vinosi

239 1281 371 1354 erant,
393 1297 586 1345 memores
609 1278 771 1343 fueraut
793 1276 895 1358 (recto
919 1277 1048 1342 Medius
1068 1275 1251 1356 fuerunt)
1275 1276 1389 1359 fugas.

239 1383 312 1448 Nou
346 1383 572 1465 significantur
601 1386 747 1451 homines
780 1387 910 1469 iugenio
947 1391 980 1451 et
1014 1384 1249 1450 consuetudine
1278 1384 1392 1449 minus

238 1494 343 1557 vinosi
360 1501 393 1557 et
416 1493 545 1567 ebriosi,
570 1493 628 1557 sed
651 1495 708 1578 qui
730 1495 837 1559 minus
860 1499 930 1558 tum
955 1494 1037 1559 ebrii
1054 1501 1149 1559 erant
1171 1500 1204 1558 et
1225 1493 1332 1557 minus
1355 1513 1396 1558 so

239 1602 314 1665 vino
332 1602 621 1684 ingurgitaverunt,
645 1602 706 1666 hoc
729 1608 793 1666 est:
817 1603 882 1685 qui
905 1602 1061 1666 modice
1084 1602 1168 1664 vlne
1187 1601 1246 1663 usl
1264 1607 1394 1667 erant.

239 1708 325 1773 Nam
353 1710 535 1774 vinosum
562 1731 620 1793 pro
651 1710 742 1775 ebrio
765 1711 870 1795 accipi
892 1731 999 1792 neque
1028 1710 1135 1774 forma
1156 1707 1309 1775 vocabuli
1332 1730 1394 1775 na·

241 1836 304 1898 que
326 1839 405 1882 usus
429 1819 516 1882 sinit.
561 1816 685 1899 (1864.)

153 1932 225 2002 (496)
330 1924 407 2009 Cap.
432 1930 460 2006 6,
483 1932 517 1990 4:
540 1924 613 1990 Per
636 1947 702 1990 eos
726 1924 812 1990 dies
830 1925 882 1989 Ti.
903 1925 1163 2010 Sempronius
1182 1924 1395 1991 Gracchus

241 2040 281 2099 et
303 2034 339 2098 L.
361 2034 594 2100 Postumius
616 2033 787 2099 Albinus
811 2056 855 2099 cx
873 2034 1071 2119 Hispania
1088 2035 1248 2099 Romam
1272 2054 1395 2116 quum

240 2145 529 2222 revertissent,
563 2149 730 2208 senatus
758 2143 809 2207 iis
837 2142 920 2206 aM.
945 2143 1097 2208 Titinio
1126 2148 1299 2226 praetore
1329 2141 1393 2207 da·

241 2258 303 2316 tus
327 2251 472 2335 (opinorz
507 2251 629 2316 datus
658 2249 770 2334 est)²)
793 2252 832 2315 in
869 2252 949 2317 aede
978 2250 1156 2316 Bellonae
1185 2251 1234 2315 ad
1257 2250 1396 2315 disse-

240 2360 387 2424 rendas
410 2382 488 2438 res,
523 2381 624 2443 quas
653 2361 898 2442 gessissent,
933 2359 1288 2443 postulandosque
1320 2356 1396 2423 ho·

241 2490 359 2532 nores
382 2469 564 2546 meritos,
589 2474 633 2531 ut
656 2466 716 2531 dis
743 2467 1048 2531 immortalibus
1075 2467 1297 2532 haberetur
1319 2465 1390 2532 ho·

241 2597 322 2640 nos.
368 2576 505 2639 Etiamsi
529 2575 680 2653 addatur,
703 2575 792 2656 quod
823 2574 1007 2639 Gronovius
1035 2575 1153 2652 voluit,
1187 2582 1225 2639 et
1259 2575 1314 2657 (et
1347 2581 1394 2640 ut

242 2683 325 2764 dis),
360 2683 532 2747 manifesto
567 2690 677 2746 tamen
711 2682 829 2747 vitiosa
864 2691 913 2746 est
941 2682 1010 2747 haec
1043 2683 1250 2763 honorum,
1281 2684 1394 2749 nescio

242 2792 305 2866 cui,
330 2798 363 2854 et
395 2791 560 2855 honoris
590 2791 640 2854 dis
669 2789 812 2855 habendi
843 2782 1028 2855 coniunctio
1052 2800 1254 2876 augeturque
1276 2792 1394 2856 vitium

241 2898 354 2964 addito
383 2900 568 2978 meritos,
601 2901 695 2982 quasi
725 2899 775 2964 dis
804 2900 966 2965 immerito
994 2900 1166 2965 habendus
1199 2899 1302 2965 honos
1336 2900 1392 2966 sit.

240 3007 367 3086 Dicent,
390 3008 417 3071 si
440 3009 495 3090 qui
519 3008 693 3073 defendere
714 3007 835 3085 volent,
858 3011 993 3074 meritos
1016 3009 1089 3073 illos
1112 3009 1255 3073 honores
1277 3009 1393 3073 trium·

241 3115 343 3201 phum
376 3117 537 3200 intellegi,
573 3138 668 3199 quem
697 3116 760 3181 sibi
788 3117 919 3182 decerni
942 3119 1158 3201 imperatores
1181 3115 1392 3200 postularint.

241 3225 362 3291 Verum
395 3247 572 3308 numquam
604 3227 639 3290 in
672 3223 730 3291 illa
762 3248 797 3289 re
825 3225 1005 3303 honoris„
1028 3225 1147 3289 nedum
1181 3224 1394 3307 honorum,

265 3522 290 3585 ¹)
308 3520 415 3575 Eadem
433 3522 569 3574 comestio
588 3519 838 3599 adhibenda'apud
858 3519 991 3574 Senecam
1008 3536 1051 3590 ep.
1076 3523 1131 3585 120,
1151 3523 1193 3588 21,
1214 3522 1261 3575 ubi
1281 3522 1389 3576 editur:

310 3606 410 3659 modo
439 3606 596 3660 subsidit
622 3612 654 3660 et
681 3605 909 3661 contrahitur
936 3604 1027 3659 iufra
1053 3605 1287 3661 humilitatem
1306 3625 1385 3663 vars

310 3692 508 3746 iacentium.

265 3776 291 3843 ¹)
311 3775 444 3846 [diambus
463 3777 577 3832 adhaec
596 3777 846 3832 animadvertenda
868 3777 1031 3831 exercitatis
1051 3783 1162 3832 curtum
1186 3778 1276 3832 visum
1296 3778 1331 3832 iri
1349 3795 1393 3832 ar·

310 3863 437 3917 bitrabar
455 3863 554 3918 datus
573 3864 602 3918 in
621 3863 739 3932 apodosi
757 3863 850 3931 longia
868 3863 1021 3916 multorum
1033 3864 1181 3918 verborum
1197 3864 1307 3932 protasi
1323 3864 1388 3917 sub·

311 3949 391 4013 iacta,
410 3948 582 4019 eandemque
600 3949 803 4003 correctionem
822 3947 1009 4002 adhibendam
1033 3949 1165 4018 putabam
1185 3948 1312 4016 XXXVI,
1330 3951 1355 4016 6,
1373 3952 1393 4003 4

310 4039 339 4087 et
356 4033 445 4100 XLII,
466 4036 505 4100 15,
525 4038 548 4089 Β.
577 4034 784 4088 Consideranda
802 4039 896 4088 tamen
916 4033 1079 4102 diligentius
1098 4052 1142 4089 res
1161 4035 1328 4089 examinatis
1346 4034 1387 4088 lo·

311 4121 359 4177 eis.
386 4138 456 4187 quos
483 4138 540 4174 non
567 4137 670 4189 paucos
698 4137 749 4174 nec
778 4127 872 4175 tamen
892 4138 988 4174 omnes
1015 4137 1128 4189 prorsus
1147 4120 1250 4174 similes
1271 4121 1391 4191 opponit

310 4205 526 4274 ll'osenbergius
545 4206 580 4259 ad
598 4204 699 4272 XXIX,
717 4209 742 4273 4,
761 4202 797 4272 8.]
