3060 5272
224 332 287 389 uro.
304 331 354 387 111.
780 316 822 379 86

226 501 450 582 Cretensis,
490 500 573 568 Neo
612 500 793 567 Boeotus
832 507 873 564 et
905 497 1175 565 Archidamus
1208 486 1378 566 AEtol'us.

225 610 321 690 XLV,
343 614 394 689 26,
420 613 473 673 12:
508 607 703 692 praesidia
725 628 771 672 ex
794 605 978 672 omnibus
1001 605 1184 690 oppidis,
1213 606 1380 673 arcibus

226 724 265 784 et
298 716 475 799 (arciuus
503 715 581 796 est)
610 713 797 780 castellis
825 733 914 778 sese
941 711 1222 779 deducturum.
1264 713 1379 781 Livius

224 823 306 889 nihil
334 825 507 907 scripsisse
536 823 665 888 videtur
692 822 756 886 nisi
786 842 831 886 ex
861 819 1045 887 omnibus
1068 819 1232 887 arcibus
1255 827 1296 886 st
1318 842 1380 887 ca·

225 931 382 1011 stellis;
414 931 462 996 ibi
495 931 582 995 enim
614 927 769 1012 imposita
801 927 955 1010 praesidia
989 926 1113 1011 oppida
1146 927 1378 1009 continebaut3

223 1038 328 1104 lector
365 1038 485 1122 aliquis
525 1035 676 1120 oppida
713 1035 876 1118 praesidiis
916 1040 1080 1118 occupata
1118 1034 1280 1119 praeteriri
1312 1058 1379 1103 non

225 1145 346 1211 debere
373 1144 546 1229 putavit.¹)
602 1142 664 1220 Qui
692 1141 762 1206 haec
790 1142 901 1207 omnia
928 1141 1034 1208 libero
1057 1142 1168 1207 animo
1190 1143 1379 1209 considera-

223 1253 317 1332 verit,
338 1253 460 1336 quique
477 1250 754 1329 animadverterit,
777 1251 811 1314 in
828 1248 867 1328 ll,
886 1253 914 1328 9,
933 1253 952 1311 8
970 1270 1010 1313 ex
1027 1249 1156 1314 arduu
1167 1236 1380 1335 satque—

224 1380 400 1444 praecepa
440 1358 554 1422 addito
593 1358 889 1440 interpretamento
928 1355 1053 1422 factum
1091 1377 1166 1423 esse
1205 1358 1377 1437 arduus,

224 1467 337 1532 altus
369 1473 493 1548 atque
520 1500 563 1510 —
592 1484 772 1547 praeceps
808 1462 884 1545 (vid.
913 1486 945 1547 p.
975 1463 1047 1545 28),
1081 1484 1146 1529 non
1174 1485 1303 1545 vercor,
1336 1489 1378 1533 ne

224 1582 347 1639 temere
369 1575 403 1637 in
425 1573 646 1656 suspicionem
669 1592 742 1635 enm
765 1590 904 1653 quoque,
929 1593 950 1634 a
967 1583 1032 1655 quo
1051 1591 1144 1636 orsus
1162 1592 1244 1654 sum,
1267 1572 1378 1641 locum

224 1682 334 1746 vocari
368 1685 476 1763 putet,
517 1681 551 1743 in
590 1700 654 1762 quo
692 1678 803 1762 potius
842 1680 1115 1761 propinquam
1149 1679 1193 1745 ad
1227 1702 1378 1765 oppor-

223 1794 360 1853 tunam
387 1787 591 1870 adscriptum
621 1786 663 1851 ab
692 1785 805 1869 aliquo
834 1784 959 1864 iudico,
994 1786 1050 1867 qui
1078 1786 1248 1853 declarare
1269 1788 1378 1870 vellet,

223 1896 258 1959 in
287 1917 351 1979 qno
380 1895 491 1978 posita
520 1900 607 1959 esset
637 1894 885 1976 opportunitas,
919 1913 1020 1975 quam
1049 1893 1082 1957 in
1111 1895 1277 1977 particula
1304 1897 1379 1982 ipsa

223 2008 282 2068 aut
319 2001 472 2067 addenda
510 2008 569 2065 aut
603 2000 709 2065 altero
743 1999 817 2065 loco
852 1999 1057 2065 detrahenda
1090 2001 1260 2068 turbatum
1293 2024 1377 2072 esse.

224 2109 508 2175 Weissenbornius
542 2107 676 2191 quidem
709 2108 981 2191 propinquam
1016 2129 1170 2190 separare
1198 2129 1220 2202 a
1246 2110 1377 2177 duobus

139 2298 143 2307 ι
223 2216 358 2301 reliquis
398 2217 567 2281 allectivis
607 2220 760 2294 conatur;
807 2214 866 2279 sed
905 2214 939 2279 id
978 2236 1038 2280 nec
1080 2216 1163 2281 ordo
1201 2217 1377 2285 verborum

222 2325 347 2407 patitur
380 2322 529 2404 (urbem
564 2329 710 2387 extremo
739 2321 813 2387 loco
844 2322 984 2405 posito),
1018 2344 1078 2389 nec
1110 2325 1204 2391 notio
1239 2327 1376 2411 propin-

221 2431 358 2515 quitatis
398 2437 432 2495 et
471 2429 731 2514 opportunitatis
770 2431 908 2512 propius
948 2436 1090 2513 cognata
1123 2452 1223 2514 quam
1256 2456 1377 2518 oppor-

221 2539 375 2604 tunitatis
398 2544 432 2601 et
454 2537 609 2601 maritimi
633 2537 727 2600 situs.

153 2657 207 2725 (71)
312 2642 391 2727 Cap.
427 2648 461 2723 5,
494 2647 529 2706 8:
569 2643 617 2707 Ni
651 2641 686 2705 Τ.
723 2642 939 2720 Quinctius
978 2647 1211 2728 peregrinis
1244 2648 1377 2732 copiis

222 2774 306 2816 cum
330 2750 480 2816 Latino
504 2750 768 2831 Hernicoque
800 2752 985 2816 exercitu
1015 2753 1287 2820 subvenisset.
1338 2755 1377 2821 In

220 2858 282 2925 hac
321 2858 483 2924 orationis
521 2857 642 2936 forma,
688 2858 777 2941 quod
821 2859 888 2923 iam
927 2859 1232 2942 DrakenborchiuS,
1276 2862 1383 2930 homo·

222 2966 355 3032 minime
379 2967 542 3049 suspicax,
570 2965 662 3044 vidit,
690 2964 790 3030 nullis
812 2966 973 3032 machinis
997 2965 1083 3032 effici
1106 2975 1226 3052 potest,
1248 2976 1286 3035 ut
1308 2992 1376 3038 non

222 3073 452 3157 peregrinis
475 3073 609 3156 copiis
633 3071 762 3137 dativus
787 3073 846 3152 sit,
874 3073 994 3156 quibus
1017 3074 1176 3139 auxilium
1197 3076 1301 3145 latum
1324 3079 1377 3157 sit,

220 3182 380 3247 indicans.
434 3181 536 3264 Atqui
559 3180 717 3246 Romanis
745 3182 925 3263 peregrinae
953 3182 1057 3264 copiae
1085 3181 1189 3266 (quod
1216 3189 1382 3269 tanquam

220 3291 314 3355 triste
343 3309 383 3354 ac
411 3286 626 3354 memorabile
654 3287 763 3352 verbis
788 3287 899 3354 Livius
923 3289 1060 3371 signat),
1095 3290 1236 3356 Latinus
1258 3291 1378 3359 Herni-

219 3417 343 3481 cusque
367 3396 546 3475 exercitus,
580 3395 811 3461 subvenerunt.
868 3394 1063 3462 Tollendum
1086 3398 1187 3479 igitur
1208 3405 1260 3465 est
1281 3421 1378 3480 cum,

219 3503 310 3588 quod
351 3504 496 3569 oscitans
535 3502 655 3584 aliquis
695 3501 833 3567 addidit.
899 3502 985 3568 Nam
1023 3505 1112 3588 quod
1151 3505 1378 3575 Alschefskius

220 3612 429 3696 appositione
458 3609 539 3674 illud
568 3616 645 3674 ante
674 3610 946 3692 praepositionem
974 3611 1123 3677 additum
1145 3620 1257 3697 putat,
1291 3636 1378 3683 aom-

219 3719 310 3784 nium
344 3724 396 3783 est
429 3717 538 3800 (quasi
572 3715 678 3781 dicas:
719 3718 928 3802 imperitis
961 3717 1195 3786 hominibus
1229 3721 1275 3788 da
1308 3722 1377 3789 Al·

221 3825 433 3891 schefskio
457 3830 496 3889 et
518 3822 756 3908 similibus);
780 3828 930 3912 sequitur
953 3832 1064 3893 tamen
1081 3828 1378 3911 Weissenbornius,

223 3994 369 4003 --...--—.
382 3996 447 4001 —.--

250 4075 271 4141 Ι)
289 4075 323 4141 Χ,
341 4080 366 4144 2,
383 4078 401 4130 8
418 4080 449 4131 at
462 4077 535 4145 XLI,
554 4079 578 4145 5,
600 4081 629 4129 ll
654 4078 808 4145 aequalibus
826 4080 908 4132 unius
927 4080 1010 4135 seriei
1029 4082 1160 4136 membris
1179 4080 1378 4152 superadditur

287 4177 339 4228 per
356 4167 391 4216 et
408 4180 496 4216 unnm
514 4162 597 4217 latius
616 4167 724 4232 patens.
