3060 5272
210 353 273 407 nis.
292 349 390 405 xxrv.
700 417 705 426 .
760 336 822 397 340

297 523 376 607 (lap.
407 526 461 598 26,
494 526 531 584 10
555 542 626 604 sqq.
651 519 844 604 (postquam
871 522 1030 603 expositae
1058 528 1135 586 sunt
1163 522 1370 589 miserabiles

211 633 389 708 Heracliae,
419 629 573 694 Hieronis
599 627 691 706 lilim,
720 651 780 713 pro
809 649 845 693 se
871 628 1072 713 filiabusque
1100 630 1190 715 apud
1217 631 1371 696 interiec-

212 748 302 806 tores
323 741 443 804 missos
467 736 611 821 preces):
645 737 812 801 Aversis
842 737 1012 802 auribus
1036 739 1263 819 animisque
1287 759 1371 805 cas·

165 918 168 924 ,
211 870 313 913 scene
348 854 510 928 tempus
544 852 803 909 terrerentur
836 844 990 910 ferrum
1026 845 1225 928 quosdam
1253 868 1371 930 expe·

211 958 377 1021 dientes
413 937 623 1032 cernebat,
657 959 754 1030 tum,
790 954 956 1018 omissis
984 975 1057 1036 pro
1087 975 1127 1019 se
1155 955 1371 1038 precipue·

212 1064 317 1130 uelis
340 1062 386 1144 (h.
412 1084 449 1139 e,
474 1060 680 1145 precibus,
712 1061 877 1144 puellis)
906 1068 948 1126 ut
971 1062 1119 1126 saltem
1143 1065 1371 1145 parcerent,

211 1193 331 1239 orare
371 1170 540 1235 institit.
606 1168 660 1233 Sic
699 1169 733 1232 in
767 1169 792 1232 P
826 1169 990 1234 scribitur.
1053 1170 1152 1235 Varie
1191 1171 1371 1254 corrigunt,

212 1303 324 1347 omnes
359 1300 475 1362 parum
508 1276 727 1362 probabiliter
756 1277 859 1357 (velut
886 1279 1186 1344 Weissenbornius:
1215 1279 1254 1343 in
1282 1299 1370 1344 cas·

213 1411 296 1454 sum
331 1394 486 1470 questa.
548 1386 601 1450 Ne
641 1391 799 1469 tempus
838 1393 1035 1464 tererent,
1068 1393 1113 1451 ut
1145 1387 1167 1451 f.
1197 1409 1255 1472 qu.
1285 1408 1370 1471 exp.

213 1496 423 1571 cernebat,
453 1500 535 1558 tum
563 1500 641 1570 cet,
671 1493 824 1559 ablativis
854 1494 971 1559 vitiose
999 1495 1137 1560 divulsis
1166 1495 1208 1560 ab
1231 1516 1270 1560 eo
1294 1496 1372 1560 sub·

211 1607 312 1682 iecto,
342 1603 384 1667 ad
414 1600 501 1686 quod
532 1602 711 1685 pertinent,
740 1608 783 1665 ut
810 1603 1039 1667 coniunctione
1069 1603 1263 1686 pravissime
1286 1604 1373 1669 inter

212 1735 257 1777 ne
298 1720 458 1794 tempus
493 1716 678 1775 tererent
711 1717 745 1774 et
778 1709 926 1775 ferrum
961 1711 1235 1794 expedientes
1270 1713 1371 1777 inter·

213 1819 347 1905 posita).
403 1817 484 1882 Mihi
519 1826 553 1883 et
586 1818 629 1882 ad
656 1819 796 1901 vestigia
824 1819 945 1883 codicis
973 1820 1122 1903 proxime
1153 1819 1310 1885 accedere
1339 1829 1373 1884 et

213 1928 309 1994 simul
349 1927 525 2010 aptissima
564 1946 635 1991 esse
675 1925 746 1990 haee
784 1926 952 1991 videntur:
994 1928 1159 1992 Aversis
1198 1927 1372 1993 auribus

213 2037 441 2119 animisque
476 2034 661 2112 adstare,
707 2056 752 2098 ne
792 2042 949 2118 tempus
983 2042 1181 2108 tererent,
1223 2034 1373 2102 ferrum

213 2145 404 2227 quosdam
433 2143 701 2226 expedientes
732 2142 943 2222 cernebat3
978 2151 1077 2223 tum,
1114 2144 1279 2210 omissis
1310 2152 1373 2210 oet.

121 2262 125 2270 ’
213 2253 371 2319 Universe
395 2251 626 2317 interfectores
650 2252 774 2315 aversis
797 2251 933 2315 auribus
957 2251 1127 2317 adstitisse
1148 2253 1259 2317 Livius
1283 2252 1374 2332 dicit,

213 2361 372 2444 quosdam
396 2361 496 2424 etiam
519 2359 648 2440 longius
670 2380 874 2443 progressos.
921 2359 1065 2442 [Incerta
1086 2367 1206 2438 tamen,
1229 2360 1371 2425 maxime

212 2471 245 2534 in
273 2468 455 2540 adstare,
490 2468 651 2532 correctio
681 2475 740 2531 est.
792 2466 916 2532 (lasse
946 2489 1006 2552 pro
1035 2469 1074 2532 in
1105 2488 1267 2532 cassum
1296 2468 1374 2533 bar·

212 2578 328 2642 barum
352 2574 465 2658 est.]1)

127 2695 198 2764 (278)
303 2684 382 2768 Cap.
396 2688 447 2763 27,
472 2688 507 2748 3:
532 2683 731 2748 Praetores
751 2683 821 2764 (qui
845 2684 979 2747 comitia
997 2683 1167 2766 Syracusis
1190 2683 1373 2764 habebant)

213 2793 474 2858 dissimulare
504 2792 630 2874 primo
660 2798 699 2856 et
721 2790 922 2856 trahenda
943 2812 986 2855 re
1011 2812 1116 2871 esse3
1145 2799 1368 2875 postremo,

213 2902 313 2966 victi
347 2920 549 2964 consensu
579 2907 617 2964 et
646 2899 891 2964 seditionem
920 2906 1162 2978 metuentes,
1191 2921 1371 2984 pronun·

213 3012 320 3076 tiant
353 3030 419 3073 eos
456 3007 639 3092 (Epicyden
672 3016 706 3073 et
742 3007 991 3091 Hippocratem)
1026 3015 1235 3092 praetores.
1297 3008 1373 3074 Non

214 3119 278 3184 diei
301 3118 418 3183 Latine
448 3116 655 3181 trahenda
677 3137 719 3181 re
742 3137 848 3193 esse,
877 3114 935 3180 alii
957 3117 1023 3181 iam
1047 3123 1284 3200 exposuerunt;
1313 3139 1373 3182 nec

213 3228 251 3291 in
280 3225 485 3292 trahenda
511 3247 552 3290 re
582 3245 671 3289 esse
702 3223 806 3306 (quod
834 3225 1088 3307 occupationem
1110 3211 1289 3308 signifieat)
1312 3246 1373 3310 pro

214 3357 267 3413 eo,
303 3334 392 3420 quod
430 3343 480 3398 est
513 3354 594 3398 rem
623 3333 788 3397 trahere
819 3334 977 3409 conari,
1012 3332 1175 3399 hocloco
1204 3339 1295 3399 recte
1324 3333 1373 3398 di·

214 3451 354 3508 ceretur.
412 3442 595 3525 Scripserat
623 3441 748 3506 Livius:
782 3477 825 3485 —
853 3441 1116 3506 dissimulare
1151 3441 1282 3525 primo
1312 3461 1374 3506 er-

212 3550 417 3616 trahenda
439 3572 496 3630 re,
520 3556 577 3612 set
600 3555 807 3634 postremo
831 3547 928 3629 ceta)

243 3822 265 3887 ¹)
284 3820 301 3891 ὅ
322 3824 353 3876 15
381 3821 532 3878 videndum
555 3839 591 3876 ue
613 3820 793 3876 scribendum
814 3821 852 3875 sit
873 3820 1079 3875 festinatum
1105 3819 1133 3874 li
1153 3822 1372 3892 supplicium.

241 3994 266 4055 ¹)
282 3906 416 4063 2832&
438 3993 550 4047 9reete
568 3992 694 4047 Roellius
715 3976 769 4063 ¹pro
791 3993 849 4047 bis:
878 4007 993 4062 pacem
1018 3992 1100 4048 lieri
1126 3992 1266 4062 placuit
1292 3992 1372 4046 mit·

282 4079 380 4146 tique
403 4094 477 4132 eum
501 4078 549 4132 eis
568 4078 629 4146 (qui
648 4078 718 4132 nulli
736 4079 812 4146 sunt)
830 4079 970 4148 legatos
989 4078 1074 4132 scribi
1093 4079 1197 4133 voluit:
1223 4097 1250 4148 p.
1270 4077 1288 4130 i.
1308 4077 1374 4148 pla·

282 4165 356 4217 cuit
374 4181 445 4218 cum
464 4164 513 4217 eia
531 4164 697 4232 mittique
716 4162 747 4219 le
756 4169 864 4233 gatos.
902 4163 965 4217 vid.
984 4163 1021 4218 ad
1040 4162 1130 4232 XXII,
1149 4166 1174 4232 2,
1192 4164 1217 4218 6.
