3060 5272
241 357 304 415 bib.
321 358 408 415 xm
785 347 849 412 634

243 530 396 598 difficilis.
441 532 561 599 Editur
587 528 688 599 enim':
722 532 1028 618 mittendosque
1055 532 1105 599 ad
1136 553 1270 616 regem
1291 532 1395 617 (Gen-

240 640 325 706 tium
342 640 467 725 patres)
485 641 650 726 legatus
673 647 933 720 censuerunt,
956 643 1025 726 qui
1047 641 1300 723 nuntiarent,
1323 643 1395 726 qni

242 750 345 814 socii
378 759 647 834 quererentur
670 748 775 834 apud
804 755 1003 828 senatum,
1032 755 1217 814 exustum
1251 770 1393 835 arege

241 875 394 939 agrum,
428 879 505 923 non
527 878 679 942 aequum
701 878 788 922 eum
810 856 960 937 facere,
990 857 1058 941 qui
1081 856 1129 922 ab
1153 857 1281 923 sociis
1304 860 1393 925 suia

240 984 316 1029 non
339 964 570 1031 abstineret
591 967 789 1031 iniuriam.
834 965 975 1031 Etiamsi
999 985 1072 1030 cum
1093 964 1259 1031 Gronoric
1283 967 1391 1050 quod

242 1073 345 1137 socii
368 1073 495 1140 scribas
518 1074 603 1156 (sine
627 1095 691 1158 quo
714 1074 821 1139 oratio
843 1094 908 1139 non
931 1072 1104 1154 eobaeret),
1138 1074 1250 1159 inepte
1279 1082 1392 1141 tamen

154 1188 226 1260 (tlt)
243 1187 376 1247 senatus
399 1182 433 1247 in
457 1183 590 1248 decreto
612 1182 776 1277 rhetorice
799 1188 933 1248 ustum
962 1202 1079 1265 agrum
1102 1181 1205 1261 dicat,
1234 1183 1291 1265 qui
1314 1190 1393 1250 ante

239 1288 274 1355 in
297 1290 438 1374 querelis
467 1291 644 1377 populatus
674 1289 807 1371 diuitum
841 1296 1022 1356 exustum
1043 1310 1181 1373 agrum
1203 1310 1298 1356 neme
1321 1312 1393 1358 nm·

240 1420 339 1483 quam
362 1398 459 1479 dixit;
481 1400 510 1465 is
533 1401 619 1466 enim
641 1400 714 1482 igne
738 1404 953 1483 consumptus
976 1397 1231 1481 intellegeretur.
1275 1398 1314 1464 In
1337 1419 1393 1465 cc-

240 1506 313 1572 dice
330 1515 395 1573 est:
412 1509 504 1593 quis
522 1508 625 1573 socii
644 1512 914 1591 quererentur
930 1494 1116 1587 senatum
1133 1513 1392 1574 exustumare

240 1637 315 1680 non
349 1637 468 1682 meum
502 1637 587 1681 eum
620 1614 773 1694 facere,
807 1621 868 1679 cet.
919 1613 1164 1698 Praepcsitionis
1197 1614 1302 1698 apud
1335 1623 1393 1682 aut

241 1724 438 1790 substantivi
472 1746 608 1808 agrum
641 1723 813 1806 vestigium
845 1721 972 1787 nullum
1005 1728 1065 1787 est.
1111 1721 1246 1789 Duabus
1268 1722 1392 1791 litteris

241 1835 378 1898 mutatis
400 1833 453 1898 fit:
488 1834 555 1916 qui
577 1833 833 1910 nuntiarent,
863 1830 953 1908 quta
976 1831 1077 1895 sccii
1100 1838 1392 1913 quererentur3

240 1947 425 2007 senatum
448 1941 697 2018 existumare,
729 1960 806 2005 non
839 1960 989 2022 aequum
1019 1960 1104 2003 eum
1138 1937 1289 2019 iacere,
1323 1941 1392 2025 qui

240 2048 287 2115 ab
322 2050 447 2115 sociis
471 2070 495 2114 s.
519 2048 692 2113 maini.
738 2047 843 2113 Notus
878 2054 928 2112 est
960 2045 1136 2112 verborum
1170 2047 1391 2129 existimandi,

240 2158 436 2237 arbitrandi,
460 2155 614 2223 censendi
636 2157 670 2221 in
695 2155 835 2221 decretis
863 2176 957 2241 usus3
982 2155 1250 2220 existumabit
1281 2163 1394 2223 vetere

239 2267 366 2333 ratione
401 2267 559 2351 scriptum
593 2266 627 2330 in
660 2264 771 2330 codice
795 2286 821 2329 c.
846 2268 895 2344 29,
920 2268 948 2328 6.
993 2261 1053 2346 §7
1088 2270 1272 2345 sequuntur
1304 2264 1391 2331 baec:

239 2374 296 2441 Ex
319 2376 412 2441 Asia
434 2410 477 2420 -
498 2374 626 2457 legati
647 2372 871 2450 redierunt,
896 2372 964 2454 qui
987 2373 1296 2453 renuntiarunt,
1319 2371 1391 2438 Eu·

239 2505 389 2549 menem
411 2485 449 2547 in
472 2502 531 2559 ea,
566 2481 809 2546 Antiochum
836 2482 876 2545 in
909 2479 1036 2563 Syria,
1071 2479 1330 2545 Ptolemaeum
1351 2481 1393 2546 in

240 2591 492 2657 Alexandria
526 2610 614 2654 εθεθ
648 2589 897 2653 convenisse.
943 2586 980 2651 ln
1010 2588 1122 2653 codice
1151 2589 1199 2653 sic
1222 2588 1391 2655 scribitur:

239 2705 437 2776 -erant,
471 2696 688 2762 redierunt
714 2695 838 2779 legati
862 2696 930 2778 qui
953 2696 1167 2761 redierunt
1189 2696 1393 2763 Eumenen

239 2808 304 2874 ine
340 2806 582 2872 Anthiceum
615 2811 675 2869 cet.
728 2804 823 2884 Quod
857 2803 1140 2869 Weissenbornius
1179 2826 1239 2889 pro
1273 2807 1311 2871 in
1346 2826 1393 2872 ea

240 2916 331 2998 (nam
355 2915 497 2989 alterum
519 2933 538 2978 a
559 2915 592 2978 in
616 2913 687 2978 ced.
711 2913 878 2978 intercidit
900 2919 976 2978 ante
1000 2912 1137 2978 eandem
1160 2912 1319 2996 litteram)
1341 2935 1393 2980 re·

240 3024 440 3092 stituendum
463 3023 527 3088 loci
549 3043 668 3088 nomen
690 3029 801 3106 putat,
829 3022 886 3088 ubi
909 3021 1088 3087 Eumenem
1110 3022 1212 3104 legati
1234 3042 1393 3088 convene·

238 3135 322 3212 rint,
346 3154 386 3199 ea
409 3131 603 3216 significatio
627 3132 709 3196 eatis
732 3131 818 3196 inest
846 3132 880 3195 in
913 3128 969 3194 illo
999 3132 1202 3214 pronomine.
1247 3131 1331 3197 Nam
1354 3152 1395 3197 ex

239 3241 320 3308 Asia
338 3262 386 3322 eu,
408 3261 479 3323 quae
497 3241 629 3324 proprie
648 3247 680 3305 et
698 3241 861 3324 praecipue
880 3237 1120 3322 appellabatur,
1137 3239 1262 3305 redisse
1282 3239 1394 3305 dicun·

238 3356 293 3416 tur
315 3350 462 3415 Eumene
496 3347 542 3413 ibi
576 3347 783 3430 convent0.¹)
829 3347 998 3413 Postremo
1033 3344 1101 3429 58,
1136 3347 1192 3412 ubi
1225 3349 1259 3412 in
1295 3348 1393 3414 editis

239 3459 408 3525 scribitur:
433 3464 470 3522 et
494 3456 686 3521 civitates
709 3457 848 3522 socias
865 3456 1017 3535 adisse;
1041 3462 1202 3520 ceteras
1221 3459 1325 3522 satie
1347 3454 1393 3522 fi·

240 3567 326 3645 das,
366 3565 473 3630 solos
508 3565 691 3629 Rhodios
732 3562 985 3629 fluctuantes
1025 3599 1067 3608 -
1100 3564 1324 3643 invenisse,
1358 3566 1395 3631 in

239 3674 308 3739 cod.
334 3683 397 3740 est:
421 3673 524 3739 satis
553 3671 661 3737 fidas
690 3672 827 3738 socios
855 3671 1089 3754 fluctuatis;
1118 3675 1264 3756 oportuit
1291 3674 1394 3759 scrip·

265 3973 287 4039 ι)
306 3973 343 4028 ln
363 3975 576 4031 Alexandria
601 3992 652 4045 pro
672 3974 888 4029 Alexandria
916 3982 1013 4030 natum
1036 3982 1078 4030 θεῖ
1103 3993 1136 4030 ex
1163 3977 1262 4032 ultima
1289 3977 1388 4032 littere

308 4062 429 4114 nominis
458 4060 697 4127 Ptolemaeum,
725 4061 904 4130 praecedente
931 4063 1088 4131 praesertim
1112 4062 1155 4116 bis
1178 4063 1221 4117 iu.
1258 4062 1338 4131 Quod
1361 4064 1393 4119 in

310 4144 408 4215 Syria
426 4147 572 4215 praecedit,
591 4147 654 4202 ideo
669 4164 727 4201 ncn
741 4148 829 4217 magis
848 4147 904 4202 dici
918 4148 1011 4217 potuit
1029 4149 1063 4202 in
1080 4147 1292 4204 Alexandria
1309 4167 1394 4219 quam

309 4230 418 4285 Rcmae
439 4230 757 4301 Syracusanumque
774 4250 826 4304 pro
844 4221 957 4288 Remea
976 4231 1237 4303 Syracurieque.
