3060 5272
86 407 88 412 .
186 362 249 418 Lib.
268 361 369 416 XXIII.
734 349 795 409 316

189 534 289 618 pelli
313 534 444 597 vinum
466 539 509 597 ut
532 538 706 614 potaret,
729 553 863 615 prorsus
887 532 1030 597 alienum
1055 540 1105 597 est
1127 533 1193 597 vini
1215 555 1344 615 nomen,

188 645 238 708 ita
261 641 442 725 praesertim
465 640 625 723 positum,
658 647 697 705 ut
726 639 891 722 singulare
915 640 1050 722 aliquod
1072 640 1202 724 pondus
1224 640 1346 708 habere

189 752 355 829 videatur3
388 768 496 832 neque
526 749 613 813 enim
641 749 705 813 nisi
735 749 844 812 vinum
874 748 956 828 (sive
982 770 1109 814 merum
1132 751 1198 815 sive
1220 756 1346 833 tempe·

189 859 313 938 ratum)
338 856 516 941 potabant;
545 858 659 940 itaque
682 856 853 940 potandi
876 856 986 934 verbo,
1015 878 1082 922 non
1104 858 1187 923 vini
1210 864 1348 925 strenua

192 966 329 1032 convivii
353 965 564 1048 participatio
587 965 676 1046 apud
699 971 827 1030 veteres
851 963 1066 1045 significanda
1089 971 1171 1044 erat,
1200 965 1347 1050 latetque

190 1076 226 1140 id
255 1073 390 1139 verbum
417 1073 451 1136 in
481 1072 603 1137 litteris
631 1072 727 1138 foede
757 1072 928 1138 distractis
952 1079 985 1136 et
1007 1073 1209 1155 perturbatis
1232 1074 1347 1139 hola-

191 1184 338 1260 vinum‚
365 1182 429 1245 hoc
453 1186 514 1258 est,
542 1181 775 1263 potandum.
825 1179 993 1245 Habemus
1016 1182 1117 1263 igitur
1137 1181 1208 1245 hac
1230 1179 1348 1246 funda·

192 1296 304 1355 menta
326 1296 360 1354 et
379 1288 467 1352 banc
490 1288 629 1353 formam
651 1289 715 1354 loci
733 1288 923 1371 supplendi:
947 1287 1055 1353 Unus
1078 1309 1150 1353 nec
1172 1287 1349 1354 domino·
1463 1288 1466 1292 ’

193 1420 277 1463 rum
305 1397 557 1461 invitatione
585 1416 659 1460 nec
687 1396 821 1478 ipsius
849 1397 920 1460 int.
950 1395 1201 1461 Hannibalis
1230 1396 1349 1463 Cala·

193 1507 282 1571 vius
312 1505 429 1568 filius
457 1525 529 1587 per
556 1503 603 1584 Η
631 1503 850 1587 potandum
879 1505 1027 1587 potuit.
1083 1504 1215 1570 Excidit
1242 1504 1350 1570 infini-

193 1615 278 1680 tivus
306 1619 339 1678 et
361 1612 424 1690 ad3
452 1613 566 1695 itaque
589 1611 732 1689 adscito,
761 1610 850 1692 quod
872 1613 905 1675 in
929 1612 1041 1677 codice
1063 1614 1187 1678 recenti
1210 1612 1351 1692 (Beroli-

195 1721 302 1802 nensi)
331 1721 412 1785 scite
441 1721 662 1802 excogitatum
690 1719 831 1801 legitur,
866 1720 968 1784 verbo
998 1721 1095 1801 satis,
1129 1726 1167 1784 ut
1190 1721 1223 1784 in
1246 1742 1282 1786 re
1303 1722 1353 1786 in·

196 1837 295 1908 certa,
327 1825 548 1911 probabiliter
570 1826 623 1890 edi
646 1827 784 1909 poterit:
820 1825 1012 1892 Calavius
1034 1827 1152 1892 iilius
1177 1828 1351 1911 perpelli

197 1938 245 2003 ad
278 1933 499 2020 potandum
533 1934 718 2016 potuit.¹)
774 1934 900 2000 Eodem
930 1936 1038 2018 capite
1069 1935 1085 2017 ᾗ
1117 1941 1135 2000 9
1167 1937 1214 2001 sic
1241 1937 1275 2000 in
1298 1957 1352 2001 co·

198 2040 325 2110 dicibus
360 2042 425 2106 fide
455 2041 561 2125 dignis
591 2043 760 2107 scribitur:
802 2041 1042 2122 Consilium,
1076 2043 1215 2125 inquit
1242 2042 1352 2123 (Cala-

198 2155 270 2218 vius
293 2150 409 2233 filius),
440 2149 590 2228 adsero,
618 2159 744 2234 pater,
768 2171 844 2232 quo
868 2172 946 2216 non
968 2152 1086 2216 venia
1108 2151 1238 2217 solum
1260 2172 1353 2235 pec·

198 2263 296 2338 cati,
336 2258 440 2344 quod
476 2258 699 2323 defecimus
733 2259 780 2323 ad
815 2258 1098 2337 Hannibalem,
1132 2260 1353 2342 impetraui

199 2372 260 2451 (sic
282 2369 307 2432 P
331 2391 372 2432 nr.
400 2373 432 2446 13
467 2387 552 2431 man.
577 2371 596 2428 2
620 2364 680 2431 CM
703 2367 870 2448 ceterique
892 2366 1122 2449 impetrari)
1146 2366 1193 2431 ab
1217 2366 1353 2432 Roma·

198 2481 260 2542 nis
291 2485 330 2541 et
357 2477 396 2540 in
425 2474 552 2538 multo
581 2475 732 2538 maiore
760 2475 967 2555 dignitate
998 2481 1037 2538 et
1065 2475 1200 2557 gratia
1230 2476 1354 2541 simus

200 2585 391 2668 (Tempani
420 2602 534 2664 quam
565 2602 737 2664 unquam
765 2582 923 2646 fuimus.
975 2583 1084 2661 Recte,
1109 2583 1235 2665 opinor,
1259 2583 1355 2648 Valla

200 2703 233 2759 et
261 2692 422 2756 editiones
452 2689 495 2753 ad
523 2696 671 2754 nostram
696 2697 844 2753 aetatem:
880 2691 1033 2753 veniam
1056 2688 1205 2773 (venia)
1228 2691 1354 2773 impe·

200 2800 352 2865 traturi
381 2797 453 2878 (cfr.
478 2798 517 2861 de
542 2797 704 2862 similibus
727 2797 853 2863 mendis
877 2797 1000 2862 codicis
1024 2797 1163 2862 Vindob.
1187 2799 1231 2863 ad
1253 2797 1353 2876 XLII,
1386 2808 1392 2813 '

200 2915 258 2987 25,
287 2908 336 2987 8);
365 2906 422 2970 sed
445 2905 515 2969 iure
539 2911 693 2986 negatur,
724 2906 851 2969 simus
875 2906 972 2969 simul
996 2925 1069 2969 cum
1092 2907 1355 2988 impetraturi

200 3015 353 3096 coniungi
382 3021 414 3078 et
442 3014 476 3077 in
505 3013 612 3078 altero
642 3013 787 3077 membro
816 3012 968 3078 absolute
998 3014 1069 3078 sine
1092 3014 1267 3098 participio
1290 3013 1355 3079 dici

112 3164 117 3173 -
200 3145 312 3210 posse,
353 3143 454 3205 quum
493 3123 677 3204 praesertim
710 3123 797 3186 idem
831 3129 962 3204 tempus
996 3128 1137 3203 utroque
1170 3122 1245 3187 loco
1278 3122 1356 3206 poni

200 3234 332 3298 debeat.
387 3229 504 3311 Itaque
539 3230 586 3293 sio
616 3229 825 3294 scribendum
849 3237 945 3311 puto:
981 3250 1058 3312 quo
1092 3250 1168 3294 non
1200 3231 1355 3295 veniam

200 3341 327 3407 solum
360 3374 402 3383 -
435 3338 704 3421 impetraturi
738 3337 786 3401 ab
821 3337 1028 3415 Romanis,
1062 3344 1125 3401 set
1157 3339 1198 3402 in
1231 3339 1357 3404 multo

116 3465 186 3535 (aco)
205 3449 358 3513 maiore
387 3446 590 3528 dignitate
618 3452 658 3510 et
684 3446 821 3527 gratia
849 3446 974 3509 simus
998 3443 1206 3528 Campani,
1240 3466 1356 3527 quam

234 3622 353 3630 --——
360 3621 414 3627 .-—
424 3620 429 3626 -

228 3701 252 3769 ¹)
272 3700 368 3770 [Recte
401 3699 483 3754 Valla
522 3699 830 3768 perturbationem.
885 3697 1135 3753 Interturbere
1169 3698 1245 3768 apud
1282 3700 1358 3753 solos

269 3787 393 3842 comicos
412 3785 514 3854 legitur
527 3785 563 3839 de
575 3786 620 3852 iis,
635 3784 682 3852 qui
696 3783 879 3853 interpellent
892 3789 921 3836 et
932 3784 1095 3838 interventu
1109 3781 1247 3852 turbant]
1269 3783 1359 3838 Paulo

270 3884 334 3926 ante
354 3870 420 3939 (56)
439 3886 504 3924 vere
522 3869 713 3939 Kreyssigius:
732 3869 914 3923 in-domo
933 3869 997 3923 diti
1017 3886 1054 3925 ae
1073 3869 1264 3937 luxuriose,
1282 3868 1359 3938 quod

270 3974 385 4027 prorsus
417 3955 538 4010 efficitur
565 3973 600 4010 ex
621 3955 750 4024 vestigiis
772 3955 874 4009 veteris
898 3956 1045 4024 scriptume
1070 3954 1356 4022 (mododiusdua·

270 4043 391 4109 niolio),
419 4042 508 4097 nihilo
534 4041 668 4097 incertius
687 4057 770 4108 quam
789 4039 899 4095 infinita
918 4040 984 4108 alia,
1012 4057 1074 4109 quoe
1093 4058 1128 4095 ex
1145 4038 1359 4109 perturbatisP

272 4129 375 4183 litteris
394 4134 542 4194 eruuntur3
571 4125 687 4180 domus
710 4125 768 4179 diu
791 4127 971 4181 luxuriosa
994 4143 1047 4194 pro
1071 4142 1119 4193 eo,
1146 4125 1222 4194 quod
1241 4130 1285 4180 est
1302 4140 1357 4178 ve·

271 4215 356 4268 teris
375 4214 532 4280 luxuriae,
550 4212 609 4267 dici
626 4211 731 4279 nequit.
