3060 5272
209 323 273 378 Lib.
291 324 327 379 11.
768 313 810 373 80

298 495 377 581 Gap.
390 500 440 578 52,
459 500 476 560 5
490 498 644 578 quoniam
661 497 696 560 in
715 495 883 561 codicibus
895 495 969 579 (MP
981 497 1113 579 ceteris)
1125 520 1192 564 non
1203 498 1373 565 multam

208 604 403 670 dixerunt
441 610 506 682 est,
555 604 614 673 sed
652 603 820 669 multam
862 604 1095 687 edixerunt,
1135 604 1208 671 fieri
1247 613 1372 690 potest,

209 718 248 777 ut
273 712 383 778 Livius
406 712 583 796 scripserit,
612 713 705 777 utin
728 712 800 778 cod.
823 712 914 778 Leid.
938 717 957 776 2
980 712 1112 796 legitur,
1136 714 1215 781 duo
1236 714 1373 780 millia

206 820 301 885 aeris
331 819 521 885 damnato
550 820 684 885 multae
708 820 918 899 dixerunt,
947 822 1098 904 genetivo
1121 842 1216 903 casu,
1245 822 1372 888 litteris

210 914 428 993 autem'male
441 927 555 993 divisis
574 950 614 992 ex
633 927 760 992 multa
777 927 997 995 edixerunt
1013 928 1372 996 iactumsitmultam

210 1035 268 1100 ed.
317 1035 413 1099 illam
442 1035 581 1100 formam
610 1034 702 1117 (duo
732 1035 865 1101 millia
887 1036 978 1102 aeris
1000 1037 1136 1103 multae
1158 1058 1218 1122 pro
1241 1038 1374 1104 multa

213 1144 380 1208 (luorum
418 1143 604 1224 millium)
639 1151 773 1209 secutus
808 1150 857 1208 est
889 1143 999 1208 Livius
1032 1143 1187 1226 XXVIII,
1223 1150 1278 1227 39,
1315 1151 1372 1212 19:

213 1251 389 1316 muneris
414 1301 475 1314 ...
500 1249 602 1314 dena
630 1252 762 1317 millia
785 1253 882 1331 aeris,
907 1257 941 1316 et
962 1251 1064 1330 XXX,
1089 1257 1119 1331 5,
1144 1256 1177 1317 3:
1207 1252 1373 1339 Septem

213 1359 347 1424 millia
370 1358 549 1424 itineris.
585 1358 657 1422 Vid.
684 1358 827 1424 Gramm.
851 1380 931 1424 meae
954 1358 1061 1441 Lat.§
1085 1364 1180 1426 2852
1202 1368 1280 1442 not,
1304 1359 1371 1428 cic.

214 1467 304 1532 verr.
329 1466 386 1546 111,
410 1471 450 1530 ra
475 1473 508 1531 ec
531 1470 571 1530 rc
595 1473 628 1531 et
654 1472 722 1531 140.
769 1466 892 1549 (rear.)
1307 1449 1311 1455 ’

300 1572 380 1658 Cap.
406 1578 455 1653 56,
479 1579 513 1636 7:
548 1573 585 1638 Is
610 1574 801 1657 (Laetorius)
823 1611 866 1622 -
888 1577 976 1659 ipse
1000 1577 1040 1640 in
1062 1576 1373 1643 accusationem

214 1682 339 1766 Appii
379 1680 627 1766 familiaeque
660 1683 964 1767 superbissimae
998 1704 1042 1749 ac
1076 1683 1372 1751 crudelissime

215 1791 254 1854 in
289 1788 450 1872 plebem
480 1790 697 1855 Romanam
727 1811 895 1855 exorsus
924 1798 984 1856 etc.
1042 1789 1187 1875 (legente
1215 1813 1295 1858 usus
1323 1792 1372 1859 lo·

210 1896 336 1979 queudi
370 1898 442 1981 lege
478 1897 686 1963 scribendum
721 1919 792 1964 esse
826 1898 959 1963 sublata
993 1901 1242 1983 praepositione:
1284 1900 1372 1984 ipse

211 2007 520 2071 accusationem
543 2028 722 2086 exorsus,
747 2012 823 2071 ante
846 2006 974 2090 aliquot
996 2028 1100 2073 annos
1123 2008 1290 2088 adnotavi,
1312 2028 1373 2073 nec

211 2115 412 2178 seutentiam
434 2121 535 2194 muto,
559 2114 647 2197 quod
670 2113 814 2179 adscribi
836 2115 940 2193 video,
962 2137 1045 2181 nove
1067 2115 1131 2181 hoc
1154 2114 1277 2180 dictum
1299 2137 1373 2181 esse

216 2243 276 2305 pro
307 2243 361 2300 eo,
396 2222 485 2306 quod
515 2223 573 2287 sit:
614 2223 653 2286 in
688 2223 998 2288 accusationem
1032 2222 1169 2288 dicere
1202 2243 1372 2289 exorsus

213 2328 321 2414 (quod
355 2329 434 2394 mihi
469 2329 601 2415 quidem
627 2352 763 2414 prorsus
792 2352 885 2414 aeque
911 2353 1030 2396 novum
1057 2330 1201 2397 videtur:
1236 2331 1373 2397 dicere

216 2439 256 2502 in
285 2438 592 2503 accusationem
621 2438 817 2521 alicuius)
847 2445 905 2504 aut
932 2441 1171 2525 orationem¹
1190 2460 1373 2504 exorsus.

218 2544 410 2628 Praepositio
440 2546 478 2609 in
502 2545 543 2610 ab
567 2546 744 2629 incipiendi
765 2546 872 2611 verbis
894 2546 992 2631 plane
1014 2546 1182 2613 abhorret.
1235 2547 1373 2631 [Praece-

216 2658 312 2735 perat
335 2650 530 2735 Creverius.]
581 2651 659 2735 (Sed
689 2654 754 2720 ‹luo
783 2662 944 2738 praeterea
971 2656 1004 2719 in
1032 2654 1095 2719 hoc
1124 2656 1234 2739 capite
1262 2675 1373 2721 emen-

215 2760 327 2825 danda
350 2782 420 2825 esse
442 2768 531 2825 recte
554 2761 741 2828 admoneor.
776 2763 860 2828 Nam
883 2762 900 2845 ᾗ
923 2768 943 2826 4
966 2762 1055 2845 quod
1077 2762 1245 2828 scribitur:
1270 2763 1374 2828 Huic

215 2869 375 2933 actioni
475 2892 592 2951 quum
620 2892 770 2935 summa
792 2871 829 2934 vi
851 2872 1103 2936 resisterent
1125 2878 1267 2955 patres
1290 2892 1373 2951 nec,

212 2997 302 3059 quae
331 2997 410 3040 uua
437 2979 494 3042 vis
523 2978 572 3042 ad
600 2978 872 3044 resistendum
896 2984 997 3058 erat,
1024 2984 1068 3042 ut
1089 2978 1375 3044 intercederet

214 3084 374 3168 aliquis
399 3106 443 3148 ex
463 3085 651 3170 collegio,
677 3128 708 3149 .·
730 3139 735 3151 .
760 3086 905 3151 adduci
928 3093 1079 3170 posset,
1102 3087 1174 3152 iure
1197 3086 1373 3170 Ussingius

216 3213 279 3257 uon
312 3193 418 3258 solum
446 3192 576 3276 ingrate
601 3215 794 3258 consumere
817 3215 966 3258 summa
988 3194 1024 3256 vi
1048 3200 1081 3259 et
1104 3215 1182 3259 una
1203 3195 1277 3274 ris,
1312 3193 1372 3259 scd

215 3301 422 3385 apertissime
439 3302 525 3366 iuter
543 3324 578 3366 se
596 3322 779 3385 repugnare
799 3323 948 3367 summa
964 3304 1000 3366 vi
1018 3303 1242 3381 restitisse,
1260 3323 1372 3386 quum,

215 3430 286 3491 quae
309 3431 374 3474 una
397 3410 445 3474 vis
469 3418 566 3488 esset,
595 3432 660 3475 non
681 3392 898 3493 reperiretur,
928 3411 1043 3494 itaque
1066 3410 1276 3475 scribendum
1299 3430 1373 3475 esse

214 3517 382 3582 lenissima
405 3518 603 3582 mutatione:
640 3538 723 3601 quae
751 3516 1115 3583 unavlaadresit.
1165 3518 1215 3582 Ex
1238 3518 1302 3582 ria
1324 3517 1373 3582 ad

210 3647 313 3707 quum
336 3625 460 3690 factum
483 3631 570 3690 esset
592 3624 694 3704 viad,
717 3624 803 3689 male
826 3624 1009 3709 supplendo
1033 3632 1143 3691 ortum
1165 3632 1217 3692 est
1236 3627 1294 3691 vis
1312 3626 1371 3704 ad,

212 3733 255 3797 de
278 3755 342 3814 quo
367 3732 475 3796 mendi
499 3754 617 3815 genere
641 3733 684 3797 ad
707 3733 732 3813 1,
757 3736 806 3814 39,
830 3738 848 3797 5
873 3734 1080 3800 dictumest.
1126 3733 1209 3798 Tum
1232 3733 1249 3816 ᾖ
1275 3739 1315 3798 14
1337 3735 1372 3798 in

214 3840 281 3905 his:
317 3847 357 3904 et
387 3862 613 3905 concursus
642 3841 848 3907 hominum
877 3844 915 3907 in
943 3843 1072 3909 forum
1095 3864 1141 3908 ex
1163 3848 1251 3908 tota
1274 3841 1372 3906 urbe

214 3951 434 4013 concitatae
468 3949 750 4015 multitudinis
783 3951 922 4027 fieret,
955 3958 1045 4016 recte
1073 3948 1371 4015 Forchhammerus

215 4056 377 4120 intellexit
410 4078 544 4141 prorsus
573 4059 689 4124 vitiose
718 4058 888 4124 abundare
915 4057 1115 4124 hominum
1145 4058 1372 4142 additumque,
