3060 5272
232 355 294 410 nia.
313 355 361 409 111.
777 342 838 401 218

233 529 421 611 spatium.
468 527 542 591 Etsi
567 525 647 592 ordo
670 524 724 589 hic
747 525 921 588 verborum
944 524 1254 608 longinquitate
1276 531 1387 608 pote-

235 641 319 699 stas
343 635 554 699 dominans
577 654 636 717 per
660 654 695 697 se
718 631 905 696 defenditur
927 633 976 711 iis,
1001 653 1074 714 quae
1097 631 1140 696 ad
1162 630 1279 710 XXIV,
1309 635 1337 710 2,
1367 636 1386 696 9

231 743 396 821 (licentur,
436 749 546 806 tamen
580 740 718 805 offendit
750 741 784 803 in
806 739 869 803 hac
897 739 1121 827 copulatione:
1157 740 1386 822 quinquen·

230 849 342 914 nalis
382 866 556 914 censura
595 855 634 912 et
673 847 986 929 longinquitate
1027 852 1219 929 potestas
1260 846 1386 912 domi-

230 978 346 1036 nans,
378 956 435 1021 sed
464 956 569 1021 multo
598 956 703 1037 magis
732 952 868 1018 offendit
897 954 971 1037 ipsa
998 954 1166 1019 1111111111
1189 953 1387 1018 substantivi

231 1085 290 1147 per
313 1063 465 1147 copulam
489 1063 646 1127 adiectio:
671 1082 882 1126 censuram
905 1067 1271 1143 et—potestatem.
1312 1060 1386 1125 Non

229 1171 359 1251 dubito,
394 1172 473 1255 quin
497 1171 609 1234 Livius
643 1169 829 1252 scripserit:
865 1174 904 1232 et
936 1169 1242 1251 longinquitate
1275 1173 1385 1248 pote·

229 1278 347 1340 statis
381 1279 668 1356 dominantem,
703 1276 873 1358 genetivus
903 1282 1014 1340 autem
1043 1275 1086 1340 ob
1115 1275 1386 1340 dominantem

229 1391 375 1450 mutatus
410 1387 467 1464 sit,
502 1386 566 1449 nisi
595 1383 672 1449 fuit:
707 1383 1050 1467 quinquennalem
1084 1403 1313 1462 censuram,
1347 1390 1386 1447 et

228 1493 539 1575 longinquitate
580 1497 616 1552 et
656 1497 867 1573 potestate
909 1490 1194 1555 dominantem.
1262 1489 1384 1570 (1861.)

233 1599 338 1682 [Idem
362 1599 513 1663 Creverio
537 1595 666 1678 visum]

315 1706 394 1790 Cap.
419 1711 469 1783 34,
493 1710 548 1769 20:
583 1726 626 1768 eo
650 1705 783 1771 lustro
808 1741 849 1750 —
871 1726 957 1788 quo,
986 1705 1196 1769 demortuo
1225 1704 1385 1787 collega

230 1813 265 1879 C.
288 1813 397 1877 Iulio
428 1833 614 1891 censore,
647 1811 682 1875 L.
707 1813 900 1896 Papirius
929 1812 1080 1876 Cursor
1106 1847 1150 1856 -
1176 1812 1219 1876 Μ.
1244 1812 1385 1877 Corne-

229 1922 327 1986 lium
357 1921 680 2002 Maluginensem
717 1919 915 2002 collegam
944 1919 1198 2002 subrogavit.
1254 1919 1297 1984 Et
1326 1940 1386 2002 per

229 2051 264 2093 se
293 2049 410 2112 parum
440 2034 517 2111 apte
547 2027 668 2091 dicitur
704 2027 914 2092 demortuo
952 2026 1109 2109 collega
1134 2062 1178 2071 —
1207 2047 1385 2105 censore,

228 2137 411 2219 praesertim
435 2141 595 2218 sequente
615 2134 745 2198 demum
762 2135 832 2198 eius
849 2135 987 2212 nomine,
1010 2135 1104 2198 cuius
1122 2134 1249 2217 collega
1265 2133 1385 2212 fuerat,

229 2250 263 2308 et
296 2245 467 2326 perinepte
500 2241 711 2306 demortuo
747 2242 904 2324 collega
932 2277 975 2286 -
1005 2241 1207 2323 collegam
1242 2241 1385 2306 subro-

229 2352 350 2433 gavit.
395 2350 512 2432 ltaque
535 2350 631 2413 valde
655 2355 843 2431 suspectum
867 2349 1034 2432 collega.
1080 2347 1239 2429 (1861.)¹)

314 2456 393 2541 Cap.
419 2462 473 2535 39,
503 2461 521 2520 3
546 2463 630 2533 114,
660 2463 838 2539 postquam
859 2456 970 2521 Livius
994 2456 1030 2520 L.
1053 2455 1222 2539 Papirium
1246 2456 1385 2521 dictato-

226 2585 296 2629 rem
336 2572 369 2629 et
403 2563 438 2627 C.
471 2563 631 2627 Marcium
670 2563 837 2628 consulem
876 2565 983 2647 iisque
1017 2564 1187 2646 oppositos
1222 2562 1385 2627 Samnites

228 2671 310 2735 dixit
335 2673 498 2753 quietos
522 2671 787 2754 aliquamdiu,
810 2691 882 2735 nec
907 2671 994 2736 suis
1017 2669 1264 2735 diffidentes
1287 2671 1384 2734 viri-

227 2779 300 2842 bus
333 2799 405 2842 nee
433 2778 593 2843 hostem
622 2784 872 2861 spernentes,
901 2779 1056 2843 stativa
1083 2779 1122 2841 in
1151 2779 1384 2861 propinquo

227 2885 437 2965 habuisse,
472 2885 581 2950 subito
616 2886 650 2948 in
678 2885 846 2949 Etruriam
876 2885 919 2949 ad
946 2905 1066 2967 resque
1095 2885 1142 2948 ibi
1170 2905 1191 2948 a
1219 2883 1256 2961 Q.
1280 2885 1383 2950 Fabio

226 2992 382 3057 Rulliano
415 2998 525 3074 gestas
558 2991 772 3070 traducimur,
808 2992 925 3056 deinde
959 3013 1030 3075 cap.
1065 2996 1106 3055 40
1140 2992 1183 3056 ad
1216 2992 1381 3057 Samnites

226 3099 372 3165 redimus
405 3121 465 3164 nec
499 3105 610 3163 tamen
643 3099 686 3163 ad
720 3121 810 3178 eum,
851 3120 949 3181 quem
982 3105 1153 3163 narratum
1187 3100 1381 3181 legeramus,

226 3227 336 3271 rerum
366 3213 504 3285 statum,
539 3204 596 3270 sed
624 3205 667 3270 ad
696 3206 793 3271 aliam
821 3227 1003 3288 novamque
1025 3206 1142 3270 faciem
1165 3206 1253 3271 belli.
1310 3206 1382 3284 Quo

227 3319 338 3379 autem
378 3314 450 3378 loco
485 3335 506 3378 a
540 3312 740 3378 Samnitibus
780 3313 823 3378 ad
855 3314 1033 3379 Etruscum
1071 3312 1195 3377 bellum
1233 3315 1382 3379 narratio

254 3516 277 3581 ¹)
295 3514 361 3583 Cap.
381 3517 426 3581 36,
449 3518 466 3568 2
483 3515 625 3584 indignor,
648 3533 683 3569 ne
701 3516 917 3570 commemorari
934 3515 1047 3584 quidem
1066 3532 1083 3569 a
1099 3513 1302 3568 recentissimis
1320 3513 1381 3568 edi·

295 3599 403 3652 toribus
430 3601 617 3653 necessariam
643 3599 701 3653 Iac.
724 3600 864 3654 Perizonii
890 3599 1117 3655 emendationem
1144 3598 1237 3666 (Tum
1264 3616 1304 3652 ex
1329 3598 1381 3664 iis,

294 3683 352 3752 qui
378 3684 540 3750 aderaut,
568 3684 725 3739 consulis
752 3684 917 3738 frater-
940 3702 1014 3739 eum
1041 3683 1182 3738 Fabium
1206 3683 1382 3737 Caesonem

294 3769 368 3834 alii,
392 3768 422 3822 C.
441 3768 614 3822 Claudium
638 3769 789 3837 quidam,
817 3773 927 3824 matre
949 3768 1081 3835 eadem,
1109 3785 1174 3837 qua
1196 3769 1381 3834 consulem,

293 3852 449 3921 genitum
486 3855 630 3908 tradunt
660 3881 695 3890 -
721 3855 941 3922 speculatum
972 3871 1007 3908 se
1040 3854 1169 3907 iturum
1201 3853 1381 3921 professus

294 3936 359 4003 111.)
382 3938 528 4006 tenerique
554 3939 642 3992 tacite
665 3955 726 3991 cam
751 3939 933 4007 scripturam,
960 3938 991 3991 in
1014 3955 1081 4007 qua,
1108 3938 1170 4007 quis
1189 3938 1257 4006 quid
1275 3937 1381 4004 lecerit,

294 4023 453 4089 omittatur,
480 4030 625 4091 quaeratur
653 4027 747 4076 autem
775 4023 855 4092 quasi
882 4041 933 4092 per
961 4039 1005 4090 se,
1032 4040 1088 4091 quo
1115 4023 1229 4077 nomine
1257 4023 1381 4077 consulis

292 4105 379 4160 frater
395 4106 488 4160 suerit.
530 4108 571 4162 De
591 4125 650 4176 cap.
670 4110 716 4174 34,
742 4110 773 4161 12
795 4113 872 4163 reete
895 4109 1124 4178 interpungendo
1143 4107 1299 4161 admonitio
1319 4125 1382 4161 mea

293 4191 339 4258 (ad
359 4191 415 4246 Cic.
435 4191 498 4246 Fin.
517 4210 544 4261 p.
564 4193 625 4259 270)
643 4192 739 4246 ualuit.
