3060 5272
251 329 313 384 Lib.
332 329 364 384 V.
799 318 860 379 152

251 501 285 567 in
307 501 341 565 id
364 501 554 581 inclinetur,
589 502 679 584 qnod
708 503 743 566 in
769 524 807 567 re
835 507 1028 586 comparata
1050 502 1203 587 (potius
1226 523 1341 589 quam
1362 540 1408 550 -

251 609 472 691 macerent)
507 631 579 675 esse
613 609 765 676 debebat.
827 610 944 694 ltaque
976 610 1137 676 hactenus
1169 614 1292 678 rectius
1328 612 1406 679 olim

251 717 562 802 interpungebatur:
597 739 713 800 quum
741 718 1006 802 reliqueritis
1036 741 1095 800 ea;
1129 720 1187 786 sed
1215 743 1314 805 quum
1343 721 1408 786 hoc

250 825 427 891 manifesto
452 827 656 891 contrarium
678 825 844 890 referatur
867 827 1028 910 superiori
1051 826 1115 892 illi:
1144 830 1344 895 maneatis
1366 830 1407 894 in

253 933 345 998 sede
374 940 528 1013 vestra,
557 939 718 1018 apparet,
741 934 842 999 semel
866 935 1024 1018 scriptam
1046 956 1119 1001 esse
1141 936 1304 1015 litteram,
1333 957 1407 1018 quae

251 1039 303 1105 bis
327 1041 503 1106 scribenda
527 1049 614 1106 erat:
650 1064 768 1125 quum
795 1042 1056 1126 reliqueritis
1079 1062 1170 1124 m,
1198 1051 1408 1110 macerent

253 1150 473 1216 desiderio.
523 1150 562 1214 In
585 1150 698 1215 codice
722 1150 900 1234 archetypo
924 1149 988 1214 fuit
1010 1172 1094 1215 eam
1116 1159 1284 1235 agerent
1307 1151 1405 1234 (MP).

252 1254 318 1322 Sed
351 1257 495 1321 nondum
528 1258 592 1322 hoo
625 1265 726 1342 caput
754 1258 966 1324 absolvimus.
1021 1258 1106 1323 Nam
1135 1262 1291 1327 continuo
1316 1258 1347 1344 (ξ
1371 1260 1407 1342 4)

249 1364 320 1429 haec
343 1367 528 1449 excipiunt:
556 1365 586 1429 N
595 1387 642 1430 on
672 1368 758 1431 sine
788 1387 911 1431 causa
939 1367 995 1430 dii
1017 1365 1281 1452 hominesque
1303 1368 1408 1433 hunc

251 1474 343 1540 urbi
366 1474 586 1539 condendae
610 1475 743 1539 locum
766 1474 988 1557 elegerunt,
1013 1474 1305 1541 saluberrimos
1330 1476 1408 1541 661-

251 1581 322 1662 166,
351 1581 503 1647 1111111611
527 1589 806 1666 opportunum,
828 1618 881 1661 —,
911 1604 1017 1647 mare
1039 1584 1216 1649 vicinum
1239 1584 1287 1649 ad
1311 1605 1408 1649 com·

251 1690 474 1755 moditates
492 1712 564 1756 nec
582 1690 915 1774 expositum—ad
932 1691 1119 1775 pericula
1136 1692 1328 1756 classium
1343 1712 1408 1756 ex·

253 1803 474 1878 ternarum,
502 1800 715 1881 regionum
738 1799 872 1864 Italiae
894 1799 1082 1878 medium,
1112 1798 1160 1864 ad
1183 1801 1407 1864 incremen-

252 1912 336 1971 tum
373 1906 487 1971 urbis
525 1914 663 1972 natum
702 1909 822 1972 unice
862 1907 1003 1973 locum.
1064 1907 1312 1990 Argumento
1346 1913 1409 1973 est

251 2015 344 2099 ipsa
364 2015 600 2094 magnitudo
624 2020 704 2080 tam
726 2035 835 2079 novae
858 2015 982 2079 urbis.
1036 2015 1124 2093 Loci,
1148 2015 1204 2080 ubi
1227 2015 1306 2080 urbs
1330 2035 1409 2081 con-

253 2123 324 2187 dita
347 2129 411 2201 est,
441 2124 611 2188 commoda
633 2122 823 2205 singulatim
846 2122 1063 2188 substantivis
1084 2129 1243 2189 notantur
1265 2123 1408 2205 (colles

253 2265 298 2276 —
330 2230 484 2296 flumen
516 2266 561 2276 -
592 2232 722 2314 mare).
784 2231 845 2295 His
878 2232 1051 2296 subiicitur
1084 2231 1167 2296 illud
1200 2232 1408 2315 regionum

253 2339 387 2404 Italiae
421 2339 607 2420 medium,
646 2340 737 2423 quod
770 2361 829 2423 pro
866 2339 1070 2404 substantivo
1104 2340 1210 2423 accipi
1243 2361 1324 2404 usus
1358 2339 1408 2406 lo·

254 2448 377 2531 quendi
411 2453 501 2512 vetat
534 2447 611 2530 (etsi
643 2447 773 2512 medio
802 2447 915 2512 urbis
944 2454 977 2512 61
1006 2448 1126 2512 similia
1155 2447 1299 2513 ablativo
1329 2468 1409 2512 oasu

254 2554 438 2636 dicuntur);
472 2556 523 2619 sin
546 2561 657 2619 autem
680 2576 754 2619 cum
777 2577 831 2635 eo,
865 2555 953 2639 quod
977 2557 1140 2639 sequitur,
1174 2556 1308 2621 locum
1330 2576 1408 2620 con·

252 2664 413 2745 iungitur,
441 2663 543 2727 mirus
571 2662 746 2728 verborum
775 2663 856 2728 ordo
881 2663 1036 2742 efficitur,
1066 2663 1273 2728 substantivo
1296 2664 1330 2726 in
1353 2684 1408 2728 ex·

252 2777 389 2837 tremam
424 2770 534 2835 sedem
566 2772 707 2851 reiecto,
747 2772 942 2854 interposito
977 2771 1046 2835 sine
1081 2771 1200 2854 copula
1232 2770 1408 2853 participio

253 2879 434 2961 (natum);
458 2880 516 2944 sed
540 2881 606 2945 sive
628 2879 699 2944 haec
722 2880 965 2962 coniunguntur
987 2880 1054 2944 6116
1078 2884 1286 2963 separantur,
1308 2899 1408 2962 prave

166 3006 236 3074 (129)
254 2990 417 3071 repetitur
449 2995 594 3052 extremo
627 2988 700 3052 loco
735 2986 768 3050 id
802 2988 911 3071 ipsum
940 2987 1198 3066 substantivum,
1233 2987 1285 3050 cui
1314 2986 1408 3051 initio

252 3099 360 3181 posito
383 3096 512 3178 reliqua
533 3096 740 3179 appositione
765 3096 1002 3178 adiunguntur,
1037 3101 1070 3160 61
1096 3095 1259 3179 ropetitur
1285 3093 1409 3158 116611-

252 3206 340 3284 ditis,
370 3227 441 3286 quae
464 3226 531 3268 non
554 3205 651 3268 unius
676 3205 805 3286 generis
830 3205 1112 3288 opportunitatem
1135 3203 1321 3281 ostendant,
1350 3202 1409 3267 sed

252 3315 362 3379 omnia
400 3314 551 3377 universe
592 3310 875 3396 comprehendant
915 3311 1061 3393 (locum
1102 3312 1331 3393 elegerunt,
1364 3345 1410 3356 -·

253 3420 379 3486 661166
403 3457 445 3464 -
461 3420 613 3484 flumen
629 3455 673 3464 -
689 3441 795 3484 mare
812 3456 864 3498 —,
882 3420 1114 3485 medium-
1131 3419 1180 3483 ad
1202 3420 1298 3484 incr.
1323 3419 1408 3484 urb.

251 3535 329 3593 nat.
353 3551 413 3592 un.
437 3527 595 3609 locum).
652 3527 773 3591 Verum
805 3527 867 3591 hoc
895 3529 1022 3592 vitiosae
1049 3527 1255 3610 repetitionis
1283 3529 1408 3592 incom-

253 3636 351 3701 modo
379 3635 537 3700 liberabit
563 3657 623 3700 nos
646 3636 766 3699 rectior
790 3635 950 3700 orationis
973 3636 1207 3718 interpunctio,
1256 3633 1342 3699 Nam
1365 3635 1407 3700 ab

252 3744 497 3809 enumeratione
521 3742 724 3825 singulorum
747 3742 996 3808 commodorum
1017 3743 1082 3807 loci
1105 3744 1227 3808 transit
1249 3740 1409 3823 Camillus

252 3851 295 3918 ad
329 3852 608 3916 confirmationem
641 3851 800 3915 universa
827 3851 876 3914 rei
905 3872 944 3914 ex
972 3856 1088 3915 61611111
1117 3851 1180 3917 hoc
1202 3851 1317 3916 modo:
1351 3849 1408 3915 Ad

251 3962 544 4026 incrementum
566 3958 680 4023 urbis
702 3965 840 4022 natum
861 3959 979 4023 1111166
1002 3959 1142 4039 locum,
1167 3965 1407 4040 argumento

252 4075 314 4134 est
336 4071 427 4152 ipsa
449 4067 685 4151 magnitudo
708 4072 789 4130 tam
811 4087 920 4130 novae
943 4066 1065 4132 urbis.
1112 4065 1192 4150 [Sed
1213 4068 1267 4130 vix
1291 4067 1408 4132 abesse

252 4183 366 4261 potest
388 4198 477 4243 esse
499 4183 576 4261 post
598 4176 717 4240 unice
741 4180 800 4238 aut
820 4173 962 4241 locum.
1010 4172 1117 4256 1873]
1168 4174 1241 4240 Hoc
1263 4181 1407 4259 reperto,
