3060 5272
707 796 755 858 95‘
1171 808 1234 865 Lib.
1252 809 1302 864 111.

146 972 237 1051 Quas
266 976 303 1042 si
332 978 374 1044 in
402 998 498 1062 rege
521 985 558 1041 et
579 997 651 1043 n·
675 977 831 1057 eodem,
859 978 923 1044 huc
945 985 1012 1058 est,
1040 986 1074 1044 et
1102 979 1199 1044 simul
1226 1002 1303 1068 uno,

146 1082 236 1166 quod
264 1092 406 1170 perapte
428 1087 631 1152 contrarium
653 1086 789 1169 ponitur
810 1085 893 1151 illis:
923 1106 1036 1169 quem
1064 1086 1241 1153 laturum
1263 1089 1303 1153 in

145 1196 201 1253 tot
221 1192 416 1274 privatis.
462 1192 568 1271 Quam
590 1192 698 1273 facile,
726 1193 828 1259 semel
851 1194 974 1276 scripto
998 1212 1025 1273 e,
1048 1214 1089 1259 ex
1110 1201 1208 1260 tuno
1229 1195 1304 1263 fieri

145 1300 293 1382 potuerit
313 1307 409 1382 tum,
431 1308 535 1386 patet
579 1301 705 1382 (1875.)

230 1405 329 1492 *Gap
352 1412 406 1488 40,
428 1413 464 1474 7:
487 1408 582 1475 Alia
603 1409 827 1488 sententia,
849 1410 1038 1492 asperior
1059 1408 1302 1494 inspeciem,

145 1513 222 1579 vim
238 1515 438 1582 minorem
455 1516 673 1600 aliquanto
690 1514 845 1595 habuit
869 1536 953 1599 qnae
969 1517 1173 1601 patricios
1191 1518 1303 1584 coire

147 1621 195 1687 ad
213 1622 467 1707 prodendum
484 1624 733 1708 interrogem
749 1623 930 1689 iubebat.
972 1621 1181 1689 censendo
1199 1626 1302 1689 onim

146 1749 415 1815 quoscunque
444 1732 713 1815 magistratus
736 1750 842 1810 esse,
877 1732 946 1814 qui
969 1737 1154 1797 senatum
1177 1731 1301 1798 habe·

144 1843 246 1915 rent,
274 1838 504 1919 iudicabat,
533 1859 635 1923 quos
657 1839 846 1923 privatos
868 1835 1029 1903 fecerat
1050 1844 1196 1904 auctor
1218 1839 1301 1904 nul·

144 1943 226 2010 lius
255 1943 353 2011 scri
381 1945 574 2012 faciendi.
623 1946 731 2011 Locus
759 1945 813 2010 hic
837 1951 871 2011 et
893 1945 1067 2011 emendare
1090 1952 1125 2010 et
1146 1967 1302 2012 enarrare

149 2054 340 2119 conantium
363 2053 483 2133 studiis
503 2052 692 2120 celebratus
714 2059 782 2133 est,
811 2074 951 2137 qnorum
974 2059 1084 2119 tamen
1106 2074 1202 2118 nemo
1225 2052 1300 2119 effe-

147 2161 205 2240 cit,
237 2167 275 2226 ut
308 2160 532 2228 tolerabiliter
564 2160 815 2246 appellarentur
841 2160 890 2225 illi
919 2160 1147 2244 quicunque
1176 2163 1309 2245 magi·'

147 2273 318 2349 stratus3
348 2289 440 2335 nam:
474 2267 614 2334 iudico
644 2275 684 2334 te
712 2288 990 2353 quemcunque
1013 2270 1299 2352 magistratum

147 2395 233 2441 esse
262 2398 325 2460 pro
353 2397 409 2456 eo,
443 2376 533 2460 quod
562 2382 627 2442 est:
662 2375 797 2442 iudico
823 2382 864 2441 te
892 2376 1177 2458 magistratum
1201 2399 1298 2457 esse,

145 2482 445 2568 qualiscunque
467 2504 519 2565 es,
540 2503 635 2567 nugae
657 2504 756 2550 morae
778 2490 869 2562 sunt3
893 2483 921 2547 si
942 2488 1056 2567 posset
1077 2483 1146 2548 ulla
1166 2485 1296 2551 ratione
1314 2495 1369 2562 (79)

145 2590 191 2655 ita
212 2591 279 2656 dici
294 2611 478 2675 pronomen
495 2589 600 2675 (quod
621 2610 686 2656 non
709 2589 845 2674 potest),
870 2588 1126 2673 significaretur:
1151 2611 1298 2657 censeo

145 2697 184 2762 in
213 2704 253 2764 te
281 2719 360 2764 uno
383 2719 521 2763 omnes
542 2699 811 2782 magistratus
832 2699 980 2762 inesse.
1035 2696 1151 2781 Neque
1174 2698 1205 2762 ei
1228 2720 1299 2763 sen·

145 2806 271 2885 unum,
311 2826 411 2888 quam
446 2805 564 2871 Petrus
597 2805 747 2871 Nunnius
779 2824 852 2870 esse
896 2803 1015 2869 debere
1061 2803 1157 2882 vidit,
1202 2806 1299 2871 satis·

144 2913 252 2979 lacere
273 2913 398 2979 nudum
422 2913 637 2992 censendo,
671 2910 824 2978 Duker-us
846 2917 936 2977 recte
960 2910 1207 2992 animadvertit3
1241 2913 1299 2978 sed

144 3020 193 3101 id,
226 3020 315 3105 quod
344 3020 567 3100 desideratur,
601 3040 665 3085 non
694 3019 804 3104 explet
831 3021 891 3085 ita
919 3023 979 3084 aut
1005 3018 1095 3097 hoc,
1129 3019 1216 3103 quod
1244 3020 1299 3085 hic

143 3127 344 3213 requirebat.
389 3127 463 3194 Una
483 3128 597 3194 littera
618 3128 782 3206 restituta,
806 3148 905 3210 quam
928 3127 1131 3210 pronominis
1155 3128 1198 3192 ad
1220 3128 1298 3193 vici-

143 3256 222 3301 num
254 3235 497 3303 substantivum
531 3256 634 3320 prava
667 3234 926 3300 accommodatio
961 3234 1123 3319 corrupit,
1158 3233 1298 3300 efficitur

55 3355 61 3365 ·
144 3362 272 3408 verum:
314 3339 524 3408 censendo
563 3345 667 3408 enim
706 3343 986 3427 quodcunque,
1025 3342 1298 3425 magistratus

143 3469 253 3528 esse,
279 3451 350 3534 qui
380 3457 567 3516 senatum
588 3450 796 3529 haberent,
817 3449 1043 3515 iudicabat:
1078 3450 1172 3516 Denn
1194 3450 1297 3516 durch

142 3557 203 3623 das
225 3557 377 3637 Votiren,
409 3557 550 3624 welcher
578 3558 663 3623 auch
690 3560 805 3622 immor
827 3557 887 3622 der
908 3556 1018 3623 Inhalt
1040 3558 1099 3623 des
1121 3559 1199 3623 Voti
1221 3578 1297 3638 war,

141 3662 300 3730 erkannte
329 3666 377 3730 sie
398 3687 442 3731 an
465 3665 643 3748 (dadurch,
676 3665 754 3730 dass
776 3685 868 3744 man,
892 3686 958 3729 was
981 3665 1066 3729 auch
1089 3666 1217 3744 immer‚
1240 3687 1296 3730 vo·

140 3774 228 3852 tute,
251 3771 414 3838 erkannte
435 3795 513 3840 man
535 3773 637 3855 an).¹)
672 3770 737 3838 Sed
760 3773 855 3856 plura
878 3771 1003 3837 dehoc
1025 3773 1134 3856 eapite
1157 3772 1297 3837 dicenda

140 3886 226 3945 sunt.
278 3880 364 3945 Nam
386 3880 486 3966 paulo
509 3888 586 3966 post
608 3878 639 3963 (ξ
662 3880 695 3962 9)
720 3880 756 3945 L.
780 3877 951 3945 Cornelius
973 3878 1217 3961 Maluginensis,
1238 3881 1295 3962 qui

140 3987 267 4054 occulte
299 3987 501 4054 decemviros
524 3988 696 4067 tuebatur,
730 3987 903 4052 dictitasse
925 3993 1091 4066 narratur,
1113 3986 1226 4052 mirari
1249 4009 1295 4066 se,

139 4116 283 4178 quonam
315 4094 386 4161 fato
420 4094 605 4175 incidisset,
645 4102 689 4160 ut
729 4093 993 4173 decemviros,
1033 4095 1100 4176 qni
1139 4095 1293 4160 decem·

10 4214 18 4230 ·
138 4203 314 4269 virutum
348 4203 570 4288 petissent,
609 4208 679 4269 aut
716 4203 819 4268 socii
855 4209 925 4267 aut
958 4202 999 4267 hi
1026 4203 1196 4267 maxime
1225 4226 1294 4285 op-

169 4387 192 4452 ¹)
210 4386 253 4442 Ne
274 4395 352 4443 eoru
374 4394 404 4443 et
426 4387 561 4443 facillima
577 4388 755 4443 correctione
772 4392 882 4455 utatur,
908 4387 1153 4442 Weissenbornius
1170 4385 1291 4441 incredi-

207 4471 1198 4628 tltsffitut‘lutluttdediti?15:533
1225 4489 1292 4610 ἓξὲξ,

207 4641 414 4699 Ciceronem
433 4659 666 4713 quemcunque
683 4641 928 4713 philosophum
947 4641 1083 4696 indico?
