3008 4756
688 379 746 438 195
1136 393 1197 446 Lib.
1218 393 1291 448 Vlll.

141 564 281 645 utique
309 585 353 627 ex
383 563 500 645 plebe
524 569 556 626 et
579 583 720 627 censor
743 569 957 629 crearetur
979 564 1177 630 dirimantur
1199 588 1291 650 pror-

141 694 197 736 sus
220 672 304 737 alius
327 673 374 736 rei
398 673 571 750 mentione,
596 693 667 754 quae
690 679 748 737 aut
770 673 1000 756 praemittenda
1017 674 1078 738 toti
1096 673 1178 757 legis
1197 696 1292 756 argu·

139 788 250 845 mento
284 788 342 845 aut
375 781 605 864 postponenda
637 779 755 845 fuerat.
812 781 982 846 Postremo
1010 782 1073 846 hoc
1102 803 1218 864 quum
1247 805 1292 849 eo

139 896 299 953 ventum
330 890 385 953 sit
414 895 447 953 et
475 888 564 952 verbi
594 894 723 972 tempus
753 910 890 973 pravum
913 889 1013 954 habet
1037 889 1110 974 (pro
1133 897 1291 956 ventum

140 998 265 1089 esset)
289 1004 322 1061 et
345 996 467 1060 dicitur
489 999 584 1078 quasi
608 1019 628 1061 a
650 1003 884 1079 conquerente,
919 1019 958 1061 eo
987 1019 1091 1082 usquo
1119 1021 1189 1063 rem
1218 1021 1291 1083 per-

139 1106 270 1171 ductam
302 1126 390 1184 esse,
424 1105 512 1186 quod
542 1105 660 1170 saltem
690 1106 722 1169 in
753 1104 823 1187 lege
852 1103 923 1169 fiori
952 1106 1119 1187 nequibat.
1175 1107 1293 1172 Omnia

138 1215 208 1279 hmo
234 1214 439 1278 incommoda
461 1215 590 1297 peperit
611 1233 712 1296 genus
735 1213 891 1296 loquendi
914 1213 1013 1297 paulo
1036 1215 1161 1294 rarius,
1192 1235 1291 1298 quum

138 1323 201 1386 hoc
229 1322 370 1405 primum
392 1322 466 1385 loco
489 1321 577 1404 apud
603 1321 728 1385 Livium
753 1321 966 1400 obiiceretur,
1000 1344 1064 1384 non
1088 1323 1289 1388 intellectum

140 1439 173 1496 et
219 1431 261 1495 ob
310 1452 382 1494 carn
423 1451 556 1493 causam
595 1429 744 1493 additum
785 1430 1114 1512 interpretamentum
1155 1453 1290 1515 prorsus

139 1539 273 1617 salsum,
309 1560 374 1621 qno
398 1559 415 1602 e
438 1539 668 1622 prrepositione
699 1559 783 1602 cum
807 1539 992 1602 coniunctio
1016 1538 1105 1602 sacta
1128 1546 1187 1603 est.
1239 1539 1291 1604 Sic

139 1649 222 1712 enim
248 1647 358 1711 Livius
394 1648 572 1730 scripserat
606 1647 733 1711 derebus
767 1646 900 1711 roeibus
929 1645 1105 1727 (rentum
1140 1647 1209 1728 sit)
1231 1650 1291 1712 mi-

139 1778 215 1819 uus:
248 1762 291 1819 ut
314 1754 422 1818 alter
444 1756 588 1836 utique
612 1776 655 1818 ex
680 1755 808 1838 plebe,
838 1775 914 1817 cnr
938 1775 990 1832 eo,
1014 1760 1051 1816 rt
1075 1761 1290 1838 utrumque

139 1864 341 1947 plebeium
362 1863 455 1927 fieri
472 1863 627 1941 liceret,
651 1884 793 1927 censor
811 1870 1031 1942 crearetur,
1054 1862 1116 1927 hoe
1134 1870 1193 1943 est,
1218 1885 1289 1927 cum

139 1994 179 2036 ea
212 1972 421 2036 adiunctione
450 1978 483 2035 et
510 1972 680 2047 cautione,
716 1978 753 2035 ut
786 1978 962 2052 utrumque
996 1971 1096 2035 etiam
1125 1992 1289 2040 censorem

139 2080 302 2163 plebeium
337 2101 408 2143 esse
442 2079 564 2143 liceret.
610 2079 663 2143 Ita
697 2080 782 2143 enim
812 2079 897 2142 alter
925 2099 1072 2143 censurae
1101 2079 1192 2143 locus
1216 2103 1290 2163 pro-

138 2189 228 2272 prius
252 2188 390 2271 plebeiis
413 2186 569 2266 dabatur,
603 2195 639 2251 ut
667 2193 807 2268 utroque
835 2208 876 2250 ne
900 2186 1166 2265 excluderentur,
1201 2188 1289 2270 quod

140 2297 225 2360 idem
259 2317 392 2380 prorsus
422 2295 461 2359 de
491 2294 661 2360 consulatu
687 2296 847 2359 sancitum
873 2300 957 2372 erat,
987 2293 1048 2357 etsi
1070 2315 1185 2378 reapse
1209 2295 1292 2359 duos

138 2405 287 2490 plebeios
316 2404 467 2469 eonsules
495 2403 599 2467 multo
629 2404 756 2468 demum
788 2410 863 2486 post
886 2409 1015 2468 creatos
1037 2403 1168 2466 seimus.
1226 2401 1289 2465 Sed

138 2513 227 2596 quod
257 2514 288 2576 iu
313 2513 484 2578 consulatu
509 2513 638 2577 duabus
661 2512 790 2595 legibus
814 2511 964 2576 effectum
988 2516 1073 2588 orat,
1103 2509 1137 2574 id
1159 2511 1190 2574 in
1216 2532 1290 2575 een-

139 2643 230 2701 aura,
258 2621 387 2704 longius
409 2622 473 2685 iam
498 2622 678 2704 progressis
702 2621 807 2703 plebis
831 2620 963 2703 opibus,
992 2640 1056 2682 una
1079 2619 1290 2703 comprehen-

138 2752 209 2794 sum
232 2738 291 2794 est.
332 2729 400 2793 lam
429 2737 518 2794 roctc
547 2729 617 2794 haec
640 2729 695 2792 illo
718 2729 790 2793 loco
814 2729 1066 2811 interponuntur
1088 2727 1129 2791 ad
1153 2728 1289 2792 eandem

137 2861 204 2903 rem
239 2846 272 2903 et
300 2839 496 2903 seutentiam
525 2840 740 2921 pertinentia,
775 2837 860 2902 idem
897 2838 981 2900 enim
1017 2837 1063 2900 sio
1099 2838 1197 2902 seribi
1233 2860 1290 2921 po-

138 2955 238 3012 terat:
273 2954 316 3012 ut
345 2947 450 3011 alter
479 2947 621 3027 ntique
645 2970 662 3008 o
686 2946 818 3029 plebe,
854 2946 888 3009 si
919 2952 1052 3009 autem
1080 2966 1156 3027 quo
1186 2969 1289 3010 anuo

138 3059 197 3121 ita
219 3054 447 3120 cecidisset
469 3054 794 3137 placuissetque,
823 3060 994 3135 uterque
1017 3074 1160 3117 censor
1183 3077 1289 3119 erea-

136 3173 259 3230 retur.
317 3162 406 3226 Cum
441 3182 486 3223 eo
520 3165 563 3222 ut
595 3160 658 3223 liae
692 3160 929 3242 significatione
959 3161 991 3222 iu
1020 3161 1066 3223 rci
1098 3162 1288 3226 condicione

137 3272 323 3337 accuratius
347 3267 533 3332 definienda
555 3266 665 3329 Livius
687 3266 759 3330 loco
783 3268 979 3350 propinquo,
1007 3288 1034 3330 c.
1062 3271 1110 3347 14,
1132 3268 1183 3333 bis
1206 3269 1288 3333 dixit

137 3381 167 3463 (ξ
191 3386 210 3442 ‘t
234 3397 318 3442 eam
341 3395 394 3453 eo,
417 3379 459 3438 ut
482 3373 775 3452 redes—esset,
806 3372 822 3455 ξ
847 3379 865 3437 8
889 3396 973 3438 eum
998 3395 1051 3454 eo,
1075 3382 1118 3440 ut
1141 3376 1282 3442 Antia·
1301 3393 1373 3461 (166)

138 3488 250 3553 tibus
275 3480 599 3568 permitteretur)
624 3488 657 3546 ot
680 3482 809 3547 duobus
828 3490 989 3567 print-crea
1005 3484 1085 3548 locis
1103 3483 1217 3565 (XXX,
1239 3491 1286 3565 lt),

137 3600 186 3673 ιι,
209 3593 356 3671 xxxin,
380 3595 408 3669 a,
433 3588 513 3672 ap)

136 3765 365 3775 ---—-

165 3869 188 3934 ¹)
206 3866 282 3937 [Cap.
305 3869 347 3934 14,
370 3865 695 3936 6quod1mehmannus
719 3882 752 3917 ex
776 3883 822 3932 eo,
846 3865 921 3934 quod
945 3867 974 3919 iu
996 3867 1142 3922 codicibus
1165 3873 1218 3921 est:
1247 3869 1287 3922 ad

205 3954 297 4007 mille
315 3970 460 4023 passum,
476 3952 568 4006 effecit
583 3951 624 4004 ad
642 3950 734 4003 mille
753 3951 866 4019 pondo
885 3969 997 4005 assum
1013 3952 1166 4020 (assium),
1186 3955 1287 4008 iniuria

204 4039 302 4107 negavi
328 4055 412 4108 ppro
436 4038 554 4107 pondo
578 4037 675 4105 scripti
700 4037 820 4104 vestigia
843 4037 960 4106 reperiri
984 4038 1011 4090 in
1031 4039 1103 4091 Livii
1128 4040 1286 4107 eoilicibus;

203 4142 266 4177 narn
286 4125 325 4178 sic
345 4124 477 4177 scribitur
495 4124 523 4176 in
540 4124 687 4190 bamberg.
704 4121 817 4190 xxxii,
836 4124 877 4188 27,
899 4126 920 4189 l,
938 4123 967 4176 in
986 4123 1069 4177 Vind.
1081 4124 1163 4191 XLV,
1182 4128 1224 4194 ll,
1245 4129 1284 4180 14.

203 4209 339 4265 Inusitate
364 4214 459 4263 tamen
482 4208 596 4277 pondo
615 4208 741 4262 assium
760 4208 876 4275 dieitur;
902 4209 997 4277 itaque
1015 4209 1178 4265 dubitanter
1196 4212 1284 4267 edidi:

205 4296 245 4349 ad
264 4291 527 4363 millenarium]
1008 4365 1053 4419 13*
