3060 5272
219 318 282 375 Lib.
303 319 339 373 11.
385 331 387 336 ·
779 306 819 369 68

221 512 299 575 que,
336 489 423 574 quod
456 489 653 555 videlicet
688 496 803 554 contra
830 508 940 554 rerum
971 495 1181 575 veteremque
1209 508 1304 556 usum
1331 490 1380 557 lo·

221 599 342 682 quendi
364 620 424 682 pro
447 599 551 663 enim
569 596 739 680 (namlich)
764 599 799 662 in
816 618 917 663 causa
935 597 1106 664 reddenda
1123 598 1268 683 positum
1286 619 1379 665 aoce-

221 713 348 791 perant,
372 727 517 771 errorem
539 705 668 771 librarii
692 705 815 770 codicis
839 704 951 784 infimi,
975 706 1070 772 Voss.
1091 711 1105 769 1
1128 706 1176 789 (et
1193 705 1379 790 Sigoniani)

221 815 324 880 secuti
347 815 387 879 in
409 813 610 878 addiderunt
633 811 686 895 (in
708 836 791 879 nov.
817 813 867 895 s),
891 835 1047 897 perversa
1069 816 1249 896 sentcntia3
1271 837 1380 900 neque

221 924 307 988 enim
335 924 369 987 in
397 943 515 988 novum
546 928 697 986 senatum
727 921 936 1003 legebantur,
971 923 1029 988 sed
1058 923 1093 987 in
1116 943 1207 1003 eum,
1240 923 1299 1006 qui
1323 923 1380 989 diu

220 1030 338 1116 fuerat.
384 1031 448 1094 Alii
470 1051 576 1113 nuper
599 1030 729 1113 gravius
752 1029 837 1112 lapsi
860 1036 945 1095 sunt.

307 1138 385 1223 Gap.
409 1143 438 1217 2,
462 1142 480 1202 3
503 1139 604 1202 miror
627 1158 738 1202 omnes
762 1138 898 1202 tacitam
926 1139 1177 1223 praetermisisse
1200 1139 1285 1205 hanc
1307 1160 1381 1205 sen-

221 1249 375 1313 tentiam:
412 1244 602 1312 Consulis
627 1245 814 1326 alterius,
843 1268 961 1328 quum
987 1245 1096 1311 nihil
1119 1247 1230 1313 aliud
1253 1246 1382 1313 offen·

222 1356 345 1435 derit,
379 1376 519 1419 nomen
549 1355 720 1419 invisum
750 1355 915 1419 civitati
943 1354 1033 1419 fuit.
1089 1355 1267 1421 Manifesta
1294 1357 1382 1421 enim

221 1464 381 1528 sermonis
404 1462 457 1527 lex
480 1461 712 1526 offenderet
734 1462 884 1546 requirit,
906 1461 968 1526 hoc
992 1469 1056 1528 est:
1080 1484 1280 1546 quamquam
1301 1463 1384 1528 nihil

225 1571 316 1635 uliud
350 1569 538 1635 offendebat
572 1568 627 1651 (de
656 1571 808 1634 universo
837 1571 968 1654 ingenio
1000 1577 1034 1636 et
1056 1570 1204 1653 habitu);
1237 1592 1313 1637 nam
1342 1571 1384 1636 de

153 1695 207 1762 (56)
225 1679 317 1743 nulla
350 1700 417 1742 una
450 1699 485 1741 re
519 1699 593 1742 curn
629 1676 810 1742 offensione
847 1677 937 1743 facta
965 1699 1024 1743 nec
1054 1701 1171 1762 quum
1199 1678 1257 1744 illo
1284 1679 1383 1745 modo

224 1788 301 1870 poni
332 1791 464 1870 poterat
492 1805 552 1849 nec
575 1784 774 1869 perfectum,
809 1785 868 1850 sed
889 1785 1260 1871 plusquamperfectum.
1313 1784 1382 1869 [Sic

224 1897 291 1959 iam
313 1892 447 1975 Bauer]

310 1999 388 2086 Cap.
414 2008 442 2079 ti,
475 2008 501 2079 l,
531 2001 587 2066 ubi
611 2000 810 2083 Tarquinius
836 2001 1005 2085 Superbus
1029 2001 1183 2068 Veientes
1207 2001 1384 2085 Tarquini·

224 2131 386 2192 ensesque
421 2130 531 2174 orasse
566 2108 701 2188 dicitur,
741 2132 786 2173 ne
821 2131 860 2174 se
896 2117 1042 2189 ortum,
1076 2110 1257 2175 eiusdem
1293 2131 1385 2176 san·

223 2219 377 2301 guinis,
408 2224 610 2282 extorrem
640 2224 906 2300 egentem...
931 2219 1064 2301 perire
1088 2218 1286 2298 sinerent,
1321 2219 1386 2284 etsi

224 2325 323 2410 paulo
347 2325 461 2390 durius
480 2325 574 2391 abest
591 2325 798 2390 accusativus
817 2324 958 2390 subiecti
973 2326 1071 2390 index
1083 2326 1137 2407 (se
1156 2333 1214 2392 aut
1230 2324 1385 2410 regem),

224 2433 327 2516 magis
355 2439 468 2498 tamen
498 2430 635 2498 offendit
664 2455 704 2498 se
728 2441 869 2514 ortum,
898 2433 999 2517 quod,
1023 2435 1080 2517 qui
1103 2456 1143 2499 ex
1166 2433 1279 2518 aliqua
1301 2434 1384 2500 urbe

224 2541 384 2625 originem
406 2539 520 2619 trahit,
552 2561 617 2605 non
642 2541 834 2624 simpliciter
858 2541 945 2623 (solo
970 2541 1115 2608 ablativo
1140 2542 1236 2624 casu)
1259 2542 1386 2609 civibus

224 2649 313 2714 illius
341 2647 433 2713 urbis
463 2654 554 2713 ortus
585 2647 714 2713 dicitur.
771 2650 889 2733 ltaque
918 2650 1008 2733 quod
1032 2649 1184 2733 Sigonius
1210 2656 1244 2715 et
1266 2655 1386 2733 postea

225 2756 477 2840 Wesenbergius
500 2779 546 2821 ne
570 2779 609 2821 se
633 2757 679 2821 ab
703 2758 805 2840 ipsis
829 2757 909 2838 (iis)
935 2765 1064 2823 ortum
1083 2757 1183 2823 scribi
1200 2756 1386 2837 voluerunt,

225 2865 274 2928 ita
296 2864 409 2948 probo,
433 2871 468 2928 ut
492 2888 531 2928 se
556 2864 601 2929 ab
627 2889 666 2929 se
685 2864 895 2930 scribendum
912 2872 1035 2948 putem,
1058 2866 1249 2949 pronomine
1269 2864 1385 2930 eodem

227 2970 358 3037 adduc
383 2971 512 3037 diversa
534 2973 650 3038 relato.
698 2971 820 3054 (1873.)

313 3077 392 3163 Cap.
418 3084 446 3160 7,
472 3085 524 3144 12:
550 3081 618 3146 ubi
640 3103 743 3146 nunc
760 3080 864 3145 Vioae
884 3080 990 3146 Potae
1014 3088 1085 3146 est.
1120 3080 1384 3165 IureSiesbyeus

226 3209 328 3268 meus,
358 3188 447 3271 quod
471 3188 518 3253 ad
542 3188 713 3254 Veneris
738 3189 815 3270 (ab,
844 3196 1014 3273 propter
1037 3188 1088 3271 V.)
1112 3188 1255 3270 dicatur,
1290 3188 1385 3273 sequi

225 3302 339 3379 negat,
363 3281 413 3360 ¹ut
445 3319 505 3381 pro
539 3298 739 3362 nominativo
774 3296 903 3362 dicatur
932 3296 1000 3362 ubi
1023 3298 1195 3363 Veneris
1225 3302 1288 3362 est
1311 3294 1385 3378 (aut

226 3403 339 3469 Graece
368 3403 395 3465 οἷ
421 3412 566 3475 Πλάτωνός
594 3416 679 3483 ἐστιν,
714 3404 802 3488 quod
830 3417 856 3476 ἐς
878 3414 1024 3476 Πλάτωνος
1047 3404 1206 3486 dicatur),
1241 3409 1275 3469 et
1296 3405 1384 3470 inter

226 3530 243 3570 a
266 3517 300 3576 et
322 3531 359 3574 es
387 3513 592 3578 intercidisse
616 3512 720 3578 aedes
740 3514 859 3593 (vice
877 3514 984 3578 Potae
1007 3514 1109 3578 aedes
1133 3513 1218 3594 est).
1260 3511 1383 3594 (1873.)

225 3616 319 3702 (Cap.
347 3624 401 3697 ll,
433 3624 471 3682 10
500 3620 630 3685 eftuso
659 3619 833 3705 vagandi
863 3620 936 3704 (pro
965 3619 1178 3704 evagandi)
1209 3621 1249 3685 de
1279 3642 1383 3704 popu·

225 3725 370 3791 lantibus
394 3727 612 3801 scribendum.
662 3727 768 3809 1873.)

312 3832 391 3918 Cap.
424 3838 477 3915 12,
516 3842 553 3899 16
583 3836 629 3917 (in
659 3837 760 3901 Mucii
785 3835 936 3901 Scaevolae
967 3836 1056 3920 apud
1085 3835 1281 3903 Porsinnam
1309 3857 1383 3902 ors-

226 3941 344 4022 tione):
375 3964 460 4008 mea
482 3946 612 4027 prima
635 3966 728 4010 sors
752 3941 849 4021 fuit3
879 3945 1018 4022 ceteri,
1049 3952 1255 4026 utcunque
1278 3945 1382 4009 ceci-

227 4048 335 4113 derit
358 4052 485 4132 primi,
509 4051 642 4136 quoad
664 4060 703 4116 te
726 4057 998 4135 opportunum
1021 4053 1185 4118 fortuna
1210 4051 1382 4131 dederit,

226 4176 296 4219 suo
326 4159 496 4241 quisque
525 4165 706 4243 tempore
735 4159 919 4225 colerunt.
977 4161 1029 4226 Sic
1057 4180 1143 4226 nunc
1171 4160 1282 4226 editur
1304 4181 1382 4226 auc·
