3060 5272
260 331 322 385 Lib.
340 330 373 387 v,
402 285 404 289 Ι
809 315 870 376 148

348 501 492 586 001143,
512 505 546 565 3:
571 506 707 584 strage
731 496 1419 578 00111101110101101100,11111-
1454 565 1456 568 Α

262 631 379 695 quam
413 616 559 693 postea
591 644 636 654 -
662 608 922 673 tentaverint
954 612 1016 671 cet.
1067 607 1253 672 Geminatis
1288 606 1419 673 duabus

260 718 382 784 litteris
421 738 601 802 pronomen
640 716 861 781 necessarium
899 721 1070 780 nascetur:
1117 721 1255 798 strage
1294 734 1336 777 ea
1374 737 1420 780 ac

261 828 390 892 ruina.
436 824 559 907 (1861.)

348 932 426 1018 Cap.
450 939 506 1012 44,
538 938 553 996 1
579 932 649 1015 (ubi
673 929 832 997 Camillus
855 930 1030 1010 Ardeates,
1060 932 1148 1014 apud
1177 953 1260 1015 quos
1290 932 1419 998 exsula-

262 1044 330 1122 bat,
363 1042 544 1126 alloquitur
577 1043 728 1125 civesque
762 1060 839 1105 suos
873 1039 1049 1123 appellat):
1084 1040 1246 1123 quaudo
1281 1046 1320 1105 et
1353 1062 1420 1106 ve·

264 1158 393 1216 strum
431 1147 681 1214 beneficium
721 1149 780 1212 ita
819 1147 921 1212 tulit
954 1153 993 1211 et
1025 1146 1193 1212 fortuna
1226 1147 1300 1214 hoc
1334 1150 1420 1232 egit

178 1277 250 1344 (125)
268 1280 359 1324 mea.
415 1258 531 1341 Inepte
565 1257 640 1321 lusu
674 1254 841 1321 fortunam
875 1277 968 1320 suam
1000 1255 1065 1321 hoc
1093 1257 1199 1337 egisse
1228 1257 1323 1338 dicit,
1357 1257 1421 1323 hoc

263 1374 328 1446 est,
363 1366 397 1431 id
430 1366 636 1451 propositum
668 1363 825 1428 habuisse
854 1369 887 1428 01
916 1364 959 1428 ad
982 1364 1016 1428 id
1040 1364 1178 1429 consilia
1200 1385 1420 1448 comparasse,

262 1481 301 1540 ut
323 1476 403 1539 civis
426 1473 552 1538 Ardeae
574 1473 677 1537 fieret.
724 1471 782 1552 (Et
805 1471 869 1535 dici
892 1472 976 1536 solet
999 1473 1039 1536 id
1063 1492 1157 1554 ag03
1182 1473 1346 1538 diversum
1368 1480 1421 1540 est

263 1583 338 1649 hoc
361 1604 451 1665 ago,
479 1581 600 1660 idest,
631 1580 767 1644 attendo
791 1586 825 1644 01
848 1580 962 1644 adsum
986 1580 1119 1662 animo.)
1174 1580 1295 1646 Veram
1317 1583 1421 1666 scrip·

263 1697 373 1756 turam
396 1691 519 1773 aperit,
553 1690 588 1752 ni
610 1688 724 1766 fallor,
760 1688 883 1752 codicis
906 1687 931 1750 P
953 1690 1061 1772 prima
1083 1710 1216 1754 manus:
1251 1689 1327 1755 hoc
1349 1711 1420 1775 ego

264 1799 338 1877 ita,
372 1819 448 1862 nam
476 1819 496 1861 a
524 1798 616 1861 Livio
643 1794 745 1889 fuisse
773 1795 919 1859 videtur:
954 1795 1123 1860 fortuna
1157 1799 1297 1880 coegit
1324 1820 1419 1863 mea.

266 1905 504 1988 [Dubitationis
532 1913 642 1969 tamen
666 1904 792 1987 aliquid
816 1902 922 1982 affert,
947 1904 1033 1986 quod
1056 1904 1147 1969 brevi
1171 1906 1346 1972 intervallo
1370 1928 1421 1972 se·

230 2027 234 2037 '
266 2016 380 2099 quitur
402 2011 536 2096 cogit]
576 2013 678 2078 Paulo
702 2018 779 2095 post
802 2010 833 2094 (ἓ
858 2017 875 2076 3
901 2011 989 2094 014)
1013 2034 1053 2077 01
1077 2013 1245 2078 codicibus
1269 2014 1421 2080 omnibus

265 2121 506 2187 restituendum
528 2127 593 2186 est:
617 2123 684 2203 qui
706 2156 750 2165 -
771 2121 981 2200 adventat,
1005 2122 1156 2186 oratione
1178 2123 1225 2186 010
1247 2122 1421 2189 distincta:

266 2237 306 2296 et
338 2230 433 2295 huic
467 2229 556 2294 urbi
586 2229 708 2294 decus
735 2229 879 2312 113010
907 2251 952 2293 ex
979 2227 1097 2294 hoste
1126 2231 1325 2295 communi
1352 2253 1422 2314 pa-

264 2338 413 2418 riendi,
449 2339 515 2421 qui
549 2336 685 2402 effuso
716 2338 873 2418 agmine
903 2337 1102 2401 adventat
1131 2335 1181 2418 (ut
1210 2337 1307 2405 facilc
1335 2340 1422 2405 vinci

265 2445 394 2531 possit),
441 2446 544 2511 Gens
567 2451 636 2523 001,
661 2446 726 2510 011
749 2451 810 2510 cet.

354 2553 433 2638 Cap.
462 2558 517 2634 45,
551 2558 584 2617 ’ἴε
624 2553 696 2616 Vix
731 2560 1009 2636 temperavere
1039 2553 1200 2635 animis,
1234 2555 1329 2636 quin
1357 2576 1423 2620 ex·

268 2662 420 2745 templo
442 2663 633 2745 impetum
655 2659 854 2739 facerent,
878 2662 1184 2745 compressique
1207 2683 1227 2726 a
1250 2659 1422 2729 Caedicio

268 2771 510 2835 centurione
540 2804 583 2812 -
612 2789 691 2832 rem
725 2769 764 2833 in
798 2775 955 2834 noctem
984 2770 1227 2835 sustinuere.
1283 2772 1424 2836 Pravum

268 2884 318 2942 est
347 2900 437 2961 que3
471 2891 577 2961 neque
606 2877 692 2942 enim
721 2877 886 2941 sententia
907 2878 998 2941 aiens
1022 2877 1171 2942 subiecta
1193 2879 1309 2943 eodem
1332 2900 1424 2962 spec-

267 2992 334 3065 tat,
364 3008 429 3069 quo
452 3007 585 3068 negans,
609 3007 682 3069 quae
705 2986 870 3068 praecedit.
920 2986 1040 3050 Verum
1064 2987 1209 3051 ostendit
1232 2985 1302 3050 cod.
1326 2986 1362 3065 P,
1390 2987 1424 3051 in

268 3115 333 3178 quo
357 3101 423 3159 est:
459 3094 651 3177 oonpresi
674 3116 694 3158 a
718 3099 739 3177 11
762 3093 1424 3175 00111110011111110(11001101

268 3200 456 3284 significat),
478 3202 564 3266 unde
587 3204 621 3266 in
644 3203 742 3267 LlHl
768 3204 1071 3286 compressique
1095 3201 1315 3268 Crediditio
1339 3224 1423 3267 cen·

268 3311 446 3390 1111010,
481 3310 529 3391 (11
557 3310 592 3375 M
620 3312 733 3395 primae
767 3332 883 3374 manus
915 3311 1080 3394 scriptura
1108 3309 1248 3375 obscura
1277 3317 1342 3391 001,
1377 3310 1424 3376 al·

268 3420 372 3484 terius
395 3418 596 3484 huiusmodi:
621 3421 865 3503 conpressio
886 3418 907 3499 †
930 3418 1088 3483 sedicio
1111 3439 1132 3483 a
1154 3417 1424 3499 centurione3)

270 3526 481 3593 scribendum
515 3533 565 3591 est
598 3529 698 3591 enim:
738 3528 942 3606 facerent;
977 3527 1201 3610 compressi
1232 3547 1253 3590 a
1281 3523 1318 3602 Q.
1344 3524 1425 3591 Cae·

270 3635 383 3700 dicio
405 3670 449 3679 —
471 3636 718 3701 sustinuere.
762 3636 806 3699 Et
828 3635 877 3700 ab
901 3632 938 3711 Q.
964 3630 1140 3698 Caedicio
1162 3633 1353 3697 restitutum
1375 3641 1426 3699 est

269 3744 303 3808 11
327 3743 495 3808 codicibus
517 3743 753 3808 recentioribus
775 3742 904 3821 multis,
934 3740 992 3805 sed
1015 3762 1104 3823 que,
1135 3740 1223 3824 quod
1247 3762 1287 3805 ex
1310 3739 1348 3818 Q.
1373 3764 1426 3808 or·

269 3858 341 3917 tum
364 3858 446 3930 erat,
470 3857 642 3916 retentum.
689 3850 758 3934 [Sic
781 3849 870 3915 Creu.
896 3847 1079 3914 Confirmat
1101 3846 1154 3931 V.]

357 3957 436 4044 Cap.
459 3963 510 4037 46,
535 3963 569 4022 9;
600 3980 672 4042 per
692 3994 736 4003 —
758 3958 990 4042 neglectum
1018 3956 1199 4022 hostium
1230 3957 1425 4023 custodiar

271 4088 421 4132 saxum.
473 4067 498 4130 P
522 4066 766 4146 custodiam,
796 4067 885 4150 quod
914 4071 1022 4131 ortum
1046 4072 1097 4131 001
1119 4088 1136 4131 0
1158 4088 1236 4132 vera
1260 4067 1427 4150 scriptura

271 4176 503 4259 neglectum
537 4211 581 4219 —
619 4175 810 4240 custodia
843 4195 994 4255 saxum,
1033 4174 1064 4240 h.
1096 4196 1141 4256 c.,
1175 4197 1240 4240 101
1274 4174 1427 4241 custodia
