3060 5272
155 363 219 424 uu.
237 363 258 419 L
712 348 755 412 50

157 539 306 617 ierant,
339 542 523 620 postremo,
555 540 593 599 ut
620 533 706 618 ingre
728 533 924 618 significatio
948 539 1051 614 esset,
1083 554 1143 617 pro
1172 531 1313 598 ierant

158 647 317 731 scriptum
355 644 554 710 abierant.
616 642 831 708 Redeundum
870 649 920 708 est
959 643 1061 726 igitur
1093 640 1137 706 ad
1170 639 1311 706 alteram

156 755 372 838 scripturam:
406 752 560 837 quique
594 772 680 816 oum
714 772 760 817 eo
790 752 868 815 visi
897 757 1028 830 erant,
1061 769 1134 835 quae
1162 749 1309 814 sirecte

156 869 346 942 enarratur,
384 861 556 944 aptissima
589 865 656 939 est;
696 858 923 941 significantur
956 859 1041 924 enirn
1074 857 1217 942 equites,
1251 856 1310 941 qui

156 992 192 1037 se
224 971 320 1036 initio
356 990 427 1033 oum
462 967 602 1033 Romulo
638 967 743 1033 oculis
771 967 979 1032 Fidenatium
1011 966 1073 1033 soli
1108 964 1311 1045 obtulerant,

155 1086 260 1163 portae
283 1077 523 1163 obequitantes
551 1077 656 1159 magis
680 1096 776 1159 quam
799 1096 874 1141 vere
896 1080 1129 1159 pugnaverant.
1175 1072 1312 1157 (Equi-

156 1194 217 1252 tes
240 1184 383 1270 procul
404 1186 483 1249 visi
505 1183 564 1263 IV,
592 1188 648 1263 40,
678 1188 714 1263 23
747 1183 892 1268 procul
915 1184 1015 1248 visis
1038 1183 1308 1248 Romanorum

156 1296 283 1377 signis
319 1294 394 1375 VII,
434 1297 491 1373 23,
527 1296 562 1373 63
601 1312 674 1357 nec
713 1293 825 1375 prius
865 1290 912 1357 ab
950 1291 1067 1357 hoste
1100 1290 1212 1356 visus
1245 1293 1312 1354 est

154 1402 224 1482 VH,
248 1405 298 1482 34,
322 1400 401 1483 7.)1)

184 1636 206 1703 ¹)
226 1635 386 1706 [Frigellius
404 1637 433 1691 in
451 1636 547 1690 libello
565 1654 650 1705 supra
666 1638 809 1707 appellato
826 1656 853 1707 p.
874 1639 906 1691 18
923 1637 953 1690 in
971 1636 992 1689 P
1011 1636 1082 1692 dicit
1099 1652 1160 1691 esse
1178 1637 1310 1706 quique

224 1739 295 1775 cnm
322 1739 360 1776 eo
383 1723 579 1791 quisierant
600 1729 630 1777 et
652 1724 682 1778 in
704 1723 830 1793 margine
852 1740 937 1776 manu
955 1721 1151 1791 antiquissima
1169 1722 1230 1776 sine
1248 1722 1312 1776 ulla

223 1807 367 1862 inserendi
388 1812 459 1862 nota
480 1808 607 1877 quiquo
624 1826 697 1864 oum
716 1808 812 1877 equis
831 1808 1001 1875 abierant,
1024 1808 1055 1861 in
1072 1806 1147 1862 Flor.
1167 1806 1194 1862 S.
1213 1807 1305 1863 Murci

223 1893 349 1961 quique
372 1909 442 1948 oum
466 1910 502 1948 eo
522 1893 648 1962 quique
667 1911 740 1948 oum
758 1894 834 1963 equi
914 1897 1012 1948 erant
1030 1893 1099 1948 visi
1121 1899 1225 1949 erant
1262 1891 1306 1948 De

222 1978 331 2047 origine
351 1979 495 2033 varietatis
518 1983 547 2033 et
568 1979 603 2033 de
621 1981 683 2049 ipsa
699 1980 841 2034 locutione
860 1980 955 2048 equis
974 1980 1088 2034 ierant
1104 1996 1205 2049 parum
1222 1983 1301 2034 recte

223 2063 357 2133 disputat
407 2065 516 2134 Equis
547 2066 597 2119 ire
623 2066 716 2134 ipsum
742 2071 838 2120 motus
866 2082 954 2135 genus
981 2064 1134 2134 significat,
1164 2064 1242 2134 quod
1268 2063 1306 2119 ad

221 2149 297 2205 hunc
318 2149 412 2205 locum
433 2151 504 2205 nihil
526 2150 666 2221 pertinet]
695 2150 761 2220 Quia
784 2153 867 2222 paulo
886 2156 952 2206 ante
970 2152 1103 2220 leguntur
1119 2149 1145 2220 (ᾗ
1163 2151 1203 2217 ηε
1229 2167 1307 2220 par·

221 2242 289 2291 tem
312 2236 461 2290 militum
484 2237 572 2292 locis
595 2237 690 2292 cirea
712 2237 816 2292 densa
838 2238 952 2292 obsita
973 2237 1128 2307 virgulta
1149 2236 1307 2291 obscuris

222 2321 402 2376 subridere
434 2324 468 2377 in
500 2321 641 2377 insidiis
672 2323 789 2390 iussit,
825 2323 920 2377 multis
951 2323 1103 2377 multorum
1133 2322 1306 2379 coniecturis

220 2411 332 2461 tentata
363 2406 462 2477 (nuper
492 2407 599 2463 Hertzii
631 2408 781 2463 admodum
812 2414 841 2463 et
869 2407 984 2476 audaci,
1016 2411 1108 2465 tribus
1135 2407 1305 2464 accusativis
1365 2429 1372 2444 .

219 2497 383 2547 neutrorum
400 2495 431 2547 in
449 2493 587 2547 ablativos
602 2495 726 2561 mutatis,
745 2500 775 2549 et
790 2493 913 2562 infelici),
936 2494 1042 2549 nullam
1055 2493 1241 2549 mutationem
1254 2497 1307 2547 ant

219 2593 337 2646 poscere
365 2585 414 2633 aut
435 2580 561 2649 recipere
584 2580 712 2633 arbitror.
758 2578 856 2634 Circa
883 2579 987 2635 densa
1014 2580 1127 2635 obsita
1152 2578 1305 2650 virgulta

220 2661 260 2730 (in
277 2663 341 2716 dem
359 2665 429 2718 iiber
446 2665 496 2719 das
515 2664 632 2719 Terrain
649 2670 822 2719 zerstreuten
843 2664 973 2720 Gebirsch
991 2665 1100 2733 umber)
1114 2665 1212 2720 Livius
1230 2664 1307 2719 dixit

223 2747 321 2802 eodem
339 2748 438 2816 modo,
466 2749 591 2818 quelli,
619 2752 653 2804 25
675 2751 937 2806 coniurationes
965 2752 1059 2807 circa
1085 2750 1303 2820 Campaniam

217 2833 343 2901 passim
365 2833 475 2889 iactas
499 2841 529 2889 ct
546 2834 635 2903 XXV,
657 2839 673 2889 9
696 2837 792 2891 circa
812 2837 885 2889 vias
904 2836 1098 2891 discurrere
1116 2835 1175 2905 (cfr.
1194 2835 1297 2903 XXIV,

218 2922 243 2986 3,
261 2918 367 2987 XXXI,
389 2922 406 2974 3
425 2926 454 2975 et
471 2920 510 2986 8);
534 2920 649 2975 obsita
671 2927 764 2976 autem
788 2921 944 2991 virgulta
963 2921 1019 2977 uici
1037 2923 1177 2992 potuisse,
1200 2921 1303 2991 quibus

218 3004 308 3058 solum
335 3005 457 3059 obsitum
480 3011 568 3073 esset,
595 3007 649 3060 etsi
675 3007 753 3061 nullo
780 3006 863 3061 huius
889 3007 976 3076 ipsius
1003 3008 1082 3062 verbi
1105 3007 1233 3077 exemplo
1257 3005 1304 3060 de·

218 3089 343 3143 funditur
369 3096 471 3160 praeter
492 3090 585 3145 Plauti
612 3091 686 3146 Ibin.
710 3095 775 3159 530,
803 3095 866 3160 531,
895 3094 1023 3162 proxima
1049 3099 1144 3148 tamen
1171 3093 1303 3147 subvenit

218 3176 333 3244 cognati
351 3176 431 3230 verbi
450 3176 619 3243 similitudo;
637 3195 702 3232 nam
721 3197 806 3247 quum
824 3179 909 3249 vulgo
929 3179 1038 3234 conseri
1056 3178 1136 3233 locus
1154 3178 1302 3233 arboribus

219 3259 344 3328 dicatur,
372 3266 468 3317 tamen
494 3280 551 3317 non
578 3263 667 3318 solum
691 3262 760 3319 Cato
788 3270 816 3320 et
838 3265 968 3320 Tibullus
995 3265 1083 3319 vites
1109 3269 1138 3318 et
1164 3280 1303 3334 pomum

217 3362 404 3415 conserere,
423 3346 473 3402 sed
489 3348 586 3403 Livius
604 3351 664 3419 ipse
679 3350 722 3419 (X,
741 3353 783 3419 24,
801 3350 829 3419 5)
847 3352 1001 3405 arborem
1020 3366 1202 3406 conserere
1220 3348 1301 3404 dixit

216 3429 337 3487 Obsita
354 3439 446 3487 autem
464 3435 560 3503 potius
578 3453 662 3505 quarn
679 3437 816 3492 consita
832 3436 859 3490 h.
879 3436 897 3489 l.
912 3437 1015 3506 posuit,
1033 3441 1064 3490 ut
1081 3435 1186 3506 passim
1204 3449 1303 3504 sparsa

216 3521 246 3572 et
277 3524 459 3588 prospectum
491 3519 645 3576 adimentia
675 3521 913 3590 intellegerentur.
963 3521 1098 3577 Similiter
1124 3521 1210 3577 etiam
1240 3520 1301 3574 ob·

217 3602 332 3657 moliri
353 3603 451 3658 Livius
473 3604 615 3673 XXXVII,
642 3608 690 3674 82,
717 3609 734 3660 'I
756 3606 790 3660 de
812 3606 875 3660 loeo
900 3606 972 3660 dixit
994 3607 1045 3675 (ad
1071 3605 1299 3674 obmolieuda,

215 3704 286 3757 quae
309 3689 421 3744 ruinis
444 3696 555 3745 strata
572 3690 692 3759 erant);
718 3692 807 3760 magis
825 3692 940 3761 proprie
958 3691 1077 3747 dixisset
1094 3692 1135 3747 ad
1153 3691 1299 3746 obmoli-

216 3773 305 3827 onda
335 3774 582 3845 impedimenta
609 3775 687 3844 (saxa
713 3776 803 3830 aliave
828 3777 863 3830 iis
890 3777 973 3845 loeis,
1005 3794 1068 3846 quae
1095 3777 1183 3833 ruinis
1210 3781 1301 3831 strata
1361 3762 1366 3773 ¹

214 3859 313 3927 erant).
349 3858 391 3929 [In
409 3861 631 3916 Weissenbornii
655 3862 830 3916 coniectura:
852 3862 940 3920 locis
957 3863 1059 3932 circa,
1084 3864 1189 3919 densa
1204 3864 1300 3918 inter

214 3944 372 4014 virgulta
389 3947 556 4014 obscuris,
578 3953 611 4001 ut
628 3947 756 4000 omittam
774 3945 920 4003 audaciam
938 3949 968 4003 in
986 3950 1105 4004 obsita
1122 3948 1251 4004 tollendo
1269 3951 1298 4002 et

214 4028 296 4083 simul
317 4030 409 4085 inter
432 4032 576 4098 addendo,
604 4048 694 4100 neque
715 4030 803 4086 locis
829 4034 939 4101 cirea,
966 4034 1020 4090 hac
1041 4035 1191 4101 brevitate,
1218 4039 1299 4089 reete

215 4112 317 4170 dicitur
334 4134 424 4185 neque
442 4117 529 4172 locis
548 4119 615 4170 lutor
632 4117 787 4186 virgulta
806 4118 984 4189 obscuris]
