3060 5272
584 846 587 851 ’
714 845 755 906 85
1181 861 1244 917 nee.
1262 861 1313 916 m.

156 1027 306 1096 ierunt
342 1026 630 1094 Weissenbornius
652 1027 686 1092 in
711 1026 825 1093 codice
842 1028 1016 1113 Bamberg.
1040 1037 1080 1095 et
1102 1038 1313 1115 argentum

155 1143 194 1202 et
215 1157 266 1202 aa
288 1135 388 1202 scribi
410 1135 524 1201 tradit.
573 1134 710 1216 XXVII,
739 1138 795 1214 36,
826 1139 882 1199 12:
905 1139 945 1201 in
970 1136 1130 1217 Sicilia,
1156 1140 1196 1204 in
1220 1137 1313 1205 Sar·

156 1244 272 1310 dinia
301 1249 343 1310 et
371 1242 526 1324 Gallia;
555 1242 691 1310 omissio
718 1245 962 1328 praepositionis
988 1246 1023 1309 in
1045 1246 1144 1312 tertio
1167 1245 1313 1312 membro

157 1352 380 1435 suspicionem
401 1349 513 1416 habet.
557 1349 676 1431 XXIX,
699 1358 729 1430 4,
751 1355 786 1415 6:
816 1351 961 1434 viginti
984 1353 1164 1437 quinque
1186 1353 1314 1437 longae

157 1479 296 1538 naves,
331 1478 400 1524 sex
427 1458 563 1523 millia
589 1456 793 1541 peditum,
829 1459 1062 1542 octingenti
1084 1461 1250 1544 equites
1273 1465 1313 1525 et

158 1572 312 1650 septem
344 1564 577 1650 elephanti,
610 1564 660 1629 ad
692 1563 768 1631 hoo
796 1586 937 1649 magna
964 1568 1152 1650 pecunia,
1186 1568 1313 1652 equites

158 1681 191 1739 et
212 1672 381 1757 elephanti
403 1672 603 1738 coniunctim
624 1671 795 1757 peditibus
819 1672 954 1755 adiungi
979 1672 1141 1738 videntur.
1178 1673 1314 1753 XXXII,

160 1784 216 1861 33,
259 1784 315 1845 16:
366 1779 527 1846 Thebas
565 1778 754 1860 Phthias,
799 1779 1011 1860 Echinum,
1053 1781 1237 1846 Larisam
1274 1787 1314 1846 et

157 1886 408 1953 Pharsalum.
449 1885 610 1972 Copulam
632 1887 667 1951 in
689 1892 847 1970 quattuor
857 1886 1120 1953 Drakenborohii
1143 1887 1313 1954 codicibus

160 2001 194 2061 ct
225 1996 259 2060 in
285 1994 524 2076 Bambergensi
553 1994 708 2061 omissam
734 2001 823 2060 recte
852 1995 989 2059 sustulit
1016 1981 1312 2060 Weissenbornius.

158 2101 295 2182 XXXV,
330 2106 386 2182 34,
422 2106 457 2166 4:
510 2099 829 2181 Demetriadem,
875 2099 1110 2167 Chalcidem
1154 2109 1194 2167 et
1239 2102 1313 2167 La·

159 2209 441 2276 cedaemonem.
503 2207 704 2274 Particulam
742 2209 777 2273 iu
814 2208 1052 2292 Bambergensi
1097 2208 1314 2294 omnibusque

158 2315 418 2383 Drakenborchii
463 2314 633 2382 codicibus
673 2316 829 2382 omissam
868 2314 1036 2382 Beklrerns
1076 2323 1109 2382 et
1146 2317 1310 2382 Weissen-
1328 2333 1382 2400 (ro)

157 2425 295 2492 bornius
318 2423 532 2490 sustulerunt.
587 2422 740 2503 XXXVI,
772 2429 825 2504 14,
858 2429 912 2488 ll:
946 2422 1189 2503 Pharsalus,
1219 2422 1314 2489 Sco-

159 2539 275 2598 tussa
309 2538 351 2598 et
382 2531 531 2597 Phora.
587 2531 689 2596 Recte
722 2531 822 2596 iidem
855 2552 872 2595 e
905 2529 1157 2614 Bambergensi:
1191 2530 1315 2595 Phar·

160 2638 273 2706 salus
303 2646 344 2705 et
371 2638 573 2706 Scotussa
600 2645 639 2704 et
666 2637 810 2704 Pherae.
861 2637 1011 2717 XXXIX,
1034 2642 1085 2718 33,
1111 2644 1143 2702 l:
1173 2636 1210 2715 Q.
1235 2637 1314 2704 Cae-

159 2747 292 2828 cilius,
314 2746 360 2812 M.
381 2746 546 2813 Babius
570 2751 609 2812 et
630 2745 684 2811 Ti.
704 2744 977 2830 Sempronius.
1018 2744 1185 2811 Omissum
1206 2746 1241 2810 in
1264 2745 1315 2811 ed.
1388 2809 1392 2818 ,

158 2854 354 2940 lioguntiua
380 2860 415 2920 et
442 2855 587 2939 quinque
615 2852 876 2951 Drakenborchii
904 2852 998 2920 codd.
1029 2860 1068 2918 et
1090 2852 1315 2919 Weissenbor-

158 2964 232 3028 nius
265 2961 401 3042 delevit,
434 2967 548 3026 natum
576 2982 616 3026 ex
645 2967 658 3023 t
686 2962 845 3046 sequenti.
901 2960 954 3025 Ita
981 2961 1015 3024 in
1043 2960 1167 3025 decade
1196 2966 1316 3044 quarta

158 3069 268 3135 nullus
301 3069 503 3154 relinquitur
535 3067 635 3134 huius
661 3069 790 3151 generis
820 3069 931 3147 locus,
966 3088 1064 3150 quem
1090 3091 1157 3134 non
1184 3069 1315 3134 codices

160 3169 227 3262 ipsi
247 3176 458 3258 subtrahant,
490 3182 612 3261 prater
635 3175 782 3255 XXXIV,
806 3180 856 3255 54,
878 3179 909 3255 2,
932 3175 989 3240 nbi
1011 3176 1045 3239 in
1068 3176 1316 3241 enumeratione

159 3291 338 3369 pratorum
358 3284 476 3350 ultimo
499 3283 574 3352 loco
598 3282 755 3349 scribitur
777 3282 812 3347 L.
834 3282 1006 3348 Porcius
1027 3284 1194 3349 Licinus
1218 3290 1257 3348 et
1279 3281 1314 3347 0.

159 3392 398 3459 Flaminius.
453 3390 491 3456 In
525 3392 644 3476 quinta
677 3390 800 3456 decade
835 3390 921 3473 (cod.
951 3389 1212 3471 Vindobonensi)
1247 3389 1317 3454 haeo

161 3500 377 3566 obiiciuutur:
412 3498 513 3579 XLII,
543 3502 593 3580 33,
625 3504 653 3576 1,
683 3497 723 3564 de
745 3520 812 3583 quo
834 3498 907 3566 loco
931 3499 1038 3564 dicam
1062 3499 1250 3582 separatim,
1284 3503 1318 3561 et

161 3611 211 3687 37,
232 3613 268 3671 4:
291 3606 451 3691 Epirus,
475 3606 632 3673 AEtolia
652 3613 694 3671 et
714 3605 943 3686 Thessalia,
966 3607 1023 3671 ubi
1046 3613 1088 3671 et
1110 3627 1148 3670 ex
1170 3611 1184 3667 t
1206 3611 1316 3671 ortum

154 3719 222 3793 est,
253 3720 325 3779 tum
348 3717 399 3793 53,
427 3718 462 3778 6:
497 3713 713 3780 descendit
735 3713 783 3778 ad
806 3713 1009 3797 (Tripolin
1033 3711 1193 3792 vocant)
1216 3712 1317 3776 Azo-

160 3842 259 3902 rum,
286 3820 489 3905 Pythoum
510 3826 550 3886 et
571 3820 772 3887 Dolichen
796 3820 1040 3885 incolentes.
1086 3817 1210 3883 Omitto
1232 3839 1318 3881 nunc

162 3929 264 3994 verba
295 3928 557 4013 transpositione
589 3928 742 4008 turbata3
782 3929 858 4011 ipsa
890 3928 1024 3992 nomina
1056 3927 1090 3990 in
1124 3924 1237 3990 codice
1271 3926 1318 3989 sio

160 4035 365 4102 scribuntur:
395 4034 967 4120 adrovispytolumetdoscen3
996 4039 1144 4119 apparet,
1167 4034 1201 4097 in
1224 4038 1319 4097 tanta

160 4143 364 4228 reliquorum
397 4143 633 4228 depravatione
666 4144 767 4208 etiam
804 4148 846 4207 et
874 4143 1100 4211 incertissima
1128 4140 1207 4206 fidei
1236 4160 1317 4205 esse.

160 4250 266 4333 XLII,
295 4255 346 4333 63,
377 4254 432 4316 14:
466 4249 661 4317 Consulis
682 4249 820 4316 latera
842 4257 987 4334 tegunt
1009 4249 1217 4328 Eumenes,
1247 4249 1318 4312 At·

160 4358 273 4425 talus
307 4365 354 4451 et
373 4357 621 4443 Misagenes,
654 4358 823 4442 regulus
856 4358 1131 4423 Numidarum.
1187 4355 1318 4440 Perspi-

162 4488 258 4532 cuum
280 4473 332 4532 est
353 4465 556 4551 Misagenem
578 4486 600 4531 a
615 4464 826 4549 Pergamenis
850 4467 1011 4550 separari3
1035 4465 1092 4530 sed
1115 4463 1190 4528 illos
1207 4463 1319 4528 Livius

161 4595 228 4640 non
250 4579 400 4646 ἀωηᾶέως
421 4575 658 4639 nominaverat.
708 4572 827 4638 Utrum
849 4572 1103 4655 Attalusque
1126 4592 1168 4636 an
1192 4576 1232 4637 et
1253 4571 1318 4635 At·

163 4681 273 4747 talus
307 4682 493 4766 scripserit,
526 4702 593 4747 nou
627 4700 748 4764 quaro.
810 4679 930 4758 XLIV,
964 4682 1020 4758 43,
1056 4685 1091 4743 6:
1132 4678 1319 4744 Euander
