3060 5272
214 308 277 366 Lib.
295 310 408 365 XXVII.
761 302 822 362 392

130 499 200 568 (320)
219 487 352 565 fugati
393 490 497 548 motu
532 485 625 549 inde
660 485 864 564 afuerint,
904 507 979 550 non
1014 509 1116 568 esse,
1159 511 1293 559 omnes
1327 497 1368 558 in

215 594 351 671 urbes,
386 594 424 656 in
459 613 578 674 agros
609 613 700 656 suos
727 592 920 657 reductos
949 613 1064 659 arare
1095 604 1154 662 cet.
1213 599 1286 664 Non
1310 622 1368 685 op·

215 704 293 767 time
321 721 381 764 nec
411 699 453 764 ad
482 699 564 764 Livii
593 699 861 765 consuetudinem
890 700 1042 765 dicuntur
1065 701 1138 767 illa:
1172 709 1368 774 neminem

216 808 412 887 Siculum,
441 808 508 890 qui
531 840 573 852 —
596 806 795 885 afuerint,
824 827 884 890 pro
913 828 966 888 eo,
995 810 1083 892 quod
1107 819 1173 877 est:
1207 813 1371 881 Siculo·

214 939 297 982 rum
320 937 465 993 eorum,
494 915 558 996 qui
581 921 642 978 cet.
694 912 758 978 Sed
780 913 950 979 molestius
974 924 1033 996 est,
1058 919 1147 999 quod
1169 920 1367 1005 interposita

214 1025 285 1089 illa:
319 1025 385 1106 qui
414 1021 611 1115 fugati-
634 1020 815 1085 afuerint
843 1028 890 1100 et,
925 1025 1117 1106 aequalitate
1145 1027 1371 1096 membrorum.

214 1135 301 1197 inter
333 1153 368 1196 se
390 1129 568 1194 relatorum
591 1128 738 1207 sublata,
772 1129 948 1193 artificium
982 1131 1183 1199 rhetoricum
1216 1146 1372 1204 evertunt-

215 1246 248 1304 et
277 1240 380 1321 ipsam
409 1236 685 1319 magnificentiam
714 1236 927 1319 professionis
956 1237 1151 1322 infringunt,
1185 1263 1303 1325 genere
1333 1253 1371 1312 et

213 1367 349 1411 numero
390 1351 486 1409 caute
525 1344 781 1426 circumscripto.
844 1344 974 1421 Quanto
1015 1347 1218 1430 elegantiora
1256 1355 1368 1419 omnia

214 1460 324 1533 erunt,
357 1453 510 1517 retractis
539 1452 571 1515 in
602 1472 696 1515 suam
724 1451 834 1515 sedem
863 1452 991 1518 duabus
1020 1455 1169 1536 vocibus,
1204 1479 1276 1543 quae
1298 1462 1365 1544 pri·

213 1583 301 1625 mum
324 1561 469 1637 omisere,
503 1558 621 1622 deinde
650 1579 751 1641 pravo
779 1558 852 1622 loco
879 1560 1012 1625 insertae
1041 1571 1132 1629 sunt:
1166 1566 1366 1632 neminem

214 1666 593 1750 Carthaginiensem
628 1666 665 1728 in
701 1664 844 1729 Sicilia
878 1687 981 1747 esse3
1014 1671 1214 1736 neminem
1249 1673 1368 1739 Sicu·

213 1776 292 1841 lum
314 1797 390 1840 non
413 1795 517 1852 esse,
547 1774 615 1857 qui
642 1771 774 1854 fugati
804 1781 911 1838 metu
940 1776 1033 1840 inde
1056 1777 1254 1859 afuerint,
1283 1803 1366 1847 orn·

213 1905 281 1949 nes
315 1885 354 1947 in
387 1882 523 1960 urbes,
562 1882 601 1945 in
641 1901 760 1962 agros
794 1901 887 1946 suos
921 1883 1116 1949 reductos
1150 1906 1267 1952 arare
1300 1897 1366 1956 cet.

213 1991 282 2056 Iam
310 1991 495 2074 aptissime,
530 1989 699 2073 praemissa
731 1988 902 2072 splendida
935 1990 994 2055 illa
1020 1992 1225 2074 professione
1253 1995 1365 2077 (nem.

214 2098 289 2164 Sic.
318 2120 396 2163 non
432 2096 553 2178 esse),
587 2117 639 2160 res
674 2097 815 2179 pressius
851 2098 1032 2179 exponitur.
1090 2099 1236 2166 Accedat
1263 2105 1368 2187 igitur

212 2207 275 2271 hoc
302 2206 344 2270 ad
372 2205 431 2270 illa
452 2203 638 2270 huiusmodi
660 2204 890 2269 traiectionum
914 2204 1071 2289 exempla,
1097 2229 1171 2290 qua
1193 2210 1236 2275 ad
1258 2210 1365 2293 XXII,

216 2319 263 2393 10,
288 2318 306 2378 3
331 2313 587 2378 commemoravi.
633 2310 814 2375 Turbatum
837 2310 960 2392 aliquid
983 2312 1037 2378 hic
1060 2315 1092 2377 in
1116 2315 1228 2382 codice
1250 2319 1365 2385 arche·

211 2429 291 2506 typo
314 2422 434 2499 fuisse,
464 2421 683 2503 suspicionem
707 2420 808 2483 etiam
830 2417 912 2482 illud
935 2419 1043 2484 facere
1066 2429 1189 2504 posset,
1219 2427 1307 2507 quod
1329 2429 1368 2492 in·

212 2529 310 2595 Pbis
338 2529 462 2611 scripta
491 2535 567 2593 sunt
595 2534 628 2591 et
654 2526 726 2590 illa:
761 2527 959 2590 neminem
983 2526 1366 2614 Carthaginiensem

212 2636 273 2716 (in)
308 2636 453 2702 Sicilia
486 2656 573 2699 esse
608 2642 641 2699 et
673 2634 758 2698 hoec:
794 2655 929 2698 omnes
963 2637 1003 2699 in
1037 2635 1157 2702 urbes
1191 2638 1295 2722 (prius
1324 2644 1364 2706 in

212 2743 340 2823 urbe),
375 2743 438 2806 nisi
468 2741 501 2806 id
531 2742 639 2806 mendi
667 2762 770 2823 genus
800 2741 846 2805 ibi
874 2741 1028 2824 frequens
1056 2753 1154 2810 esset.
1211 2745 1367 2830 Sequitur

212 2849 243 2933 (ξ
273 2849 322 2931 6);
361 2850 459 2914 Exin
487 2849 659 2914 Muttine
693 2856 731 2913 et
759 2850 792 2913 si
821 2870 987 2931 quorum
1015 2851 1191 2917 aliorum
1217 2857 1366 2923 merita

211 2977 308 3040 erga
334 2979 421 3041 pop.
445 2958 659 3021 Romanum
681 2964 806 3034 erant,
828 2957 868 3020 in
891 2965 1075 3023 senatum
1098 2961 1364 3044 introductis,

210 3067 383 3131 honores
411 3064 597 3129 omnibns
626 3063 675 3128 ad
703 3064 987 3129 exsolvendam
1009 3065 1131 3130 fidem
1155 3088 1175 3131 a
1198 3070 1365 3136 consule

210 3172 353 3238 habiti.
387 3172 562 3251 Enarrant,
578 3171 701 3236 fidem
720 3192 741 3235 a
760 3170 928 3237 consule
948 3172 1063 3237 eodem
1082 3174 1179 3240 modo
1198 3176 1273 3257 dici,
1296 3199 1362 3261 quo

210 3279 360 3345 bellum
383 3301 403 3344 a
422 3279 596 3358 Volscis,
618 3299 748 3363 poena
767 3301 787 3344 a
808 3279 1010 3358 Romanis,
1034 3289 1160 3347 metus
1179 3281 1227 3347 ab
1247 3283 1365 3350 hoste

209 3396 243 3454 et
271 3388 391 3453 similia
418 3388 581 3452 dicantur.
636 3386 833 3451 Incredibile
862 3392 925 3466 est,
959 3408 1024 3451 non
1053 3389 1283 3471 animadverti,
1315 3392 1366 3456 ita

210 3496 276 3560 dici
299 3497 338 3560 de
361 3494 475 3574 rebus,
505 3515 577 3577 qua
600 3493 642 3558 ab
666 3494 778 3576 aliqua
800 3501 895 3577 parte
917 3496 1050 3559 veniant
1072 3503 1130 3562 aut
1152 3498 1364 3581 impendeant

210 3602 369 3684 (metum
397 3603 530 3685 quidem
558 3601 600 3667 ab
630 3602 741 3684 aliquo
767 3603 830 3680 ita,
864 3609 901 3666 ut
922 3602 999 3666 mali
1022 3603 1098 3668 inde
1121 3607 1250 3670 venturi
1271 3608 1363 3672 notio

209 3709 331 3789 subsit,
361 3730 400 3774 ex
423 3730 487 3792 quo
512 3709 649 3774 dicimus
672 3711 772 3775 etiam
795 3729 938 3774 cavere
961 3709 1009 3774 ab
1032 3710 1175 3795 aliquo
1199 3719 1233 3777 et
1256 3713 1363 3796 ipsum

208 3824 390 3883 metuere
408 3816 455 3883 ab
472 3817 610 3900 aliquo
629 3818 741 3882 Livius
761 3815 913 3881 absolute
930 3818 1043 3899 posuit
1061 3817 1181 3898 XXIII,
1201 3824 1251 3900 36,
1266 3825 1292 3899 l,
1305 3820 1364 3885 alii

209 3925 388 3990 insidias
411 3925 460 3990 ab
483 3924 622 4009 aliquo
644 3932 824 3990 metuere
847 3930 881 3989 et
904 3924 1048 4006 similia),
1074 3947 1136 3991 neo
1158 3948 1254 4010 posse
1277 3927 1364 3993 huno

210 4055 306 4097 usum
335 4033 520 4116 promiscue
549 4032 592 4097 ad
615 4033 680 4098 alia
703 4033 851 4112 traduci,
884 4038 922 4095 ut
943 4030 1047 4097 fides
1070 4054 1091 4097 a
1113 4035 1280 4101 consule
1302 4057 1363 4120 pro

209 4142 353 4206 consulis
381 4140 446 4205 fide
475 4141 618 4236 dicatur,
649 4162 722 4206 cum
745 4148 840 4206 tanta
861 4142 1043 4223 prasertim
1067 4141 1297 4225 ambiguitate,
1326 4151 1364 4208 ut
