3060 5272
237 327 300 382 Lib.
319 325 365 382 IV.
787 312 848 374 128

237 499 406 565 interim
444 497 616 581 patricii
655 495 783 562 soluti
820 494 956 579 legum
994 496 1396 582 magistratuumque

238 606 491 673 verecundia
516 626 589 690 per
617 626 657 670 se
680 624 840 688 quoque
862 610 899 666 et
919 603 1188 670 tribuniciam
1210 611 1397 689 potesta-

236 723 317 781 tem
351 720 537 799 agerent,
573 713 637 778 hoc
666 719 731 792 est,
761 712 895 776 interim
921 713 1072 796 patricii,
1101 733 1136 777 se
1165 733 1297 796 quoque
1325 712 1398 796 (tri-

238 824 336 889 bunis
359 823 422 908 pl,
450 842 590 905 quorum
618 822 725 886 oratio
754 819 819 902 est)
842 827 877 885 et
897 819 1077 886 tribunicia
1098 826 1266 904 potestate
1288 824 1398 888 sinen·

238 931 329 997 tibus
352 952 412 996 nec
435 930 614 1014 quicquam
635 928 923 1012 interponentibus
946 927 1172 1012 impedimenti
1195 927 1299 1011 (αὐτῶν
1321 936 1398 994 ἕνεκα

238 1046 284 1102 καὶ
306 1048 351 1115 τῇς
373 1045 702 1119 ὁημαρχικῗρἐουσίας,
732 1043 770 1101 ub
798 1035 920 1101 dicitur
942 1056 1013 1119 per
1034 1057 1110 1116 me,
1138 1057 1211 1120 per
1233 1044 1399 1104 aebaiem

238 1146 355 1226 licet,
389 1152 525 1229 potes;
559 1166 629 1229 per
657 1165 714 1209 me
743 1145 826 1209 ista
855 1143 1028 1227 pedibus
1057 1144 1280 1210 trahantur
1308 1147 1400 1230 apud

236 1253 441 1336 Ciceronem)
471 1255 618 1318 viverent
646 1258 847 1337 agerentque
870 1251 971 1317 soluti
994 1251 1105 1335 legum
1127 1255 1399 1335 magistratuum-

239 1384 302 1446 que
335 1361 543 1426 verecundia.
608 1361 735 1444 Agere
775 1362 822 1425 sic
855 1360 1006 1426 absolute
1041 1359 1081 1424 de
1115 1361 1190 1426 vitae
1224 1383 1399 1444 rerumque

239 1476 340 1549 statu,
362 1469 452 1552 quod
474 1469 562 1553 apud
581 1467 775 1533 Sallustium
804 1474 838 1532 et
853 1467 1003 1533 Tacitum
1020 1467 1324 1551 frequentissimum
1342 1477 1401 1551 est,

240 1578 351 1643 Livius
381 1598 511 1659 quoque
540 1598 606 1641 non
628 1596 704 1642 raro
728 1577 855 1660 posuit,
889 1576 979 1640 velut
1000 1575 1054 1641 his
1076 1576 1173 1656 locis,
1208 1597 1292 1659 quos
1313 1577 1401 1644 forte

241 1685 411 1750 adnotavi:
430 1684 486 1763 IX,
504 1688 608 1762 20,10
628 1683 728 1764 (sine
745 1682 905 1766 legibus
923 1685 1057 1763 certis,
1078 1685 1164 1749 sine
1181 1685 1401 1768 magistra-

153 1818 226 1886 (103)
245 1793 358 1858 tibus
377 1791 519 1874 agere),
537 1791 604 1856 ibd.
618 1795 668 1869 22,
689 1795 707 1854 3
727 1790 926 1872 (securior
942 1791 1255 1858 abSamnitibus
1273 1812 1402 1874 agere,

240 1900 353 1965 addito
371 1899 543 1978 adiectivo
562 1907 600 1964 ut
616 1898 669 1964 hic
686 1899 837 1980 soluti),
855 1899 922 1964 ibd.
935 1903 986 1979 25,
1004 1904 1069 1965 6et
1081 1904 1132 1980 43,
1151 1899 1403 1982 4(incerti-

241 2009 520 2093 suspensique
567 2007 612 2072 de
657 2014 771 2073 statu
817 2007 999 2073 alterius
1039 2015 1215 2091 uterque
1254 2009 1402 2075 consul

241 2117 413 2200 ageret),
441 2114 565 2194 XXIX,
596 2120 630 2194 3,
659 2120 689 2193 8,
720 2114 822 2193 XXX,
852 2118 881 2194 9,
905 2114 971 2196 6.1)
1027 2113 1140 2198 [Quod
1161 2115 1266 2196 volui,
1300 2116 1402 2201 paulo

240 2225 339 2290 aliter
361 2222 502 2289 efficitur
524 2224 597 2302 eV,
614 2225 648 2288 in
671 2244 736 2306 quo
761 2229 827 2287 est:
851 2223 1098 2290 verecundia
1109 2273 1200 2288 .....
1213 2231 1403 2308 potesta-

240 2341 410 2416 temquae
437 2331 705 2397 tribuniciam
728 2336 905 2414 agerent,
933 2331 964 2395 h.
990 2352 1027 2412 e.,
1057 2352 1128 2416 per
1150 2352 1191 2397 se
1213 2338 1400 2415 potesta·

240 2447 400 2522 temque
424 2446 472 2504 tr.
497 2436 567 2522 ag]

328 2545 407 2631 Cap.
432 2552 481 2612 58.
537 2546 575 2611 In
608 2547 671 2612 hoc
704 2548 813 2630 capite
843 2570 946 2632 quum
975 2548 1016 2613 de
1044 2547 1151 2613 tribus
1180 2546 1262 2612 locis
1290 2549 1400 2613 dicere

241 2655 500 2734 constituissem,
535 2656 632 2739 primi
661 2654 923 2721 emendationem
962 2654 1272 2721 aWeissenbornio
1302 2676 1400 2720 occu·

242 2770 356 2847 petam
377 2763 488 2841 video,
522 2762 565 2827 ad
594 2784 694 2845 quam
720 2769 832 2827 tamen
855 2762 1114 2828 confirmandam
1135 2783 1244 2847 pauca
1267 2762 1398 2828 addam.

242 2872 327 2936 Nam
360 2870 377 2952 ἓ
410 2877 431 2934 4
466 2870 512 2934 sic
546 2870 715 2935 scribitur:
749 2869 988 2936 Tarditatis
1022 2891 1144 2936 causa
1176 2872 1216 2936 in
1250 2877 1401 2936 senatu

242 2979 369 3061 magis
402 2977 482 3042 fuit
511 2999 627 3060 quam
656 2979 696 3043 in
724 2977 921 3058 tribunis,
955 2979 1037 3060 qui,
1071 2965 1167 3063 quia
1189 2999 1342 3045 summa
1363 2980 1400 3044 vi

242 3093 406 3152 restare
435 3085 740 3150 nuntiabantur
769 3083 842 3169 (qui
863 3086 1047 3168 Verrugine
1076 3086 1313 3153 obsidebantur
1334 3086 1400 3153 Ro·

243 3196 332 3261 mani
370 3193 522 3274 milites),
562 3214 702 3277 parum
736 3194 1044 3276 cogitaverunt,
1084 3193 1201 3259 nulla
1238 3194 1399 3260 virtute

241 3303 430 3387 superari
452 3302 716 3366 humanarum
737 3301 884 3367 virium
906 3301 1072 3368 modum.
1124 3299 1200 3377 Qui
1222 3322 1400 3386 pronomen

243 3411 287 3476 ad
314 3418 501 3476 senatum
528 3406 645 3474 referri
672 3429 772 3491 posse
799 3408 1088 3475 Drakenborchius
1117 3408 1236 3475 docere
1263 3417 1401 3476 conatus

243 3526 309 3598 est,
349 3519 463 3602 pingui
495 3517 657 3596 Minerva,
691 3522 729 3580 ut
761 3515 846 3582 solet
878 3517 934 3582 ille
968 3516 1009 3582 de
1042 3515 1142 3582 rebus
1175 3518 1400 3601 grammaticis

273 3762 297 3830 ¹)
315 3761 355 3818 Ut
376 3761 424 3816 hic
445 3767 655 3830 potestatem
677 3761 905 3817 tribuniciam
929 3778 1042 3831 agere,
1069 3763 1111 3817 sic
1132 3762 1173 3830 H,
1199 3765 1248 3831 48,
1275 3765 1402 3820 lomnes

313 3852 409 3902 tenent
434 3848 525 3902 bella
552 3863 655 3916 agere
681 3845 876 3914 (vitiosissimo
903 3847 989 3901 etiam
1011 3847 1115 3917 plurali
1137 3849 1278 3918 numero),
1307 3854 1402 3904 ortum

313 3949 348 3986 ex
370 3933 513 3988 communi
534 3932 584 3985 illo
607 3949 689 3985 casus
711 3931 945 3987 accommodandi
968 3949 1076 4000 errore3
1103 3951 1169 3988 nam
1187 3951 1274 4003 quum
1291 3933 1402 3991 dilec-

312 4024 368 4072 tus
394 4023 512 4086 propter
538 4032 657 4087 sequens
684 4033 793 4086 neque
816 4017 923 4072 aliam
944 4018 1049 4073 ullam
1068 4018 1183 4088 (idest,
1210 4019 1318 4074 ullius
1338 4017 1401 4087 rei)

313 4118 429 4157 curam
456 4103 633 4167 aecusativus
656 4106 815 4172 putaretur,
841 4101 950 4158 factum
976 4109 1020 4159 eat
1042 4120 1153 4173 neque
1174 4104 1268 4160 bella
1290 4120 1403 4175 neque
1428 4160 1430 4164 .

312 4187 474 4244 dilectus.
511 4186 697 4244 Scribendum
714 4204 775 4243 esse
791 4187 889 4257 belli,
906 4188 1035 4244 Dukerus
1052 4188 1134 4245 vidit.
