3060 5272
231 343 294 399 Lib.
313 343 346 398 V.
781 331 842 393 144

233 515 359 581 Deinde
389 517 476 580 eius
504 537 571 580 non
598 520 709 600 potest
737 516 801 581 nisi
830 514 873 580 ad
896 514 1103 582 Bellovesum
1129 514 1262 597 referri3
1296 517 1389 599 atqui

144 633 218 703 (122)
237 625 308 689 eius
330 623 413 688 nulli
437 629 532 689 orant
553 623 682 707 populi,
711 622 769 688 sed
792 624 989 707 permissum
1013 623 1043 688 ei
1066 622 1109 688 ab
1131 622 1322 708 Ambigato,
1352 631 1391 690 ut
1423 672 1426 676 -

233 753 273 797 ex
294 732 434 817 imperio
457 753 516 797 suo
540 731 689 796 homines
712 732 844 796 exciret.
895 729 1022 814 Opinor
1044 729 1171 796 Livium
1200 732 1389 817 scripsisse:

232 840 286 918 ls,
327 840 434 924 quod
475 840 513 902 ln
550 859 610 902 ser
654 839 820 924 populis
865 837 1120 919 abundabat,
1165 839 1389 925 Bituriges,

233 948 452 1030 Arvernos,
487 948 650 1027 AEduos,
683 946 735 1026 A.‚
772 943 826 1025 0.,
855 945 939 1011 Aul.
970 947 1123 1011 excivit
1156 945 1229 1028 (aut
1260 949 1388 1033 potius:

232 1055 340 1138 quod
374 1076 391 1119 s
423 1075 493 1120 ser.
543 1055 659 1137 1861).
724 1055 826 1120 Recte
866 1060 977 1119 autem
1009 1076 1148 1138 prorsus
1180 1058 1388 1123 accusativus

231 1165 380 1247 ponitur3
420 1164 539 1228 excivit
579 1164 665 1228 enirn
697 1162 863 1245 Bituriges
902 1168 1113 1245 ceterosque,
1153 1164 1243 1246 quod
1275 1185 1388 1230 eorum

232 1270 436 1337 abundabat.

318 1377 476 1462 Sequitur
505 1380 619 1444 eodem
648 1380 757 1464 capite
785 1376 802 1462 ξ
830 1381 850 1442 8
873 1384 907 1443 et
930 1381 964 1442 9:
998 1376 1044 1442 Id
1071 1376 1182 1443 Galli
1209 1377 1388 1445 fortunae

232 1508 310 1553 suae
333 1509 445 1552 omen
468 1488 560 1566 rati,
583 1486 794 1566 adiuvere,
823 1491 882 1566 nt,
912 1506 1026 1569 quem
1048 1485 1220 1570 primum
1240 1487 1282 1551 in
1304 1494 1389 1554 ter·

231 1616 314 1659 ram
337 1595 493 1677 egressi
518 1599 821 1678 occupaverant
842 1593 982 1674 locum,
1004 1594 1247 1677 patentibus
1270 1595 1388 1662 silvis

232 1703 539 1768 communirent,
590 1702 676 1786 Ipsi
703 1722 774 1785 per
796 1701 1001 1767 Taurinos
1031 1699 1250 1785 saltusque
1273 1701 1389 1768 luliae

232 1808 346 1893 Alpis
381 1803 730 1875 transcenderunt
767 1816 829 1874 cet.
886 1807 972 1886 Quid
1000 1809 1043 1873 sit
1071 1808 1206 1875 locum
1234 1811 1388 1876 munire

232 1917 478 2001 patentibus
501 1918 626 1996 silvis,
657 1939 794 2001 prorsus
817 1918 942 2001 ignoro,
971 1917 1099 1981 etiamsi
1123 1916 1276 1998 addatur,
1300 1918 1388 2002 quod

233 2024 349 2090 abesse
377 2047 444 2091 non
471 2032 598 2110 potest,
631 2025 686 2105 in;
720 2046 797 2090 nam
824 2025 931 2108 campi
958 2031 1072 2108 patere
1100 2023 1270 2106 dicuntur,
1304 2047 1388 2110 quos

232 2154 298 2197 non
316 2138 444 2198 montes
461 2154 522 2198 nec
541 2134 629 2198 silvae
643 2134 903 2217 interrumpunt;
920 2132 1018 2214 silvae,
1035 2138 1074 2197 ut
1084 2154 1195 2217 rupes,
1214 2133 1386 2216 claudunt3

232 2239 322 2325 quod
360 2240 647 2307 Weissenbornius
687 2242 939 2325 interpretatur:
988 2241 1041 2321 „in
1081 2238 1226 2322 offenen,
1268 2240 1388 2307 keinon

231 2347 351 2414 Schutz
379 2348 618 2433 gewdhrenden
640 2348 832 2427 Waldem“‚
866 2369 927 2412 nec
955 2348 1002 2414 sic
1030 2354 1175 2431 patere
1204 2348 1293 2414 silvae
1321 2349 1387 2414 dici

231 2463 402 2540 poterant,
432 2463 464 2521 et
492 2455 573 2540 quid
597 2478 680 2540 opus
704 2462 776 2521 crat
799 2456 863 2520 dici
887 2462 946 2520 aut
968 2456 1099 2521 omnino
1123 2454 1224 2522 silvas
1246 2476 1386 2523 comme·

232 2564 377 2627 morari?
409 2563 495 2629 Nam
529 2563 676 2643 Graecos,
712 2563 963 2629 muniendarum
996 2563 1128 2628 urbium
1160 2565 1388 2648 peritissimos,

231 2691 291 2754 pro
324 2672 527 2737 munimento
562 2670 661 2737 silvas
689 2669 863 2737 babituros
891 2671 1008 2751 fuisse,
1042 2671 1166 2736 nomini
1186 2673 1222 2737 in
1243 2679 1387 2739 mentem

231 2779 340 2843 venire
363 2783 507 2862 poterat.
565 2776 759 2845 Certissima
788 2780 1019 2845 emendatione
1047 2799 1159 2844 veram
1188 2780 1386 2864 scripturam

230 2887 264 2950 in
303 2887 434 2952 nomine
472 2887 607 2970 proprio
647 2893 839 2970 corruptam
872 2887 1020 2951 restituit
1053 2891 1131 2952 ante
1164 2886 1229 2952 duo
1263 2888 1386 2953 saecula

229 2993 419 3059 Hadrianus
442 2994 608 3060 Valesius:
644 2994 901 3079 patientibus
925 2993 1060 3078 Salyis
1083 2992 1262 3076 (Saluis).
1312 2994 1385 3062 Hoc

231 3100 342 3167 Livius
376 3102 472 3183 dicit,
507 3100 637 3185 Selyos,
671 3103 728 3186 qui
755 3103 848 3168 initio
872 3101 1003 3167 Grecos
1027 3122 1173 3185 egressos
1196 3123 1384 3187 oppugnas·

228 3216 317 3289 sent,
357 3230 458 3293 quum
491 3209 578 3275 Galli
617 3210 678 3276 hos
712 3210 919 3286 adiuvarent,
964 3210 1074 3275 locum
1113 3211 1309 3276 communiri
1351 3217 1385 3277 et

228 3317 409 3383 Massiliam
433 3318 531 3384 condi
552 3339 670 3403 passos
693 3340 774 3384 esse.
805 3317 936 3402 (Salyos
954 3317 1069 3383 eadem
1088 3316 1307 3384 declinatione
1318 3318 1383 3384 Pli-

227 3426 299 3490 nius
317 3425 413 3508 dicit3
431 3426 520 3511 apud
532 3426 660 3491 Livium
672 3427 788 3493 eodem
799 3427 965 3509 pertinent
978 3423 1174 3508 Salluvii.)
1204 3423 1268 3491 Sed
1279 3433 1384 3494 restat

227 3531 393 3599 dubitatio
416 3535 450 3598 in
472 3536 602 3599 nomine
624 3534 698 3615 loci,
723 3555 788 3619 quo
811 3533 911 3617 Alpes
935 3533 1023 3598 Galli
1045 3534 1258 3600 transierunt
1297 3534 1384 3600 Nam

227 3660 334 3725 neque
356 3641 495 3725 Alpem
518 3641 676 3724 singulari
698 3662 836 3708 numero
861 3641 972 3707 Livius
995 3647 1054 3706 aut
1077 3642 1252 3725 quisquam
1274 3663 1383 3726 prosae

228 3749 388 3814 orationis
412 3749 555 3832 scriptor
578 3749 668 3829 dixit,
697 3771 736 3814 ex
759 3771 824 3832 quo
848 3750 999 3833 sequitur
1019 3748 1133 3833 Alpis
1156 3750 1383 3815 accusativum

226 3876 314 3936 esse,
350 3864 384 3922 et
410 3857 524 3921 Iuliae
546 3856 670 3941 Alpes
698 3857 889 3941 longissime
917 3856 960 3921 ab
990 3857 1031 3922 iis
1060 3858 1157 3935 locis,
1192 3857 1232 3923 de
1260 3857 1381 3940 quibus

226 3965 355 4046 agitur,
390 3964 524 4029 distant.
581 3965 697 4050 Itaque
726 3966 832 4030 multa
859 3966 1046 4048 excogitata
1076 3970 1167 4045 sunt,
1201 3986 1275 4048 quoe
1303 3965 1381 4031 sub·

225 4071 458 4152 stituerentu13
493 4072 551 4137 sed
580 4093 620 4137 ea
647 4075 757 4138 omnia
778 4079 837 4138 aut
859 4073 926 4137 alia
946 4072 1072 4138 habent
1094 4074 1302 4141 incommoda
1324 4073 1381 4156 (—
1472 4132 1475 4138 ,

226 4177 315 4242 velut
348 4181 465 4244 inviae
492 4181 635 4262 regionis
664 4179 861 4263 significatio
890 4187 924 4246 et
953 4202 1088 4264 prorsus
1116 4188 1193 4266 post
1220 4203 1273 4265 ea,
1306 4202 1380 4266 qnae
