3060 5272
233 355 295 407 Lib.
314 354 438 408 XXXIV.
779 345 841 404 504

235 548 255 589 a
282 526 420 591 librario
449 526 526 590 addi
557 548 622 591 non
650 528 812 609 potuisse3
846 529 919 608 quis
954 528 1038 591 enim
1067 525 1282 609 vulgatissimi
1310 548 1398 593 usus

235 633 392 698 adverbio
420 640 533 698 recte
563 633 794 717 adscripturus
822 635 1063 719 interpretandi
1092 654 1196 699 causa
1217 642 1292 699 erat
1314 656 1392 719 pro-

234 743 339 825 priam
364 742 444 805 iuris
466 739 664 805 formulam?
691 729 798 825 neque
822 764 860 806 ex
884 742 1142 825 publicumve
1165 750 1235 805 aut
1257 744 1397 825 priva-

235 862 314 914 tum
348 848 445 913 facile
474 848 554 912 oriri
582 850 691 930 potuit
718 849 887 933 publice
917 857 987 914 ant
1015 850 1214 933 privatim.
1269 848 1395 934 Itaque

235 961 341 1024 eidem
365 956 488 1033 codici,
522 977 562 1020 ex
585 977 650 1037 quo
673 964 742 1021 tam
766 958 877 1021 multis
900 957 982 1022 locis
1006 955 1164 1040 suppleta
1185 955 1316 1021 lacunae
1337 976 1396 1023 ce-

236 1076 381 1131 terorum
404 1070 496 1141 suut,
530 1062 585 1127 hic
608 1085 739 1146 quoque
762 1065 811 1128 ita
833 1065 1031 1130 credendum
1055 1071 1151 1147 puto,
1184 1071 1223 1128 01
1244 1083 1394 1129 errorem

235 1182 293 1239 ant
327 1173 368 1237 ab
403 1173 476 1255 ipsa
509 1171 675 1253 scriptura
708 1178 767 1236 aut
799 1172 842 1236 ab
873 1174 943 1236 eius
970 1172 1142 1237 notatione
1171 1168 1295 1236 afuisse
1323 1193 1395 1238 non

236 1290 358 1365 putem.
402 1278 521 1359 Magno
545 1299 644 1360 opere
667 1275 805 1342 offendit
828 1279 964 1360 diligens
987 1278 1045 1343 illa
1067 1279 1210 1343 oninium
1232 1299 1395 1361 generum

235 1389 473 1471 mancipiorum
508 1387 711 1449 enumeratio
746 1385 992 1468 distinctioque,
1033 1408 1132 1467 quum
1167 1386 1249 1451 satis
1283 1394 1394 1451 esset:

236 1518 281 1560 00
321 1493 425 1576 quod
459 1492 710 1574 mancipium.
772 1493 875 1573 Regia
913 1495 1078 1576 inancipia
1117 1493 1209 1557 rideo
1241 1492 1394 1578 intellegi

236 1603 379 1684 Philippi
402 1601 504 1681 regis3
539 1599 596 1663 sed
620 1619 679 1662 000
702 1598 741 1662 de
764 1600 805 1663 iis
828 1599 882 1663 hie
906 1608 1070 1671 caveatur,
1094 1623 1159 1666 non
1183 1608 1334 1684 apparet,
1357 1610 1397 1667 et

237 1708 414 1774 admodum
443 1706 597 1787 ambigua
624 1705 681 1769 illa
709 1706 906 1787 significatio
930 1715 1032 1785 esset,
1067 1706 1158 1772 nulla
1185 1707 1394 1790 praecedente

237 1819 268 1881 in
292 1817 355 1879 hcc
378 1822 507 1879 tutare
530 1812 671 1895 Philippi
694 1814 873 1893 mentione;
903 1816 968 1879 imo
991 1814 1129 1878 Nabidis
1152 1814 1395 1897 significantur,

238 1926 366 2007 dequo
391 1923 488 1986 etiam
512 1941 538 1983 0.
565 1924 613 1997 311,
638 1928 656 1982 1
680 1923 816 2001 regius
840 1922 978 2002 dicitur;
1013 1944 1088 1985 suos
1118 1923 1190 2005 ipse
1218 1943 1330 1989 servos
1352 1930 1395 1989 01

237 2032 401 2109 educeret,
425 2027 691 2113 permittebatur.
741 2028 811 2091 Nisi
834 2028 939 2108 fallor,
962 2029 1073 2093 Livius
1097 2031 1144 2094 sic
1167 2031 1315 2113 scripsit:
1344 2052 1394 2098 ne

237 2139 340 2222 quod
380 2136 473 2201 inde
514 2135 756 2218 mancipium
796 2137 876 2200 nisi
914 2139 1069 2218 regium
1107 2137 1276 2220 publice
1315 2148 1394 2205 aut

236 2245 427 2328 priuatim
461 2244 709 2308 educeretur
737 2244 821 2307 sine
851 2243 943 2308 dolo
973 2245 1092 2333 niolo3
1126 2246 1159 2309 si
1190 2256 1392 2326 queunte

122 2432 125 2437 Ι
237 2354 385 2418 educta
413 2358 473 2416 cet.
527 2350 628 2415 Recte
656 2351 720 2413 iam
745 2358 888 2427 caretur,
917 2359 953 2416 ut
976 2352 1070 2417 dolus
1093 2352 1198 2417 malus
1221 2352 1318 2432 absit,
1349 2376 1392 2419 ne

237 2482 296 2542 pro
325 2460 423 2540 regiis
452 2458 507 2521 alii
537 2456 727 2520 educantur.
780 2458 920 2522 Vetatur
943 2466 1052 2523 autem
1076 2468 1108 2524 et
1130 2458 1234 2523 Nabis
1256 2459 1393 2542 publice

238 2573 271 2630 01
303 2564 441 2629 Nabidis
482 2563 627 2647 praefecti
668 2563 852 2646 militesque
887 2567 1037 2649 privatim
1073 2567 1222 2631 educere.
1282 2565 1392 2643 Quum

237 2672 494 2755 publicumve
523 2678 593 2733 aut
615 2671 823 2752 priuatum
847 2674 1006 2755 scriptum
1029 2684 1129 2745 esset.
1158 2674 1263 2738 alt-era
1286 2677 1392 2760 scrip-

238 2785 329 2843 tura.
370 2779 403 2843 in
438 2777 584 2858 margine
624 2776 800 2855 adnotata,
841 2780 874 2842 iu
908 2780 1051 2844 alienum
1085 2781 1192 2845 locum
1226 2782 1392 2847 translata

237 2881 411 2963 videtur.¹)
1291 2960 1294 2965 ‚

324 2991 402 3074 Cap.
444 2994 498 3070 36,
540 2994 572 3053 3;
618 2991 874 3057 100001010ιο
915 3003 1115 3077 praeterea
1156 2997 1389 3061 civitatium

238 3122 374 3165 eurum
403 3099 672 3175 (maritimarum,
707 3100 827 3182 quibus
858 3101 975 3166 cedere
997 3102 1102 3167 Nabis
1126 3103 1317 3185 iubebatur)
1340 3104 1391 3169 ad

238 3206 565 3291 supplementum
599 3206 718 3288 longe
755 3208 897 3290 optimi
927 3212 1089 3290 generis
1117 3210 1290 3274 militum
1318 3210 1391 3275 ha-

237 3316 367 3381 bebat.
423 3313 537 3397 Neque
572 3314 828 3378 iuventutem
865 3314 1018 3381 habere
1047 3317 1095 3381 ad
1125 3310 1389 3401 supplemen-

238 3440 318 3487 tum
337 3422 412 3490 t'hoc
430 3420 594 3498 astando
614 3420 878 3503 supplementum
897 3422 1061 3505 capiatur)
1082 3424 1199 3488 Latine
1218 3424 1280 3489 dici
1300 3432 1391 3509 puto,

238 3552 298 3595 nec
327 3530 376 3593 ad
406 3527 728 3611 supplementum
752 3530 892 3611 optimi
917 3532 1078 3611 generis
1100 3531 1294 3611 militum;
1327 3532 1391 3597 hoc

238 3638 324 3702 enim
354 3638 417 3701 erit
446 3634 493 3699 ad
524 3634 796 3717 supplendum
824 3637 1014 3719 optimum
1043 3659 1170 3721 genus
1198 3638 1391 3715 rnilitum,

237 3753 274 3809 ut
296 3765 362 3808 000
384 3744 459 3827 ipsa
479 3740 550 3805 haec
573 3742 722 3807 inventus
745 3742 915 3821 landetur,
944 3744 1002 3809 scd
1030 3744 1170 3809 militum
1193 3744 1257 3810 illae
1279 3747 1392 3828 copiae,

238 3874 311 3937 quae
338 3851 413 3915 inde
444 3849 668 3932 suppleantur.
709 3848 862 3913 Latinum
886 3858 920 3915 et
941 3860 1069 3916 rectum
1093 3859 1177 3916 erat:
1202 3852 1391 3918 Iuventu-

153 3962 223 4027 (405)
242 3964 530 4042 tempraeterea
544 3956 773 4021 010110110οι
787 3960 1259 4044 earumsupplementum
1273 3960 1392 4042 longe

268 4190 291 4241 'l
311 4187 403 4257 [1863;
422 4203 486 4241 nem
505 4195 589 4240 autea
607 4188 690 4240 eliam
710 4189 900 4243 coniecturam
919 4190 1142 4259 proposueram]
