3060 5272
237 330 300 385 Lib.
319 327 445 384 xxxvl.
785 316 847 377 518

238 502 368 567 futurus
392 510 492 579 esset,
515 502 625 583 gratia
646 508 705 566 aut
727 498 827 564 lavor.
873 498 998 583 Opinor
1018 500 1121 581 igitur
1144 498 1274 564 Livium
1298 500 1408 585 scrip-

240 609 338 675 sisse:
373 608 444 674 His
475 610 534 673 ita
562 610 602 673 in
630 615 778 673 senatu
807 608 901 669 haud
930 606 1055 684 adid,
1084 628 1169 690 quac
1193 607 1311 671 cuius
1338 606 1407 687 (vel

238 716 349 800 potius
373 718 586 801 cuiusque,
610 724 646 781 nt
666 716 844 799 Rupertius
869 713 1015 797 scripsit)
1039 714 1257 797 provincia
1279 712 1406 793 foret,

239 824 422 890 decretis
457 823 556 906 (ohne
585 822 767 888 Rucksicht
802 821 936 899 claraus,
969 821 1090 887 welche
1118 820 1257 887 Provinz
1286 822 1406 905 jedem

238 931 297 996 der
316 930 462 995 Consulu
480 931 621 996 zufalleu
638 930 773 1010 wtirde).
807 930 890 994 Nam
908 930 1088 994 violentum
1105 936 1170 993 est:
1193 929 1232 993 in
1251 936 1406 995 senatu

238 1038 287 1103 ab
316 1039 499 1121 ignaris,
516 1059 598 1123 quae
627 1040 824 1120 cuiusque
848 1045 909 1101 cet.
963 1035 1068 1113 Quam
1091 1035 1187 1101 facile
1210 1036 1318 1101 band
1343 1036 1405 1103 illc

237 1144 310 1210 loco
335 1146 486 1211 excidero
510 1147 664 1230 potuerit,
689 1153 837 1230 apparet.

325 1253 403 1337 Cap.
427 1262 462 1333 4,
495 1260 526 1317 l:
562 1254 642 1319 Sub
681 1254 784 1317 idem
814 1260 972 1335 tempus
1000 1253 1131 1334 legati
1159 1250 1206 1315 ab
1237 1250 1402 1317 duobus

238 1360 419 1444 regibus,
443 1361 635 1445 Philippo
658 1360 908 1425 Macedonia
933 1366 971 1424 ct
995 1359 1209 1424 Ptolemaeo
1232 1358 1402 1443 AEgypti

237 1492 340 1552 rege,
364 1470 525 1535 Romam
549 1475 758 1546 venerunt,
787 1467 1035 1551 pollicentes
1057 1466 1105 1531 ad
1129 1465 1282 1530 bellum
1305 1486 1403 1531 anx·

238 1577 364 1640 iliact
388 1577 602 1659 pecuniam
627 1583 664 1640 ct
687 1576 947 1653 frumentum,
972 1575 1018 1638 ab
1038 1573 1253 1639 Ptolemaeo
1275 1574 1404 1639 etiam

237 1683 350 1747 mille
374 1684 507 1765 pondo
532 1684 630 1760 auri,
654 1684 802 1765 viginti
826 1682 956 1746 millia
979 1681 1112 1764 pondo
1136 1682 1302 1763 argenti
1328 1680 1403 1747 ad·

238 1790 334 1855 lata.
391 1791 469 1854 llaec
505 1812 569 1855 uon
597 1792 645 1855 ita
675 1812 695 1855 a
721 1791 813 1854 Liuio
844 1790 968 1873 scripta
998 1810 1084 1865 esse,
1117 1787 1267 1852 nonnihil
1297 1790 1403 1853 etiam

238 1899 399 1963 orationis
429 1898 535 1963 forma
562 1898 687 1979 arguit,
721 1899 753 1961 in
788 1899 930 1980 repet-ito
965 1905 1040 1979 post
1069 1894 1235 1978 regibus
1264 1895 1403 1961 nomine

237 2026 332 2088 roge
355 2005 486 2085 vitiosa,
522 2005 579 2070 sed
609 2006 713 2070 multo
743 2006 846 2086 magis
871 2004 1014 2081 codices,
1049 2002 1210 2084 aquibus
1234 2002 1403 2079 omnibns,

238 2121 378 2196 excepto
402 2135 467 2179 uno
491 2111 787 2197 interpolatissimo
812 2112 901 2195 apud
925 2110 1123 2187 Creverium,
1152 2110 1248 2174 abest
1270 2110 1403 2177 Mace·

239 2222 369 2287 doniae
391 2221 425 2303 (a
448 2221 475 2285 B
499 2222 599 2286 etiarn
623 2228 670 2299 ct,
694 2230 731 2285 ut
754 2220 933 2284 scribatur:
963 2218 1153 2301 Philippo
1177 2216 1402 2284 Ptolemaeo

238 2328 404 2412 AEgypti
426 2329 544 2411 rege).
600 2329 716 2410 Itaque
741 2328 938 2404 Gronovius,
973 2346 1074 2408 qumn
1104 2333 1161 2389 aut
1190 2326 1223 2388 in
1251 2331 1401 2409 utroque

238 2442 297 2501 aut
320 2436 353 2501 in
376 2444 493 2501 neutro
518 2436 608 2516 regui
632 2456 752 2499 nornen
776 2434 963 2498 addendum
986 2441 1090 2505 esset,
1126 2431 1225 2496 scribi
1246 2430 1401 2497 solebat:

238 2578 282 2587 —
310 2541 491 2624 regibus.
523 2541 721 2624 Philippo
752 2550 790 2605 et
820 2540 1056 2619 Ptolemaeo,
1087 2541 1248 2604 Romam
1276 2560 1402 2605 rene·

238 2656 342 2712 runt.
385 2647 448 2713 Sed
472 2650 505 2712 in
529 2648 642 2713 codice
666 2649 762 2730 louge
785 2650 921 2730 opt-imo,
945 2648 987 2725 bl,
1012 2656 1171 2731 praeterea
1195 2665 1254 2729 pro
1277 2645 1401 2729 polli-

239 2762 380 2819 centes
416 2754 572 2819 scribitur
598 2754 792 2837 Philippo
828 2755 1067 2838 pollicente,
1102 2776 1168 2836 quo
1197 2754 1270 2817 loco
1300 2774 1401 2819 nemo

238 2868 297 2925 aut
325 2862 411 2926 inter
441 2870 636 2926 venerunt
666 2871 699 2927 et
727 2862 978 2945 pollicentes
1006 2862 1180 2926 additurus
1204 2859 1400 2943 Philippo

239 2975 312 3033 erat
335 2968 375 3033 dc
399 2990 458 3033 suo
483 2976 541 3033 aut
565 2969 816 3053 pollicentes
840 2976 1036 3034 mutaturus.
1089 2969 1246 3052 Apparet,
1269 2968 1401 3049 opinor,

238 3083 311 3154 aut,
353 3076 482 3142 adscita
520 3077 677 3142 Grouorii
719 3079 923 3149 coniectura,
970 3077 1017 3141 sic
1057 3075 1266 3141 scribendum
1306 3094 1397 3139 esse:

153 3185 375 3267 (417tlcgati
404 3185 450 3250 ab
483 3184 642 3250 duobus
671 3184 852 3266 regibus,
886 3184 1080 3266 Philippo
1104 3192 1141 3248 et
1164 3181 1399 3259 Ptolemaeo,

238 3292 398 3358 Romam
427 3299 645 3371 veneruut3
680 3291 873 3374 Philippo
903 3289 1129 3373 pollicente.
1159 3292 1232 3373 (per
1254 3288 1399 3369 legatos)

238 3398 286 3463 ad
315 3399 469 3465 bellum
497 3400 653 3464 auxilia
683 3407 721 3464 et
752 3399 970 3481 pecuniam
993 3406 1033 3462 et
1056 3398 1313 3471 frumentum,
1347 3396 1399 3461 ab

237 3505 458 3572 Ptolemaeo
490 3508 613 3572 etiam
643 3505 876 3590 (praeterquam
905 3506 992 3588 quod
1021 3506 1136 3571 eadem
1164 3502 1399 3587 pollicebatur)

237 3613 352 3679 mille
382 3614 515 3697 pondo
546 3615 638 3678 auri
659 3648 703 3659 —
725 3612 884 3691 adlata,
913 3619 970 3678 aut
999 3614 1108 3696 potius
1132 3608 1401 3693 intellegendum,

237 3742 339 3804 quum
368 3722 416 3785 ita
438 3720 551 3783 Livius
581 3721 785 3802 scripsisset,
821 3728 856 3784 nt
884 3720 1016 3784 nomina
1045 3740 1158 3801 regum
1187 3741 1252 3783 uon
1283 3717 1401 3783 statim

237 3828 417 3894 coniuncta-
451 3835 602 3910 poneret,
637 3828 696 3893 scd
732 3829 912 3910 separatim
947 3826 1138 3891 subiiceret:
1180 3825 1311 3907 legati
1350 3824 1401 3889 ab

237 3934 400 3999 duobus
429 3936 596 4016 regibus
619 3935 782 3999 Romam
804 3943 1018 4014 s·encrunt;
1054 3935 1246 4017 Philippo
1272 3928 1401 4014 polli-

237 4050 357 4107 cente
388 4042 439 4106 ad
467 4042 620 4106 bellum
649 4062 678 4105 a.
703 4063 729 4106 e.
753 4064 784 4125 p.
809 4066 835 4107 e.
860 4043 921 4117 fr,
950 4042 997 4105 ab
1026 4041 1244 4107 Ptolemaeo
1274 4039 1401 4103 etiam

240 4158 317 4227 cet,
345 4184 387 4193 —
413 4172 513 4234 quum
538 4151 595 4219 sic.
619 4151 768 4233 inquam,
805 4150 914 4216 Livius
939 4151 1139 4232 scripsisset,
1168 4148 1276 4213 aliena
1300 4167 1402 4212 manu
