3060 5272
262 343 325 401 nte.
342 342 426 399 xnv.
587 314 591 321 ’
803 329 866 391 ros

263 538 333 603 per
361 516 625 584 centuriones
653 514 813 594 divisit,
847 516 964 599 scripsi
998 531 1177 598 noveque
1206 514 1275 606 iis3
1307 515 1408 580 viris

263 625 482 710 geminatione
515 623 701 689 litterarum
729 644 776 688 ue
809 629 918 690 ortum
945 624 1072 707 puto.¹)
1115 623 1200 689 Nam
1222 623 1311 708 quod
1332 624 1409 689 Nie-

260 734 398 802 buhrius
420 734 508 799 viros
530 753 590 816 pro
613 731 779 817 peditibus
796 733 903 798 dictos
920 738 1024 817 putat,
1047 732 1163 798 subiici
1182 733 1269 798 enim
1292 755 1310 798 e
1332 754 1408 799 con·

261 845 363 911 trario
387 843 810 928 equitatumquoque,
833 840 987 907 dicuntur
1009 842 1056 908 sic
1078 842 1278 908 coniunctim
1301 843 1408 925 equi·

261 959 324 1018 tes
356 952 517 1036 virique
551 949 657 1034 (equi
690 949 870 1032 virique),
904 950 982 1015 viri
1010 949 1144 1034 quidem
1171 971 1230 1035 per
1258 973 1307 1032 se,
1332 951 1409 1017 sub·

263 1061 477 1144 sequentuin
499 1057 605 1126 altero
629 1058 758 1124 demum
780 1059 940 1125 orationis
968 1059 1114 1124 membro
1143 1060 1291 1142 equitum
1318 1081 1409 1126 men·

260 1171 360 1250 tione,
383 1189 559 1252 nusquam,
583 1166 752 1252 multoque
774 1169 889 1247 minus,
911 1169 1115 1251 precedente
1143 1167 1221 1234 hoo:
1254 1168 1408 1249 referre

260 1285 402 1344 uetera
424 1298 533 1343 erma
561 1277 716 1343 milites
743 1277 882 1356 iussit,
912 1281 1001 1342 recte
1023 1297 1205 1361 novaque
1227 1278 1329 1343 viris
1350 1277 1409 1344 illa

262 1385 501 1468 signiticatione
542 1384 724 1452 subiicitur.
775 1384 893 1451 Statim
933 1390 1022 1469 post,
1062 1385 1120 1451 ubi
1160 1391 1225 1451 est:
1265 1385 1408 1452 fabros

263 1515 359 1560 cura
391 1495 667 1577 conquisitos,
702 1516 768 1561 non
796 1493 926 1574 dubito,
956 1495 1035 1577 quin
1065 1492 1175 1559 Livius
1205 1515 1289 1559 cum
1311 1515 1410 1560 cure

260 1604 443 1687 scripserit,
467 1608 505 1668 ut
527 1601 629 1683 XXII,
652 1608 703 1683 42,
728 1608 756 1684 5,
779 1601 898 1684 XXIII,
922 1606 971 1682 31,
996 1606 1087 1667 leet
1110 1605 1160 1683 33,
1183 1606 1212 1681 8,
1234 1602 1334 1684 XXV,
1358 1607 1408 1684 22,

261 1716 289 1794 2,
312 1710 443 1791 XXVII,
478 1715 528 1792 24,
559 1716 589 1791 8,
622 1710 751 1791 XXXV,
782 1714 812 1791 9,
835 1716 865 1791 4,
899 1709 1076 1791 XXXVIII,
1107 1714 1198 1791 18,7
1227 1715 1334 1791 et23,
1359 1715 1407 1790 10,

261 1819 410 1899 XXXIX,
435 1824 464 1899 7,
488 1824 523 1900 53
546 1841 641 1886 curs
662 1819 769 1886 solum
790 1821 846 1905 qui
869 1819 909 1885 de
926 1820 1022 1885 modo
1038 1821 1088 1886 rei
1110 1821 1244 1904 agenda
1255 1821 1409 1905 posuerit,

260 1929 423 1995 adiectivo
442 1950 507 1995 non
526 1927 650 2009 addito,
669 1949 736 1994 uon
752 1929 897 2013 reperio;
919 1928 1016 1993 aliter
1033 1926 1150 2008 XXVI,
1166 1934 1217 2008 45,
1236 1933 1255 1992 9
1274 1928 1408 1994 dicitur:

260 2059 358 2104 cura
385 2038 622 2103 secretione
651 2042 900 2121 compertum
921 2037 960 2101 in
985 2036 1217 2121 prodigium
1238 2057 1282 2103 ao
1311 2036 1409 2102 deos

258 2146 467 2227 vertens.²)

346 2255 384 2322 In
412 2255 527 2339 fragm.
559 2254 616 2320 lib.
641 2253 728 2320 CXX
757 2256 844 2339 apud
873 2254 1029 2321 Senecam
1063 2253 1228 2320 rhetorem
1250 2252 1343 2319 Sues.
1365 2251 1410 2316 VI

264 2370 393 2430 serrato
416 2370 449 2429 et
471 2384 492 2428 a
515 2364 634 2429 ceteris
657 2370 690 2429 et
721 2364 923 2429 aBursIano
953 2363 1022 2428 sine
1051 2361 1121 2428 nlla
1150 2364 1308 2429 varietate
1331 2361 1409 2426 scri-

262 2473 366 2538 bitur:
407 2472 564 2555 magnis
602 2473 766 2537 interim
809 2474 917 2537 ictus
955 2471 1212 2551 vulneribus,
1246 2469 1409 2548 exsilio,

263 2581 381 2646 ruina
408 2581 599 2663 partium,
631 2602 703 2664 pro
733 2579 880 2662 quibus
909 2586 1099 2658 steterat,
1133 2577 1236 2644 filie
1263 2586 1410 2658 morte,

264 2690 378 2754 exitu
406 2696 487 2754 tam
513 2688 634 2753 tristi
662 2694 786 2770 etque
815 2687 971 2754 acerbo.
1016 2686 1061 2753 Et
1082 2693 1192 2753 temen
1215 2686 1295 2771 quid
1316 2708 1411 2772 aper·

263 2799 346 2877 tius,
369 2818 469 2880 quam
490 2817 556 2862 non
578 2818 675 2880 posse
688 2802 756 2887 ¹aut
777 2818 918 2880 usquam
940 2804 999 2863 aut
1022 2797 1057 2861 in
1079 2794 1142 2862 hac
1167 2796 1411 2862 enumeratione

265 2906 402 2972 eendem
424 2926 493 2972 rem
514 2905 567 2970 bis
590 2904 637 2971 sic
660 2904 850 2988 significari,
882 2912 920 2972 ut
947 2906 1087 2991 primum
1109 2904 1211 2971 filiae
1234 2926 1340 2970 mors
1363 2902 1410 2968 di·

264 3023 373 3096 cetur,
397 3015 522 3114 deinde.
536 3014 780 3098 superaddatur
804 3016 991 3081 distinctius
1015 3016 1149 3080 exitus
1172 3021 1251 3081 tam
1273 3012 1411 3078 tristis

265 3132 387 3211 atque
421 3123 621 3190 acerbus?
664 3123 754 3188 Fssiae
788 3125 873 3190 enim
907 3124 1013 3190 exitus
1047 3130 1161 3206 aperte
1195 3122 1411 3206 signIficatur;

266 3233 433 3300 Ciceronis
455 3233 559 3318 ipsius
581 3253 688 3317 neque
717 3232 855 3299 acerbus
887 3231 1047 3315 (Romano
1070 3231 1166 3297 vocis
1195 3252 1274 3312 usu,
1295 3231 1330 3297 id
1352 3236 1412 3311 est,

266 3345 497 3429 premeturus)
518 3342 581 3407 fuit
602 3362 709 3425 neque
732 3342 820 3407 inter
842 3361 883 3406 ea
904 3342 1000 3420 mala,
1023 3361 1095 3423 quae
1116 3341 1207 3405 vivus
1229 3361 1345 3424 parum
1366 3339 1413 3404 vi·

264 3452 370 3518 riliter
391 3450 477 3530 tulit,
500 3451 665 3515 numerari
687 3456 829 3533 poterat.
874 3449 990 3535 Itaque
1013 3456 1158 3535 apparet,
1181 3471 1281 3533 quum
1303 3449 1414 3515 Liuius

266 3560 453 3645 scripsisset
485 3557 585 3623 filie
613 3559 727 3624 exitu
754 3564 835 3624 tam
868 3559 986 3624 tristi
1013 3563 1138 3643 atque
1162 3558 1327 3640 acerbo,
1356 3557 1414 3624 ed·

268 3670 427 3754 scriptum
455 3688 527 3732 esse
555 3673 698 3745 morte,
728 3668 826 3752 idque
848 3667 934 3733 male
956 3667 990 3731 in
1012 3672 1201 3733 contextum
1222 3663 1413 3752 receptum]

352 3776 493 3842 Tantum
516 3784 602 3857 erat,
630 3776 719 3858 quod
745 3781 822 3861 post
851 3775 934 3842 alios
955 3774 1038 3840 Livii
1059 3774 1153 3842 libris
1176 3775 1414 3842 emendationis

273 3886 487 3969 impertirem.

293 4071 319 4136 ¹)
337 4067 509 4140 [Krneqerus
527 4073 633 4143 pertis
656 4073 700 4127 vel
722 4071 823 4141 piriis
841 4073 871 4128 in
890 4073 951 4128 cod.
970 4089 1031 4127 esse
1054 4071 1157 4140 tredit;
1185 4075 1281 4141 potest
1303 4087 1364 4143 per
1381 4090 1416 4128 ex

338 4159 468 4226 sequenti
486 4175 546 4228 per
563 4162 658 4212 ortum
677 4155 755 4225 esse]

294 4243 321 4308 ¹)
340 4239 524 4312 [Xruegerusr
551 4244 635 4313 ,Post
652 4243 771 4298 fabros
789 4244 891 4300 lItterae
911 4244 927 4296 ὓ
945 4245 1095 4315 retugium
1117 4243 1228 4298 uidetur
1250 4245 1349 4300 edem
1365 4262 1415 4317 po·

339 4332 451 4397 testque
469 4329 554 4384 inisse
572 4327 667 4399 ΟΨ]
