3060 5272
238 378 301 435 Lib.
319 376 444 432 XXXIV.
785 364 846 425 502

325 548 401 632 Gap.
423 553 472 626 31,
498 553 535 612 ln
559 548 605 629 (in
630 551 778 614 oratione
795 548 935 614 Nabidis
958 549 1089 632 tyranni
1112 548 1200 632 apud
1218 548 1254 613 T.
1273 548 1399 627 Quinc·

238 656 348 738 tium):
390 656 582 721 Pluribus
623 658 800 753 meipse
834 657 968 739 egisse
1002 676 1117 736 quam
1151 677 1221 739 pro
1255 656 1397 740 patrio

239 785 418 831 sermone
448 764 678 829 brevitatis
707 764 851 828 fateor.
905 762 958 827 Sic
980 762 1007 826 B
1032 762 1109 843 (nisi
1133 762 1221 845 quod
1244 763 1337 845 met)
1362 769 1399 829 et

237 894 354 938 norem
382 871 705 949 Drakenborchiani‚
738 871 904 936 mendose.
961 870 1055 948 Quod
1090 871 1186 952 vulgo
1215 870 1396 937 edebatur:

238 1004 309 1065 pro
338 981 484 1064 patriae
508 1000 689 1043 sermone
713 978 958 1043 brevitatis
993 978 1171 1042 absurdum
1194 984 1283 1056 erat3
1317 1000 1399 1043 nam

238 1088 398 1155 sermonis
427 1087 570 1151 brevitas
599 1093 648 1150 est
677 1086 796 1169 abque,
825 1106 932 1151 sermo
961 1085 1131 1150 brevitatis
1158 1085 1276 1150 nullus.
1329 1084 1398 1151 Sed

238 1196 326 1282 quod
375 1195 583 1278 Kreyssigius
632 1202 665 1257 et
715 1193 1002 1259 Weissenbornius
1051 1194 1269 1275 scripserunt:
1320 1214 1396 1276 pro

238 1304 375 1388 patrio
410 1322 606 1377 sermone,
643 1302 764 1366 omisso
798 1301 1037 1378 brevitatis,
1072 1301 1213 1382 primum
1246 1321 1311 1364 non
1345 1301 1396 1364 in·

237 1410 418 1492 tellegitur‚
458 1409 544 1474 unde
577 1408 641 1474 hoc
675 1410 827 1491 cuiquam
862 1410 894 1472 in
928 1414 1071 1472 mentem
1103 1408 1230 1472 venerit
1262 1406 1397 1488 addere,

238 1518 387 1601 genetivo
429 1518 610 1600 praesertim
653 1536 744 1594 casu3
784 1515 901 1580 deiude
941 1514 1023 1578 nihil
1057 1523 1128 1579 erat
1160 1516 1193 1579 in
1226 1516 1299 1598 ipso
1334 1536 1398 1599 per

239 1647 273 1690 se
302 1625 421 1690 Dorico
452 1632 484 1689 et
512 1624 674 1688 Laconico
705 1644 869 1700 sermone,
904 1643 962 1686 cur
993 1644 1056 1687 uon
1085 1624 1216 1705 copiose
1245 1621 1397 1689 homines

237 1732 459 1814 loquerentur.
501 1730 652 1795 Proxime
676 1730 853 1795 adrerum
877 1732 1015 1794 accessit
1035 1729 1191 1808 Ro'e‘llius,
1214 1732 1268 1812 qui
1293 1730 1397 1797 scribi

238 1838 357 1904 voluit:
392 1860 462 1921 pro
492 1839 618 1921 patrii
647 1839 846 1902 sermonis
875 1838 1098 1917 brevitate3
1132 1859 1241 1902 verum
1268 1860 1309 1902 ne
1333 1837 1398 1905 hoc

239 1946 371 2031 quidem
394 1952 483 2010 recte
507 1944 636 2010 dicitur.
661 1946 734 2010 sed:
775 1967 844 2027 pro
873 1946 1008 2029 patria
1038 1946 1234 2010 sermonis
1261 1944 1398 2010 brevi·

237 2050 338 2118 late.
384 2053 532 2117 Patrium
556 2060 627 2116 erat
650 2052 908 2117 Lacedaemoniis
932 2053 1022 2116 brevi
1046 2073 1193 2117 sermone
1215 2052 1311 2133 uti.¹)

324 2158 402 2243 Cap.
424 2163 474 2239 32,
492 2165 510 2224 3
531 2160 578 2241 (in
602 2162 751 2226 oratione
770 2161 805 2224 T.
827 2160 973 2237 Quinctii
990 2159 1111 2223 Nabidi
1134 2158 1397 2243 respondentis):

237 2268 332 2333 Nam
361 2267 457 2352 quid
485 2269 612 2332 minus
636 2268 878 2332 conveniret
901 2288 1017 2348 quam
1041 2288 1123 2345 eos,
1158 2268 1225 2350 qui
1248 2288 1320 2349 pro
1343 2267 1398 2332 li-

154 2376 406 2463 (403)bertate
447 2375 611 2440 Graeciae
651 2375 848 2439 adversus
888 2373 1121 2456 Philippum
1159 2395 1397 2456 gereremus

237 2482 407 2562 bellum,
438 2503 522 2546 cum
547 2490 719 2565 tyranno
743 2482 969 2545 instituere
998 2482 1238 2561 amicitiam,
1268 2489 1305 2545 et
1334 2491 1397 2567 ty-

237 2610 363 2656 ranno
382 2610 512 2672 quam‚
530 2590 598 2673 qui
616 2610 799 2672 umquam
817 2588 913 2663 fuit,
938 2590 1158 2653 saevissimo
1175 2590 1273 2653 —in
1292 2610 1395 2655 suos.

238 2696 292 2762 Sic
317 2695 366 2760 ed.
390 2696 475 2777 Meg.
500 2704 532 2760 et
555 2696 592 2769 B,
621 2697 721 2780 idque
744 2695 1030 2761 Weissenbornius
1054 2697 1233 2775 revocavit3
1268 2696 1396 2761 Grono-

238 2804 310 2867 vius
334 2805 500 2887 ceterique
523 2810 707 2883 tenuerant,
742 2803 829 2886 quod
853 2806 887 2868 in
909 2803 1100 2885 vulgaribus
1124 2803 1291 2869 codicibus
1314 2808 1396 2869 scri·

237 2910 328 2975 bitur
346 2915 379 2974 et
397 2911 431 2974 in
450 2910 647 2976 editionibus
666 2920 742 2976 ante
759 2912 999 2993 hloguntinam:
1024 2919 1063 2975 et
1085 2919 1255 2992 tyranno
1277 2931 1394 2993 quam

237 3019 309 3102 qui
330 3038 515 3100 umquam
540 3020 780 3098 saevissimo,
805 3020 926 3083 omisso
950 3016 1037 3082 fuit.
1088 3017 1152 3083 Sed
1175 3018 1288 3083 addito
1311 3039 1395 3100 quo-

237 3146 301 3209 que
330 3125 429 3191 verbo
459 3127 566 3191 oratio
590 3126 766 3191 manifesto
790 3128 908 3192 vitiosa
932 3133 991 3190 est.
1042 3126 1125 3190 Nam
1148 3127 1291 3208 positum
1315 3126 1394 3191 sim·

306 3451 442 3503 quoqne
459 3434 629 3489 traditum
645 3435 808 3490 Romanis
827 3436 964 3489 audivit
983 3453 1057 3490 esse
1072 3436 1179 3495 sithoc
1194 3435 1278 3500 vulgo
1293 3434 1393 3499 abest),

306 3535 407 3587 quum
426 3519 466 3572 ab
485 3524 590 3583 terra,
609 3522 768 3576 omnibus
787 3521 880 3574 ciros
894 3521 1071 3585 hostibus,
1091 3521 1180 3575 nihil
1195 3522 1267 3590 spei
1283 3525 1393 3588 esset,

306 3621 321 3657 a
344 3605 428 3657 mari
452 3621 587 3672 quoque
609 3611 687 3659 toto
712 3623 746 3660 se
768 3606 1013 3673 interclusum,
1037 3605 1223 3675 cedendum
1242 3606 1393 3661 fortuna

305 3697 402 3741 ratus
421 3694 474 3743 eet.
514 3688 591 3743 Nihil
617 3692 732 3745 omnino
756 3689 820 3743 duri
837 3690 923 3745 habet
944 3691 1100 3745 omnibus
1119 3691 1214 3745 cirea
1231 3690 1393 3746 hostibus

304 3790 367 3842 pro:
395 3774 487 3842 quod
511 3790 627 3829 omnes
645 3776 737 3829 cirea
755 3776 871 3829 hostes
892 3781 1003 3840 erant;
1030 3776 1078 3827 vix
1096 3775 1194 3829 credas
1213 3776 1344 3844 cuiquam
1363 3775 1393 3830 in

304 3864 427 3912 mentem
445 3860 569 3925 venisse,
598 3861 640 3914 sic
658 3861 713 3914 hoe
733 3860 822 3929 accipi
839 3876 936 3928 posse:
965 3877 1067 3927 quum
1090 3860 1204 3914 omnia
1228 3860 1391 3915 hostibus

305 3948 429 3997 essent.
467 3942 592 4012 [Rectius
610 3950 706 3998 tamem
724 3944 844 3999 fortasse
863 3943 1021 3998 Gronovius
1038 3942 1249 4013 hostilibus]

264 4025 288 4093 ¹)
308 4024 427 4094 [Eodem
446 4046 505 4098 cap.
524 4027 540 4099 ἕ
559 4032 576 4083 5
593 4030 624 4084 in
641 4029 698 4082 his:
726 4046 799 4084 eum
824 4045 896 4083 esse
919 4046 1020 4098 spero
1042 4031 1203 4084 necessario
1229 4028 1391 4084 addendum

305 4118 347 4166 est
366 4130 428 4175 me,
455 4120 484 4167 ut
510 4120 559 4166 aut
581 4130 643 4168 eum
663 4112 795 4183 Siesbyeo
819 4115 958 4169 scribatur
981 4131 1054 4168 eum
1079 4131 1128 4168 me
1152 4131 1228 4168 esse
1247 4120 1294 4168 aut
1313 4112 1394 4183 (qno-

304 4197 379 4250 niam
399 4198 429 4253 in
447 4198 477 4252 Μ
495 4206 537 4252 est-
556 4199 815 4267 respexissem:
833 4216 883 4253 me
902 4216 973 4254 eum
992 4216 1073 4254 esse.
1111 4197 1196 4267 laos]
