3060 5272
220 390 282 444 Lib.
300 388 386 442 XXX.
766 376 829 436 428

222 562 408 645 scripsisse:
448 559 625 625 lacerati
664 559 826 624 tandem
866 579 1000 624 omnes
1039 565 1199 643 pontes.
1266 558 1377 625 Medio

222 672 330 754 capite
359 668 390 752 (ξ
416 666 468 749 15)
497 687 632 752 pravam
654 667 867 750 scripturam:
897 665 1044 731 deinde
1074 673 1113 731 et
1141 687 1377 750 propugna-

220 778 384 843 toribus
424 795 583 860 quoque
617 774 903 839 Weissenbornius
942 775 1084 858 primum
1117 775 1208 839 inani
1242 775 1378 841 distino-

220 887 309 951 tione
342 885 428 950 tueri
462 888 615 961 conatur,
655 883 751 966 quasi
789 883 857 946 alia
896 884 940 947 sit
973 882 1213 947 contrariorum
1246 883 1378 964 relatio,

220 1014 320 1076 qnam
348 1013 421 1075 quae
445 992 483 1055 -in
512 1012 576 1055 uno
599 996 883 1074 propugnatorum
905 991 1035 1055 nomine
1059 996 1191 1055 notetur
1213 991 1378 1075 particula

134 1119 205 1190 (849)
225 1122 397 1185 quoque,
432 1098 549 1163 deinde
578 1098 727 1182 exemplo
751 1099 968 1162 incertissimo
992 1098 1042 1162 vel
1063 1098 1174 1182 potius
1197 1100 1379 1165 certissime

222 1215 396 1292 corrupto,
425 1207 483 1271 lib.
508 1206 595 1285 XLI,
625 1211 680 1285 24,
712 1211 760 1270 16.
816 1206 888 1270 Hoc
915 1205 988 1270 loco
1018 1211 1057 1269 et
1079 1228 1119 1270 ex
1140 1206 1378 1289 praecedentia

135 1319 140 1329 '
222 1324 330 1382 ortum
364 1312 460 1395 est.¹)
517 1312 548 1396 [ἓ
580 1318 619 1376 18
649 1313 757 1378 editur
786 1313 960 1392 (rideres
989 1312 1045 1394 —)
1079 1315 1223 1378 seriem
1256 1314 1377 1379 aliam

221 1425 340 1490 simul
378 1423 558 1508 plurium
598 1421 758 1485 navium
797 1420 918 1485 trahi.
981 1419 1095 1502 Neque
1132 1421 1270 1501 aliam,
1312 1444 1377 1506 quo

220 1532 399 1608 referatur,
440 1529 541 1594 habet
581 1536 616 1594 et
654 1529 836 1612 asyndeton
876 1529 1104 1612 pravissimum
1139 1534 1203 1593 est:
1243 1530 1378 1595 scindi

221 1639 393 1716 vincula,
417 1639 567 1701 seriem
589 1637 709 1701 aliam
733 1636 855 1700 trahi.
895 1636 997 1701 Recte
1021 1635 1208 1717 Ussingius:
1232 1639 1378 1703 seriem

221 1748 345 1812 etiam
367 1744 486 1810 simul
509 1744 683 1828 plurium
706 1744 866 1808 navium
889 1743 1011 1807 trahi.
1064 1741 1080 1824 ξ
1104 1747 1145 1806 20
1168 1744 1379 1810 vehementer

221 1855 428 1919 desideratur
458 1851 591 1916 verbum
620 1857 696 1934 post
718 1851 869 1916 laetitia
892 1850 1144 1934 videndumque,
1168 1873 1209 1916 ne
1233 1853 1377 1918 scriben-

222 1962 299 2025 dum
323 1962 380 2025 sit:
404 1960 557 2023 laetitia
579 1959 666 2036 suit,
690 1965 729 2023 et
752 1958 826 2043 (pro
851 1958 932 2040 sed)
958 1980 1002 2023 eo
1026 1961 1152 2023 maior
1174 1995 1225 2023 —.
1269 1960 1376 2044 lasa]

307 2067 386 2152 Cap.
409 2071 457 2145 12,
483 2071 496 2129 1
523 2089 592 2151 sqq.
612 2067 712 2149 paulo
737 2067 834 2150 plura
857 2067 1077 2131 describenda
1099 2073 1182 2144 sunt,
1206 2075 1243 2131 ut
1260 2069 1377 2134 vitium

221 2184 399 2262 appareat:
434 2175 494 2239 Ibi
518 2174 693 2257 Syphax,
724 2175 813 2239 dum
841 2174 1057 2256 obequitat
1085 2173 1264 2239 hostium
1292 2183 1378 2240 tur·

220 2286 292 2351 mis
314 2319 370 2362 —,
400 2304 501 2367 equo
531 2283 714 2365 graviter
741 2282 824 2347 icto
853 2281 1010 2347 effusus
1039 2283 1289 2366 opprimitur
1311 2304 1379 2348 ca-

220 2394 412 2477 piturque
448 2396 486 2454 et
519 2391 645 2468 vivus,
678 2389 811 2454 laetum
845 2397 939 2454 ante
973 2411 1110 2454 omnes
1145 2389 1376 2456 Masinissa

220 2499 472 2583 praebiturus
502 2497 798 2581 spectaculum,
832 2498 880 2563 ad
910 2497 1074 2562 Laelium
1102 2498 1374 2581 pertrahitur.

220 2605 336 2671 Cirta
364 2610 487 2688 caput
509 2607 625 2687 regni
649 2604 847 2688 Syphacis
871 2612 975 2684 erat,
1005 2626 1131 2686 eoque
1162 2627 1203 2671 se
1232 2607 1375 2689 ingens

218 2713 422 2779 hominum
444 2711 627 2777 contulit
650 2714 721 2778 vis.
773 2711 910 2778 Caedes
933 2715 971 2777 in
996 2735 1040 2777 eo
1064 2714 1223 2797 proelio
1247 2715 1376 2779 minor

219 2843 335 2904 quam
375 2820 552 2885 victoria
592 2820 683 2899 luit,
731 2822 824 2902 qnia
869 2822 1052 2902 equestri
1098 2820 1375 2888 tantummodo

219 2928 379 3014 proelio
403 2936 602 2993 certatum
625 2927 769 2993 iuerat.
817 2928 902 2993 Non
926 2928 1015 3012 plus
1033 2929 1061 2992 V
1079 2929 1209 2994 millia
1232 2929 1375 3008 occisa,

219 3037 349 3101 minus
373 3036 581 3100 dimidium
605 3038 691 3101 eius
714 3036 918 3101 hominum
942 3043 1104 3119 captum
1128 3042 1199 3114 est,
1223 3036 1376 3118 impetu

219 3145 259 3208 in
288 3152 427 3209 castra
449 3144 579 3223 lacto,
615 3165 689 3226 quo
718 3143 910 3227 perculsa
938 3165 1031 3226 rege
1055 3146 1204 3209 amisso
1232 3143 1375 3208 multi-

219 3252 317 3316 tudo
358 3274 398 3317 se
439 3252 682 3316 contulerat.
745 3252 966 3316 Masinissa
1005 3252 1086 3316 sibi
1120 3251 1282 3333 quidem
1315 3251 1375 3315 di-

219 3380 308 3424 cere
339 3366 401 3424 cet.
458 3359 628 3440 (Sequitur
664 3360 836 3424 consilium
865 3359 964 3424 Laelio
993 3380 1013 3423 a
1041 3360 1218 3423 Masinissa
1249 3359 1373 3439 datum,

218 3473 255 3532 ut
283 3488 317 3531 se
346 3489 421 3532 cum
452 3465 599 3549 Syphace
628 3464 753 3531 Cirtam
788 3468 983 3550 praemittat,
1018 3466 1136 3531 deinde
1170 3465 1299 3551 reliqua
1333 3466 1375 3531 ds

220 3581 319 3657 capta
352 3574 433 3638 urbe
467 3580 500 3637 et
533 3573 648 3656 regia.)
710 3575 772 3652 Qui
811 3574 879 3639 haec
913 3580 1039 3639 attente
1073 3575 1205 3657 legerit,
1246 3575 1375 3655 sentiet,

248 3809 271 3877 ¹)
292 3807 346 3878 [Ad
364 3809 418 3864 hoc
438 3815 473 3864 ot
490 3810 600 3879 (etiam)
619 3829 758 3880 quoque
777 3810 982 3866 defendendum
1001 3811 1128 3865 Handius
1147 3811 1268 3865 Tursss
1286 3814 1375 3880 pota

288 3912 375 3949 unum
394 3893 539 3950 Ciceronis
557 3897 651 3951 locum
669 3898 786 3963 excitat,
810 3915 895 3950 uuum
914 3898 1159 3966 corruptissimum
1177 3897 1264 3964 Livii,
1289 3914 1375 3951 unum

287 3979 387 4033 Velleii
412 3980 494 4034 aliter
510 3982 540 4036 in
559 3982 601 4037 ed.
621 3981 711 4051 prima
729 3982 878 4051 scriptum,
904 4000 992 4037 unum
1011 3981 1188 4048 Columellae;
1218 3999 1285 4037 uam
1307 3998 1374 4036 con·

286 4065 382 4120 fictam
401 4083 417 4119 a
434 4065 548 4120 falsario
567 4067 716 4137 epistulam
734 4067 799 4120 xvl
816 4069 892 4122 inter
908 4066 1060 4123 Ouidianas
1078 4067 1227 4122 heroidum
1247 4085 1304 4122 non
1322 4086 1374 4121 nu·

287 4168 374 4204 mero.
420 4151 663 4207 Weissenbornius
686 4159 791 4222 prator
813 4152 919 4220 XXVI,
942 4156 988 4221 58,
1011 4154 1040 4219 7,
1064 4153 1099 4207 de
1124 4171 1179 4222 quo
1204 4152 1374 4222 supradixi,

288 4235 358 4289 duos
377 4236 446 4290 alios
465 4236 601 4308 adiungit,
620 4239 770 4307 inquibus
790 4244 823 4293 at
841 4238 1015 4308 apertissime
1033 4254 1084 4307 pro
1103 4238 1203 4308 copula
1221 4235 1357 4308 ponitus]
