3060 5272
718 868 777 930 139
1210 880 1272 936 Lib.
1291 880 1324 935 V.

166 1054 326 1137 impetum
354 1051 493 1132 factum,
522 1053 655 1136 palatos
678 1073 780 1118 caesos
802 1060 1052 1133 commemorat,
1080 1075 1244 1137 nusquam
1265 1074 1324 1137 pa·

167 1160 253 1226 latos
287 1162 446 1245 impetum
479 1161 596 1227 fecisse
625 1167 684 1226 aut
711 1160 834 1226 caedem
862 1161 1013 1227 edidisse.
1069 1162 1131 1227 His
1154 1162 1324 1245 expositis,

170 1270 315 1336 redimus
356 1270 398 1335 ad
433 1269 514 1333 illud
548 1269 679 1334 veluti
712 1269 830 1336 forte.
891 1270 958 1335 Aut
991 1268 1090 1336 fallor
1123 1276 1181 1334 aut
1212 1269 1324 1334 Livius

169 1379 317 1462 scripsit:
341 1399 413 1443 nec
436 1378 497 1443 ita
518 1377 645 1443 multo
668 1383 761 1460 post
782 1377 859 1442 iam
876 1378 1030 1459 palatis,
1054 1379 1156 1441 velut
1173 1378 1247 1440 tull
1265 1378 1325 1441 lo·

169 1492 268 1566 rent,
305 1486 438 1551 oblati
465 1485 735 1570 populatores
758 1483 980 1570 Capenatis
1009 1488 1098 1570 agri
1120 1486 1325 1570 reliquias

171 1616 311 1678 pugnae
334 1593 608 1678 absumpsere.
660 1591 759 1675 [Olim
789 1594 963 1659 velutin
987 1585 1077 1660 tuto
1100 1593 1323 1678 scripseram]

168 1701 333 1778 Quamdiu
367 1703 400 1767 in
435 1708 530 1784 tergo
564 1701 735 1766 haerebant
766 1709 1002 1785 persequentes
1030 1703 1186 1783 victores,
1220 1700 1324 1787 Cape·

168 1818 264 1875 uates
294 1817 328 1875 et
349 1810 471 1875 Falisci
500 1809 640 1874 conferti
661 1808 752 1873 abire
774 1810 985 1891 studuerant;
1019 1810 1153 1891 deinde,
1186 1810 1251 1876 illis
1274 1832 1324 1876 re·

168 1920 298 2002 gressis,
328 1940 430 2002 quum
453 1919 487 1983 in
511 1939 606 1982 suum
629 1935 744 2000 agrum
767 1919 1000 2001 pervenissent,
1028 1919 1132 2002 palati
1155 1920 1229 1998 iam,
1258 1919 1324 1984 vel-

168 2028 216 2092 uti
244 2026 427 2112 periculum
450 2026 646 2104 evasissent,
680 2025 791 2090 subito
820 2025 934 2091 obvios
963 2026 1177 2110 populatores
1200 2027 1324 2092 habue-

166 2143 252 2201 runt.
304 2135 460 2201 Mendum
491 2140 598 2198 ortum
621 2138 673 2197 est
695 2154 734 2196 ex
757 2133 927 2199 vicinitate
950 2136 1130 2200 earundem
1153 2142 1211 2200 aut
1234 2136 1324 2200 simi-

167 2244 245 2308 lium
267 2244 456 2308 litterarum
481 2242 557 2323 (lut
586 2240 672 2320 tut).
729 2240 984 2327 Participiorum
1014 2265 1059 2308 eae
1088 2243 1216 2323 formae,
1251 2265 1324 2327 quae

167 2358 243 2416 sunt
281 2353 315 2416 in
360 2350 551 2435 palantes
591 2356 625 2413 et
657 2348 831 2433 palatis,
871 2372 935 2415 non
970 2373 1047 2416 raro
1081 2358 1323 2435 permutantur,

167 2480 368 2543 quamquam
403 2459 437 2523 id
465 2455 532 2527 fere
561 2458 595 2522 in
622 2457 822 2522 contrariam
850 2465 981 2542 partem
1009 2459 1062 2539 fit,
1097 2466 1135 2524 ut
1163 2482 1223 2545 pro
1254 2483 1323 2545 pa·

165 2567 292 2632 lautis
324 2567 527 2648 (accusativo
556 2563 665 2646 casu),
699 2565 867 2630 interdum
901 2567 1001 2630 etiam
1033 2588 1094 2651 pro
1128 2568 1323 2651 palantes

166 2674 393 2757 (nominativo)
419 2674 599 2751 scribatur,
634 2673 757 2738 omissa
779 2673 892 2738 littera
914 2693 948 2753 n,
976 2674 1144 2757 palatis,
1174 2681 1211 2739 ut
1234 2675 1323 2758 apud

167 2783 294 2848 Livium
318 2782 418 2861 XXV,
442 2786 492 2861 21,
517 2785 536 2845 2
564 2781 722 2846 vocatis
751 2803 812 2864 pro
835 2784 1020 2847 vocantis
1043 2783 1076 2846 in
1098 2782 1181 2860 Put,
1204 2782 1322 2862 XXXI,

86 2898 96 2917 ⁸
168 2895 251 2970 14,8
274 2890 532 2976 percontatis
549 2910 610 2972 pro
628 2891 913 2973 percontantis
931 2892 964 2954 iu
975 2889 1101 2970 Bamb,
1113 2890 1260 2971 XXXVI,
1272 2895 1323 2970 43,

166 3002 203 3062 12
248 2999 411 3082 paratis
459 2997 763 3080 instructisque
803 3020 864 3082 pro
897 3000 1087 3082 parantis
1121 3000 1323 3064 instruen-

163 3109 303 3190 tisque
332 3108 365 3170 in
389 3105 511 3185 eodem,
534 3104 636 3185 XLII,
663 3109 712 3184 13,
737 3109 755 3169 3
774 3113 808 3171 et
827 3111 875 3185 18,
901 3111 919 3170 6
938 3114 972 3171 et
989 3111 1038 3186 26,
1057 3111 1076 3170 8
1094 3107 1322 3188 denudatis,

164 3213 365 3299 fatigatis,
399 3212 620 3279 fluctuatis
644 3214 677 3278 iu
700 3213 840 3280 Vindob.
864 3237 924 3299 pro
948 3214 1205 3295 denudantis,
1228 3216 1322 3283 iati-

163 3328 317 3406 gantes,
345 3322 602 3400 fluctuantis,
633 3323 723 3407 apud
747 3320 936 3388 Ciceronem
959 3323 993 3387 in
1016 3321 1157 3408 Philipp.
1182 3325 1266 3404 XIV,
1292 3330 1320 3404 3,

164 3435 183 3494 6
207 3431 415 3496 dubitatis
438 3451 499 3514 pro
522 3429 764 3510 dubitantis,
799 3452 840 3496 ex
863 3453 928 3515 quo
951 3432 984 3495 in
1008 3431 1148 3516 Philipp.
1173 3432 1245 3512 XII,
1273 3437 1321 3512 12,

163 3542 215 3617 29,
248 3560 351 3622 quum
372 3538 521 3603 Halmius
544 3540 578 3602 in
600 3539 712 3603 codice
735 3538 971 3622 Tegernseensi
994 3540 1196 3623 repperisset
1218 3543 1322 3624 cogi·

162 3648 281 3727 tatis,
314 3645 526 3711 scribendum
549 3646 693 3711 ostendi:
722 3647 817 3712 Nam
840 3648 1028 3713 Martiam
1056 3653 1096 3711 et
1119 3645 1322 3727 Quartam,

63 3756 72 3770 '
163 3754 266 3819 nihil
289 3760 439 3840 praeter
466 3753 711 3836 dignitatem
732 3761 772 3819 ot
795 3755 920 3820 decus
943 3755 1189 3838 cogitantis,
1219 3773 1407 3839 com-(113)

164 3862 422 3947 probaturos
444 3882 534 3927 esse
556 3868 669 3928 certo
692 3862 823 3944 scio.¹)

251 3969 331 4054 Cap.
359 3973 406 4050 17,
429 3974 464 4033 7:
498 3969 751 4054 Responsum
774 3977 836 4036 est
859 3967 1098 4055 (Capenatibus
1122 3990 1159 4033 ac
1183 3969 1321 4035 Faliscis

163 4078 196 4141 in
218 4078 366 4143 conciliis
385 4076 428 4142 ad
446 4077 631 4142 Voltumnae
648 4076 760 4142 fanum
777 4079 976 4162 potentibus,
993 4086 1032 4144 ut
1048 4099 1161 4144 omues
1179 4077 1322 4142 Etruriae

197 4312 222 4378 ¹)
239 4311 327 4368 Video
344 4332 418 4369 nunc
437 4314 512 4384 apud
530 4314 683 4383 Hertzium,
707 4315 791 4370 etiam
809 4317 1067 4373 Weissenbornium
1086 4317 1115 4370 in
1133 4315 1240 4382 libello,
1265 4333 1320 4383 quo

236 4414 304 4452 usus
325 4416 382 4456 nou
404 4418 480 4469 sum,
507 4401 636 4471 palatis
663 4401 708 4455 vel
731 4401 933 4472 palantibus
956 4403 1041 4458 scribi
1065 4402 1193 4456 voluisse.
1239 4399 1321 4468 Quod

234 4482 363 4539 Hertzim
389 4504 407 4541 a
432 4486 531 4539 Wexio
560 4486 679 4557 sumpsit
706 4486 829 4553 abluti,
860 4504 974 4556 prorsus
1006 4504 1167 4557 perversum
1200 4489 1243 4539 est
1270 4503 1320 4541 nec

234 4568 406 4626 sententim
423 4571 509 4625 ullum
526 4570 620 4626 habet.
665 4572 699 4626 In
721 4577 886 4626 transcursu
910 4570 1017 4639 dicam,
1040 4572 1070 4626 in
1088 4589 1147 4642 cap.
1170 4574 1213 4639 15,
1239 4575 1268 4625 ll
1288 4576 1321 4626 ut

231 4660 341 4711 certum
361 4661 417 4725 ost,
443 4656 568 4725 Livium,
597 4657 765 4727 scriptorem
789 4656 925 4711 orationis
947 4657 983 4712 ad
1010 4656 1102 4727 legem
1120 4661 1236 4712 structas
1255 4656 1318 4711 dili-

231 4741 441 4810 gentissimum,
467 4757 526 4797 non
548 4741 578 4797 in
603 4741 725 4812 simplici
748 4747 777 4797 et
795 4741 874 4796 brevi
893 4742 1031 4797 orationis
1049 4742 1170 4797 circuitu
1188 4742 1320 4798 incidisse
