3060 5272
232 358 294 412 Lib.
312 357 345 410 Χ.
781 348 843 408 224

233 551 292 612 pro
327 551 486 594 movere
521 529 793 612 (PRottendorf.).
850 530 974 609 XLIII,
1016 533 1073 610 21,
1108 534 1123 593 1
1161 536 1252 595 recte
1287 530 1391 596 codex

232 639 399 717 moveri3
422 637 589 703 Drakenb.
613 639 817 722 movere.¹)

319 742 398 828 Gap.
430 751 464 826 6,
505 751 539 810 3:
580 748 712 812 Romae
751 767 913 830 quoque
947 745 1106 829 plebem
1139 746 1317 828 quietam
1351 752 1391 811 et

233 860 494 919 exoneratam
527 855 709 919 deducta
742 855 782 917 in
815 853 1004 920 colonias
1038 852 1262 918 multitudo
1291 873 1390 936 prae·

233 959 383 1025 stabat.
440 960 521 1037 Qua
558 969 608 1027 est
642 968 864 1027 exonerata
891 960 1031 1045 plebs?
1064 960 1151 1026 Urbs
1180 967 1389 1038 exoneratur,
1446 1050 1448 1054 Α

234 1065 449 1134 multitudine
478 1069 587 1134 inutili
616 1069 682 1135 alio
707 1069 865 1148 deducta,
892 1090 959 1133 non
981 1069 1091 1152 plebs,
1121 1069 1215 1133 ouius
1237 1068 1296 1133 illa
1316 1069 1391 1151 ipsa

223 1164 395 1262 pareest.
453 1177 539 1254 Quid
569 1177 688 1241 deinde
716 1176 875 1260 plebem
898 1183 1161 1242 exoneratam
1183 1181 1390 1259 praestare,

234 1286 329 1369 quasi
359 1291 466 1350 status
495 1285 549 1348 hio
577 1285 697 1367 aliquis
727 1286 770 1349 sit
800 1283 1070 1350 conservandus?
1104 1283 1275 1361 Quomodo
1299 1283 1389 1349 deni-

233 1413 298 1476 que
333 1392 426 1475 plebs
455 1392 551 1456 simul
581 1394 723 1475 quieta
751 1399 789 1456 et
822 1398 1047 1457 exonerata
1073 1392 1274 1475 praestatur?
1306 1390 1391 1456 Nam

234 1501 338 1582 quieti
367 1500 600 1564 consulebatur
629 1506 808 1566 exonerata
836 1501 933 1579 urbe,
967 1521 1032 1565 non
1061 1500 1125 1583 ipsi
1154 1499 1390 1564 exonerationi.

234 1606 374 1672 Omnino
405 1608 514 1689 agitur
543 1608 583 1672 de
612 1629 679 1672 una
706 1608 834 1691 quiete,
868 1628 980 1691 quam,
1016 1614 1053 1672 ut
1080 1605 1162 1673 foris
1191 1607 1335 1671 victoriis
1358 1613 1392 1671 et

233 1714 436 1794 foederibus,
472 1716 521 1779 sie
545 1714 633 1779 dorni
656 1715 793 1780 coloniis
817 1714 965 1780 deductis
988 1721 1120 1798 partam
1142 1737 1271 1793 novum,
1300 1713 1391 1796 quod

233 1821 345 1886 Livius
380 1828 573 1886 narraturus
609 1828 672 1901 est,
705 1828 872 1886 certamen
906 1821 1064 1887 turbavit.
1125 1822 1287 1905 Apparet,
1320 1842 1391 1886 rem

235 1926 386 1993 effectam
410 1929 584 2012 (quietem)
608 1950 682 1994 eum
706 1950 806 1995 causa
829 1928 1090 2011 (exoneratione)
1113 1929 1199 1995 male
1224 1928 1390 1994 confundi.

236 2035 301 2101 Sed
335 2058 375 2101 ea
409 2034 557 2101 confusio
591 2037 727 2102 librario
762 2037 917 2117 debetur;
958 2037 1068 2102 Livius
1107 2039 1154 2102 sic
1193 2037 1390 2119 scripserat:

234 2144 397 2209 Plebem
425 2144 605 2226 quietam
636 2151 859 2209 exonerata
887 2145 926 2209 in
954 2144 1137 2210 colonias
1166 2143 1390 2209 multitudo

234 2252 473 2335 praestabat.
526 2251 704 2334 Eleganter
732 2258 764 2317 et
793 2259 870 2336 apte
899 2252 1143 2317 multitudinem
1166 2252 1390 2316 abundantem

235 2367 268 2423 et
303 2359 344 2424 ob
380 2381 452 2424 eam
487 2380 621 2423 causam
654 2367 949 2444 paupertatemque
982 2359 1207 2424 turbulentam
1240 2380 1306 2424 non
1334 2358 1391 2424 de·

235 2467 368 2531 ductam
402 2468 485 2531 dixit
518 2468 552 2529 in
588 2467 750 2545 colonias,
790 2468 847 2531 sed
880 2474 1038 2549 tanquam
1072 2488 1154 2531 onus
1189 2468 1327 2532 eiectam
1361 2475 1394 2532 et

236 2573 437 2639 exhaustam.
495 2575 603 2652 Quum
637 2576 807 2657 proprium
841 2575 976 2639 verbum
1011 2595 1112 2657 supra
1146 2575 1264 2656 aliquis
1292 2575 1394 2657 scrip-

236 2682 350 2760 sisset,
384 2682 418 2745 id
451 2683 484 2746 in
519 2682 634 2748 ordine
667 2683 887 2765 perscriptum
921 2688 955 2746 et
988 2683 1074 2747 male
1108 2703 1181 2747 cum
1214 2682 1394 2764 quietam

238 2788 427 2871 copulatum
458 2795 518 2854 est.
575 2788 655 2870 (cfr.
679 2811 822 2873 prooem.
848 2813 878 2873 p.
906 2789 969 2871 17.)
1026 2790 1252 2854 Exonerari
1281 2795 1394 2853 autem

239 2896 415 2979 dupliciter
443 2897 508 2961 dici
538 2903 572 2962 et
602 2897 641 2962 de
671 2918 725 2976 eo,
760 2899 812 2961 oui
841 2918 923 2963 onus
952 2898 1108 2977 demitur,
1143 2903 1177 2961 ct
1200 2897 1240 2961 de
1263 2897 1337 2980 ipsa
1358 2917 1394 2960 re

153 3019 222 3087 (189)
240 3002 402 3082 tollenda,
443 3026 514 3086 quae
551 3005 642 3069 oneri
676 3011 741 3084 est,
775 3005 881 3069 lexioa
916 3005 1109 3083 ostendunt,
1144 3005 1264 3087 positis
1297 3005 1395 3068 huius

237 3113 431 3194 posterioris
467 3111 716 3194 significationis
746 3113 902 3195 exemplis
931 3095 1056 3191 Plauti,
1091 3112 1237 3192 Seneca,
1271 3112 1391 3191 Taciti;

237 3240 297 3283 nec
326 3220 421 3284 deest
450 3220 554 3302 ipsius
583 3220 680 3299 Livii,
714 3220 915 3284 simillimum
942 3220 1018 3285 huic
1045 3221 1134 3300 loco,
1167 3227 1206 3284 ut
1228 3241 1249 3284 a
1271 3241 1322 3285 me
1345 3227 1394 3284 est

237 3328 421 3407 restitutus,
443 3327 560 3406 XXIV,
586 3332 636 3407 29,
662 3331 676 3389 l
703 3326 758 3409 (de
777 3326 975 3410 SyracusIs):
998 3327 1154 3410 legatio
1177 3348 1395 3412 peroppor-

238 3440 336 3500 tuna
367 3437 453 3499 visa
480 3435 530 3500 ad
557 3434 859 3500 multitudinem
887 3434 1141 3500 inconditam
1170 3456 1215 3500 ao
1243 3434 1396 3501 tumul·

238 3547 398 3606 tuosam
426 3543 735 3607 exonerandam.
788 3541 958 3622 (Extremo
988 3543 1112 3625 capite,
1143 3540 1160 3624 ἓ
1186 3547 1240 3622 11,
1268 3541 1325 3606 ubi
1353 3541 1395 3606 de

239 3649 388 3732 patriciis
411 3650 518 3712 minus
541 3647 680 3714 firmiter
700 3649 932 3714 resistentibus
955 3650 1020 3732 legi
1043 3650 1083 3713 de
1106 3649 1298 3714 sacerdotiis
1321 3670 1395 3714 oum

239 3755 337 3839 plebe
360 3756 640 3821 communicandis
665 3757 788 3837 agitur,
818 3758 919 3822 verba
947 3757 995 3820 sic
1017 3756 1280 3840 interpungenda
1303 3763 1393 3822 sunt:

240 3928 470 3935 ——-——-—

270 4027 293 4091 ¹)
314 4024 391 4094 [Cap.
416 4028 446 4093 4,
474 4030 491 4080 2
515 4026 620 4080 dixia
642 4027 706 4080 1861
731 4027 868 4095 suspicari
890 4044 935 4082 me
953 4027 1065 4081 Livium
1087 4027 1230 4095 vigilias
1255 4026 1396 4081 vicatim

310 4114 420 4176 actas,
446 4128 505 4165 non
523 4114 665 4165 exactas
685 4110 803 4176 dixisse3
827 4129 893 4165 nam
916 4111 950 4165 de
975 4112 1122 4180 diligentia
1144 4130 1239 4167 earum
1257 4110 1396 4180 exigenda

309 4212 367 4248 non
386 4196 440 4264 agi.
476 4195 530 4249 Illo
549 4195 634 4248 modo
653 4195 709 4249 dici
728 4197 826 4264 solere,
844 4213 919 4251 nunc
937 4197 1182 4252 Weissenbornius
1201 4194 1337 4265 adnotat]
