3060 5272
240 352 303 407 Lib.
321 352 369 408 Ν.
790 340 851 403 124

240 547 329 590 mum
362 531 492 609 tempus
526 525 619 590 verbi
651 527 717 591 usi
750 532 845 592 sunt
877 546 1014 610 prorsus
1046 546 1185 611 pravum
1217 533 1283 607 est;
1321 547 1400 591 nam

240 633 330 715 quod
351 634 638 699 Weissenbornius
666 633 791 699 eLivii
823 635 928 718 ipsius
961 655 1103 718 persona
1135 634 1198 700 hoc
1227 634 1292 700 dici
1320 634 1398 714 vult,

240 743 296 825 qui
323 748 436 826 potest
462 741 533 807 haec
562 743 780 808 concessionis
808 764 886 826 pars
909 763 927 807 c
949 742 1032 806 Livii
1059 763 1204 826 persona
1232 743 1322 808 dici?
1343 743 1397 823 Et,

239 851 267 916 si
301 857 428 934 posset,
461 851 518 934 qui
552 857 686 935 poterat
706 849 818 916 Livius
852 849 893 915 de
926 849 1017 915 illiue
1049 851 1223 934 temporis,
1259 850 1300 916 de
1333 873 1397 934 quo

239 958 413 1038 narrabat,
447 959 600 1023 instituto
629 978 668 1023 ao
695 979 786 1023 more
815 957 962 1042 perfecto
990 959 1056 1038 uti,
1089 980 1156 1024 non
1183 958 1399 1043 imperfecto?

240 1064 319 1143 Quae
352 1066 429 1130 hinc
462 1067 612 1130 nascitur
646 1068 804 1150 suspicio,
845 1086 918 1130 eam
958 1065 1133 1132 confirmat
1172 1073 1206 1133 et
1243 1068 1399 1133 invictam

239 1172 321 1239 facit
359 1175 463 1258 ipsius
503 1175 594 1239 verbi
633 1181 668 1239 et
701 1174 958 1240 constructionis
991 1174 1153 1258 pravitas;
1199 1177 1273 1259 quis
1312 1176 1400 1241 enim

238 1266 385 1366 unquam
413 1281 513 1347 fando
543 1282 683 1362 audivit,
718 1282 835 1347 Latine
864 1281 945 1347 dici:
979 1283 1020 1346 in
1052 1281 1128 1347 heo
1155 1304 1197 1348 rc
1226 1284 1286 1348 ita
1315 1284 1399 1349 uti-

238 1412 337 1465 mur,
372 1397 411 1455 ut
444 1398 547 1456 esset:
590 1391 663 1455 hac
702 1392 857 1455 utimur
889 1390 1193 1455 consuetudine
1226 1398 1300 1456 aut:
1340 1393 1400 1457 ita

237 1498 438 1564 facimus?
461 1499 609 1563 Tertium
632 1499 772 1582 denique
796 1498 925 1564 accedit
946 1498 1057 1563 mendi
1078 1520 1145 1564 non
1167 1499 1273 1563 minus
1294 1500 1399 1564 mani·

238 1606 360 1672 festum
392 1607 563 1686 indicium,
597 1628 660 1672 vox
686 1606 841 1671 Plautina
874 1606 1056 1690 adaeque,
1092 1627 1159 1691 qua
1191 1628 1286 1672 nemo
1320 1613 1398 1691 post

239 1713 333 1779 illum
356 1736 396 1778 ex
419 1716 474 1794 iis,
503 1735 643 1796 quorum
667 1716 792 1798 scripta
814 1719 962 1793 exstant,
990 1735 1096 1796 neque
1119 1715 1153 1779 in
1176 1716 1268 1798 poesi
1290 1736 1398 1799 neque

153 1839 224 1906 (104)
242 1823 276 1887 in
310 1844 410 1905 prosa
442 1824 590 1887 oratione
623 1845 703 1888 usus
737 1821 834 1903 est.¹)
889 1822 938 1886 hc
967 1844 1009 1887 ne
1030 1823 1170 1888 Plautus
1197 1823 1331 1906 quidem
1360 1844 1399 1889 eo

240 1929 427 2012 significatu
451 1931 486 1994 id
509 1930 701 1995 adverbium
725 1930 817 2009 dixit,
847 1931 903 2013 qui
926 1930 980 1995 hio
1002 1931 1200 2013 requiritur3
1229 1931 1270 1995 de
1292 1931 1398 2014 gradu

240 2040 326 2104 enim
350 2039 463 2121 posuit
485 2038 564 2121 (quo
589 2039 680 2104 ducit
703 2040 803 2103 etiam
826 2037 949 2119 origo),
979 2059 1044 2103 non
1067 2039 1108 2104 de
1131 2038 1228 2103 modo
1253 2039 1398 2121 (quem-

238 2147 449 2212 admodum
475 2182 519 2192 -
548 2146 737 2229 adaeque).
794 2146 859 2212 Sed
893 2153 932 2211 ut
964 2147 1045 2212 vitia
1073 2153 1219 2226 exstant,
1247 2148 1297 2212 ita
1329 2149 1400 2212 veri

224 2256 383 2342 ‘inventio
406 2254 550 2320 difficilis
573 2262 632 2319 est.
669 2254 810 2337 [Invenit
832 2256 955 2319 maiore
979 2260 1136 2337 exparte
1160 2255 1203 2320 M.
1217 2254 1397 2339 Seyffertus

238 2364 326 2447 (ann.
340 2363 452 2448 philol.
467 2364 528 2429 vol.
541 2363 711 2427 LXXXIII
723 2387 754 2447 p.
769 2363 824 2445 68)
838 2365 1004 2461 sissent·
1014 2364 1175 2444 aequari,
1199 2363 1313 2429 addidi
1335 2384 1396 2446 ego

240 2477 331 2550 1861,
361 2472 450 2554 quod
472 2471 656 2536 desiderari
689 2493 755 2536 non
789 2476 937 2555 poterat,
972 2471 1157 2536 subiectum
1185 2471 1337 2537 infinitivi
1364 2474 1399 2537 in

236 2581 351 2663 primis
387 2579 508 2644 htteris
536 2581 623 2659 eius,
662 2580 749 2661 quod
781 2581 844 2644 usi
867 2578 1037 2656 scribitur,
1071 2577 1194 2660 latens,
1226 2586 1265 2644 ut
1286 2579 1397 2645 fieret:

237 2687 428 2751 creandis
469 2687 528 2749 lus
567 2687 712 2750 sissent
745 2686 947 2764 adaquarl.
999 2684 1192 2770 Comparari
1224 2687 1397 2753 velimsi·

237 2797 321 2860 rint
344 2816 371 2860 c.
395 2798 446 2873 24,
471 2801 490 2859 2
514 2793 768 2879 corruptum.]²)

323 2902 400 2987 Gap.
425 2908 476 2984 48,
501 2909 534 2967 l:
558 2904 814 2969 Turbatores
836 2902 948 2982 vulgi
970 2909 1089 2968 erant
1111 2902 1171 2987 Sp.
1191 2903 1392 2969 Maecilius

236 3018 427 3094 quartum
467 3020 506 3077 et
538 3011 728 3076 Metilius
757 3009 800 3092 (l)
839 3011 1010 3075 tertium
1049 3011 1207 3076 tribuni
1246 3011 1394 3095 plebis,

235 3121 350 3185 ambo
379 3120 573 3185 absentes
602 3120 743 3183 creati.
797 3119 847 3183 Et
869 3141 988 3200 quum
1016 3120 1272 3202 rogationem
1300 3141 1394 3203 pro·

233 3228 503 3312 mulgassent,
538 3234 582 3291 ut
615 3246 713 3308 ager
747 3249 791 3292 ex
824 3227 1017 3292 hostibus
1052 3234 1201 3311 captus
1234 3228 1393 3292 viritim

261 3451 284 3516 ¹)
304 3450 471 3517 „Adeoque
500 3447 604 3515 gehdrt
628 3466 661 3501 zu
687 3448 743 3501 den
766 3447 966 3514 Ausdrircken,
993 3446 1098 3502 welche
1121 3447 1218 3502 Livius
1239 3449 1315 3503 naoh
1338 3449 1393 3503 den

299 3534 456 3588 Komikern
470 3539 565 3586 rueret
578 3532 760 3601 gebraucht“.
780 3533 852 3588 Uaos
867 3550 901 3586 eo
914 3532 1053 3587 vocabulo
1067 3534 1250 3602 antiquarios,
1265 3533 1390 3589 Fronto·

300 3637 364 3674 nem
388 3624 418 3672 et
434 3619 594 3687 Apuleium,
621 3618 746 3671 ostendit
762 3618 902 3687 Hauptius
921 3618 988 3686 (ind
1007 3618 1071 3672 leot.
1089 3618 1180 3673 Berol.
1200 3625 1260 3672 oest.
1279 3637 1302 3672 a.
1324 3620 1392 3672 1867

299 3723 326 3774 p.
348 3704 403 3770 10);
422 3702 492 3757 nihil
510 3704 539 3757 id
558 3702 593 3756 ad
611 3703 732 3757 Livium.

258 3790 283 3858 ¹)
303 3790 367 3860 Gap.
385 3792 428 3855 44,
447 3793 464 3842 4
482 3790 572 3856 quod
590 3794 667 3857 post:
686 3787 852 3856 Quidnam
869 3788 903 3841 id
920 3789 971 3843 rei
990 3790 1086 3844 esse?
1106 3790 1174 3858 (uon
1192 3788 1296 3855 esset)
1315 3788 1392 3842 addi·

299 3880 360 3929 tum
382 3880 453 3944 puto
475 3875 511 3927 ad
530 3874 564 3927 id
581 3876 623 3940 (ut
641 3876 697 3943 qui
715 3875 782 3942 VII,
805 3879 851 3942 41,
873 3875 915 3940 6);
942 3876 1146 3942 anacoluthon,
1174 3876 1251 3944 quod
1268 3874 1390 3942 fingunt,

298 3978 390 4029 neque
407 3960 481 4013 Livii
505 3977 596 4028 neque
619 3961 784 4029 cuiusquam
806 3959 1009 4015 consuetudine
1032 3967 1182 4015 excusatur
1205 3962 1235 4015 in
1260 3961 1391 4014 oratione

298 4053 375 4099 recte
397 4048 426 4099 et
449 4045 560 4113 ordine,
588 4047 611 4099 ei
634 4062 719 4100 unam
742 4046 819 4099 illam
840 4046 970 4100 voculam
987 4047 1148 4115 sustuleris,
1177 4046 1343 4101 decurrenti
1361 4050 1390 4099 et

299 4131 472 4201 singularem
496 4130 614 4200 figuram
636 4131 752 4185 habenti
776 4131 1038 4200 (interrogationem
1061 4149 1124 4186 cum
1147 4131 1334 4185 admiratione
1359 4134 1389 4184 et

297 4217 494 4286 indignatione
511 4216 653 4271 infinitivo
673 4216 795 4283 elatam).
831 4215 891 4285 [Sic
909 4217 966 4270 iam
983 4224 1093 4272 veteres
1111 4215 1270 4284 editiones]
