3060 5272
784 285 825 348 34

231 470 276 535 de
299 490 343 535 ea
361 469 417 552 (Ll
439 467 526 550 dea)
549 490 609 553 pro
632 469 681 534 ad
705 471 927 553 optinenda
949 492 1002 537 ea.
1036 471 1127 537 Idem
1151 472 1382 539 demonstrant

231 578 392 662 simulque
419 578 479 643 hos
508 599 569 643 sua
597 578 713 662 stirpe,
747 584 781 644 et
809 578 851 644 ab
874 579 908 644 M
932 579 959 644 R
981 587 1015 645 et
1042 580 1300 664 aPseparata,
1334 583 1379 647 ab

229 687 406 771 archetypo
429 693 519 753 ortos
541 707 614 751 esse
636 691 670 751 et
691 708 750 771 per
772 708 808 752 se
830 689 1055 753 testimonium
1077 687 1185 753 lacere
1209 688 1382 756 declarant

229 796 458 862 adnotationes
480 816 498 860 e
521 795 666 879 margine
690 803 867 880 susceptae,
901 816 983 880 quas
1006 797 1120 861 autin
1143 796 1193 862 his
1217 797 1296 863 solis
1320 806 1380 864 aut

228 905 261 969 in
289 903 340 970 his
369 889 403 969 et
431 903 629 968 deteriorum
657 904 784 988 aliquot
810 905 962 988 reperiri,
997 904 1096 987 paulo
1124 912 1216 985 ante,
1250 906 1307 970 ubi
1336 906 1378 972 de

227 1019 298 1080 toto
320 1012 383 1077 hoc
404 1032 522 1096 genere
545 1019 689 1095 exposui,
712 1013 971 1077 commemoravi.
1016 1013 1062 1076 Ae
1085 1034 1295 1097 quamquam,
1319 1014 1376 1079 ubi

227 1121 269 1186 ab
292 1120 327 1185 M
355 1128 388 1186 et
414 1119 440 1183 P
463 1126 521 1185 aut
549 1119 610 1185 soli
639 1119 811 1185 discedunt
838 1128 897 1186 aut
925 1127 1040 1185 contra
1067 1120 1142 1186 illos
1171 1122 1289 1187 ceteris
1317 1121 1378 1186 ad·

227 1230 415 1313 iunguntur,
437 1228 504 1293 fere
526 1229 560 1292 in
584 1228 729 1294 deterius
754 1236 902 1311 vergunt,
927 1236 977 1293 est
999 1235 1120 1309 tamen,
1144 1230 1202 1294 ubi
1224 1236 1283 1296 aut
1299 1252 1380 1296 vera

226 1344 286 1404 ant
302 1358 451 1402 verorum
469 1337 605 1420 vestigia
621 1337 688 1401 illic
706 1337 882 1402 obscurata
894 1337 928 1401 hi
940 1339 1118 1418 servarint3
1136 1339 1228 1403 cuius
1246 1340 1294 1403 rei
1310 1341 1379 1404 tria

226 1453 304 1512 sunt
328 1443 555 1510 memorabilia
578 1444 736 1528 exempla,
761 1447 903 1528 primum
920 1446 955 1509 in
973 1444 1014 1525 ll,
1043 1451 1080 1510 15
1098 1447 1179 1525 init,
1205 1447 1262 1512 ubi
1280 1469 1376 1531 aper·

224 1552 427 1631 tiorainhis,
448 1551 590 1617 Florent.
605 1551 636 1617 S.
649 1552 761 1633 Marci,
780 1553 1009 1633 deterioribus,
1029 1555 1186 1620 tenuiain
1198 1554 1270 1635 MR,
1282 1555 1378 1621 nulla

226 1664 259 1727 in
275 1662 300 1726 P
317 1661 458 1744 vestigia
481 1668 557 1726 sunt
575 1661 686 1726 omissi
703 1661 875 1727 consulum
892 1662 982 1745 paris
995 1661 1049 1743 (L:
1067 1661 1213 1728 Purius
1233 1663 1376 1728 Lucre-

224 1771 309 1836 tius
332 1769 425 1834 inde
449 1774 488 1834 et
505 1768 540 1832 T.
559 1769 769 1833 Ermenius
787 1768 822 1833 P.
842 1768 1032 1835 Valerius
1051 1769 1265 1836 Publicola
1286 1793 1375 1837 con·

225 1878 351 1959 sules3
385 1877 432 1941 H:
466 1876 500 1940 P.
530 1877 748 1942 Lucretius
776 1877 891 1942 Titus
919 1877 1159 1944 Hermenius
1188 1879 1222 1943 P.
1255 1879 1374 1944 Vale·

224 1989 309 2052 rins
331 1984 548 2051 Publicola
569 2007 688 2065 coss.;
711 1985 759 2050 M:
781 1984 951 2069 Spurius
968 1986 1138 2053 Publius
1155 1986 1376 2053 Lucretius

223 2096 316 2160 inde
341 2102 379 2160 et
400 2093 436 2158 P.
455 2093 645 2159 Valerius
668 2093 885 2159 Publicola
906 2116 1018 2175 coss,
1042 2094 1067 2158 P
1089 2101 1214 2161 autem:
1236 2095 1272 2160 P.
1297 2095 1375 2160 Lu-

224 2205 376 2269 cretius
406 2201 497 2267 inde
526 2208 564 2266 et
592 2201 627 2265 P.
658 2200 846 2267 Valerius
876 2202 1092 2268 Publicola
1120 2202 1290 2286 coss.)¹),
1325 2204 1373 2268 al-

221 2320 329 2380 terum
351 2313 384 2377 in
408 2310 449 2390 V,
480 2314 530 2391 52,
562 2316 608 2390 11,
639 2309 696 2374 ubi
718 2310 752 2374 M
775 2311 799 2374 P
822 2317 952 2376 tentum
976 2311 1147 2377 Locutio
1171 2311 1309 2392 habent,
1338 2314 1372 2377 in

221 2422 272 2487 his
302 2429 413 2486 autem
443 2419 570 2484 dnobus
598 2425 631 2482 et
660 2418 880 2484 deterioribus
908 2414 1025 2502 aperta
1054 2428 1131 2486 sunt
1153 2421 1289 2486 alterius
1312 2444 1371 2487 no·

222 2529 318 2593 minis
341 2526 438 2609 (Aio)
461 2526 600 2608 vestigia
622 2525 853 2607 (Allocntio,
876 2526 1166 2610 Allocutionis,
1189 2528 1369 2610 similia)²)‚

221 2637 356 2702 tertium
378 2636 412 2699 in
436 2634 475 2714 X,
500 2637 548 2711 35,
574 2639 622 2712 17,
646 2635 703 2698 ubi
727 2635 827 2700 verba
848 2635 1021 2717 aptissima
1049 2637 1230 2719 segniter
1257 2658 1372 2703 arma

220 2746 339 2829 capit,
362 2765 434 2826 quae
457 2742 578 2808 addere
601 2743 642 2809 de
665 2765 725 2808 suo
747 2743 867 2807 nemini
889 2744 923 2808 in
942 2751 1084 2810 mentem
1100 2746 1209 2810 venire
1226 2753 1370 2829 poterat,

152 2869 205 2939 (32)
224 2854 258 2917 in
280 2852 340 2919 MP
363 2851 554 2916 exciderunt
581 2858 716 2935 propter
744 2852 926 2933 segniter
953 2851 1004 2917 bis
1033 2855 1177 2936 positum
1199 2852 1314 2935 (etiam
1336 2855 1372 2918 in

219 2961 295 3026 Lov.
320 2965 338 3023 2
363 2966 396 3024 et
418 2960 490 3024 edd.
515 2960 715 3044 quibusdam
744 2958 938 3039 veteribus),
967 2961 1000 3024 in
1023 2961 1067 3025 Ll
1093 2963 1278 3046 ceterisque
1302 2983 1370 3027 ser-

219 3069 382 3150 venture)
427 3069 463 3133 In
486 3067 523 3148 V,
550 3074 596 3145 15,
623 3072 657 3131 ll
684 3067 774 3133 solus
797 3067 888 3132 Harl.
916 3074 929 3131 1
955 3090 1028 3133 oum
1051 3077 1145 3153 parte
1169 3069 1371 3135 deteriorum

247 3282 269 3348 ¹)
289 3279 380 3349 [Quod
407 3280 531 3346 fuerunt,
559 3281 607 3349 qui
625 3279 843 3336 Nicomachiana
864 3283 1027 3337 recensione
1051 3301 1103 3352 par
1127 3283 1197 3338 illud
1221 3283 1370 3338 consulum

286 3368 426 3421 sublatum
444 3384 503 3421 esse
522 3367 688 3433 seriberent,
712 3367 953 3436 perversissimum
972 3374 1023 3434 est,
1048 3369 1181 3437 quoniam
1199 3370 1321 3439 vestigia
1338 3370 1369 3423 iu

285 3453 353 3523 ipsis
370 3451 598 3507 Nicomachianis
622 3451 767 3506 codicibus
784 3456 940 3520 emergunt.
977 3454 1067 3520 Quum
1085 3455 1114 3508 in
1133 3455 1195 3509 cod.
1214 3454 1369 3524 archetypo

285 3539 420 3608 scriptum
439 3544 525 3592 esset:
545 3535 598 3607 Sp.
616 3537 759 3591 Larcius
777 3537 860 3591 inde
877 3545 911 3592 et
928 3537 959 3590 T.
977 3538 1168 3607 Ermenius‚
1192 3540 1221 3593 P.
1240 3540 1366 3594 Luere-

284 3624 352 3679 tius
371 3622 450 3677 inde
468 3622 703 3678 etP.Valerius
718 3622 909 3689 cosslaoti,
928 3623 1368 3680 librariusaberraritalsarcio

284 3709 320 3763 od
337 3709 548 3776 Lucretium,
574 3709 676 3763 deinde
700 3725 729 3762 se
752 3708 871 3761 retraxit
893 3709 1035 3776 nonnihil,
1063 3711 1113 3765 sed
1135 3712 1175 3765 ita
1196 3713 1367 3781 perturbata

284 3796 430 3863 scriptura,
449 3801 487 3862 ut,
506 3795 554 3863 qui
572 3795 598 3847 ei
616 3798 819 3860 successerunt,
838 3811 923 3847 unum
941 3811 993 3862 par
1011 3793 1171 3864 efficerent]

242 3879 267 3946 ¹)
284 3879 317 3934 In
332 3897 355 3934 c
365 3882 407 3948 50,
425 3881 441 3934 5
454 3880 511 3934 iam
529 3880 558 3934 in
577 3879 637 3934 cod
649 3878 802 3947 archetypo
821 3878 978 3934 litterarum
996 3882 1147 3937 earundem
1165 3887 1215 3936 aut
1232 3881 1366 3935 similium

283 3981 434 4019 concursus
462 3963 712 4032 (nouauiaaiolo
734 3991 780 4030 —,
808 3980 893 4031 quum
919 3968 1077 4034 praesertim
1104 3967 1112 4020 l
1137 3972 1166 4022 et
1192 3970 1199 4019 Ι
1223 3965 1368 4020 simillima

283 4049 385 4117 essent)
404 4050 504 4117 effecit,
522 4055 554 4105 ut
571 4049 634 4104 Aio
653 4048 800 4102 excideret

241 4133 265 4204 ⁸)
286 4134 329 4205 [ln
347 4135 380 4205 V,
404 4138 446 4205 52,
470 4139 501 4191 13
519 4136 548 4189 hi
566 4141 595 4190 et
612 4133 682 4188 dett
703 4140 848 4190 servarunt
865 4137 986 4207 vestigia
1003 4137 1079 4207 (fas,
1102 4137 1170 4207 eos)
1188 4139 1366 4208 pronominis

282 4238 354 4289 eas,
373 4219 449 4289 quod
466 4222 496 4277 in
513 4219 566 4276 MP
585 4220 672 4285 abest,
690 4219 721 4274 in
738 4219 839 4276 Veron.
858 4221 970 4291 exstat]
