3060 5272
703 746 765 807 243

153 925 254 993 Frob.
293 929 372 991 1531
412 932 502 992 recte
529 928 624 994 initio
655 930 774 1013 capitis
802 929 958 1014 leguntur
984 929 1001 1014 ἓ
1032 934 1047 993 l
1078 937 1112 996 et
1140 935 1175 995 2:
1211 929 1311 999 Con·

153 1035 265 1100 sules
286 1034 440 1099 Atilius
462 1070 506 1080 -
527 1057 605 1102 non
633 1037 868 1116 veniebant,
896 1039 1102 1122 transposita
1130 1044 1164 1104 et
1186 1041 1312 1106 inserta

154 1146 232 1208 sunt
258 1149 337 1226 post
359 1140 376 1225 ξ
400 1146 418 1206 3
442 1144 529 1209 iuter
556 1143 707 1209 bellum
736 1150 928 1227 gererent
957 1152 991 1210 et
1013 1145 1137 1224 Quum
1165 1147 1213 1212 ad
1237 1147 1311 1213 Ge·

154 1251 353 1331 reonium,
392 1249 483 1315 nullo
518 1250 630 1316 codice
665 1250 867 1334 discedente)
901 1253 1081 1337 stirpisque
1115 1257 1311 1339 propagatio

156 1358 278 1425 sensim
300 1358 342 1423 ab
366 1358 493 1439 origine
516 1358 746 1441 degenerantis
771 1361 879 1443 qualis
903 1361 956 1438 sit,
985 1359 1128 1425 breviter
1150 1361 1312 1428 declarari

154 1473 282 1551 potcst3
304 1472 377 1531 tota
398 1467 484 1530 enim
505 1487 560 1530 res
582 1488 686 1550 prope
709 1468 743 1531 in
765 1488 832 1532 uno
856 1487 959 1549 eoque
981 1467 1138 1535 facillimo
1162 1471 1310 1554 exemplo

154 1575 390 1659 perspicietur,
420 1573 510 1657 quod
533 1595 572 1638 ex
594 1573 680 1639 libro
704 1573 812 1654 XXII,
843 1578 899 1653 28,
930 1580 950 1638 4
973 1597 1110 1655 sumam,
1140 1578 1195 1659 qui
1217 1577 1311 1643 locus

155 1683 257 1747 etiam
289 1702 377 1745 nuno
408 1682 443 1745 in
477 1681 678 1747 editionibus
707 1680 904 1765 depravatus
934 1683 1171 1749 circumfertur.
1226 1685 1312 1750 Nam

156 1811 258 1876 quum
291 1789 403 1853 Livius
436 1789 484 1853 sio
518 1790 720 1873 scripsisset:
761 1810 920 1856 oausam
953 1791 1192 1856 certaminis
1226 1813 1311 1856 cum

156 1898 351 1976 Minucio,
380 1917 494 1979 quem
517 1917 807 1981 procursurum
830 1895 879 1961 ad
903 1897 1183 1963 obsistendum
1206 1901 1311 1964 satis

155 2005 333 2084 sciebat,
362 2005 617 2083 contrahere,
649 2004 777 2069 delecto
801 2005 900 2069 verbo
924 2005 1244 2089 (procursurum)
1269 2007 1311 2072 ad

155 2113 329 2179 vehemens
352 2112 489 2177 Minucii
511 2113 677 2196 ingenium
701 2112 936 2177 declarandum
958 2120 1051 2197 apto,
1080 2115 1113 2177 in
1136 2113 1161 2177 P
1186 2113 1241 2196 (-
1264 2116 1311 2179 sic

156 2223 244 2288 enim
272 2220 426 2302 deinceps
456 2241 576 2284 nomen
605 2219 729 2285 notabo
752 2219 809 2301 -)
839 2227 897 2284 aut
925 2222 1024 2285 etiam
1047 2222 1081 2285 in
1103 2221 1216 2287 codice
1239 2223 1311 2287 eius

156 2335 310 2414 parente,
343 2326 458 2410 addita
493 2327 650 2393 facillimo
679 2348 789 2392 errore
818 2348 883 2392 una
910 2328 1036 2407 littera,
1072 2330 1232 2412 scriptum
1260 2336 1312 2394 est

155 2458 228 2522 per
269 2455 504 2502 ocursurum
544 2433 624 2515 (una
655 2435 770 2499 littera
803 2434 848 2516 e);
889 2434 1006 2501 deinde
1039 2436 1074 2500 in
1108 2434 1310 2515 Golbertino,

156 2543 272 2609 addito
294 2542 399 2607 altero
423 2562 447 2620 e,
471 2540 588 2606 effecta
607 2541 727 2607 Latina
749 2563 810 2607 vox
834 2548 894 2620 est,
917 2544 1082 2607 sententia
1105 2551 1311 2608 structurave

157 2650 264 2716 nulla:
305 2670 377 2733 per
412 2669 690 2729 occursurum,
728 2650 806 2715 hinc
844 2651 877 2714 in
917 2651 1036 2715 ceteris
1069 2649 1219 2716 omnibus
1254 2650 1310 2732 (ab

157 2760 255 2824 unius
277 2757 418 2822 hominis
441 2757 658 2839 correctione)
681 2764 812 2836 natum,
841 2764 879 2821 ut
901 2758 1013 2840 aliqua
1035 2764 1123 2823 esset
1144 2765 1312 2825 structura

158 2874 191 2932 et
230 2866 409 2932 sententia:
450 2885 606 2947 semper
640 2886 919 2946 occursurum,
954 2865 1041 2948 quod
1071 2885 1184 2930 omnes
1213 2864 1311 2931 hodie

157 2994 289 3059 quoque
322 2979 450 3050 tenent,
484 2973 679 3055 pravissimo
714 2971 885 3053 adverbio,
919 2974 1075 3058 quoniam
1107 2994 1172 3038 non
1206 2972 1246 3037 de
1273 2993 1310 3038 re

156 3103 241 3167 saepe
275 3101 457 3164 semperve,
494 3080 551 3144 scd
587 3078 702 3158 semel,
737 3102 838 3162 quum
865 3080 1031 3146 Hannibal
1067 3081 1229 3146 tumulum
1258 3102 1310 3146 ce-

156 3191 267 3274 pisset,
294 3188 407 3253 futura
429 3190 548 3270 agitur.
600 3186 641 3268 (Α
664 3188 810 3253 Mediceo
835 3209 990 3273 semper
1015 3187 1202 3268 „exsulare“
1227 3189 1311 3255 Dra·

154 3296 375 3363 kenborohius
399 3295 494 3376 dicit,
528 3294 600 3360 fieri
623 3302 744 3379 potest,
773 3304 811 3361 ut
833 3296 989 3362 librarius
1013 3298 1161 3362 omiserit
1181 3295 1310 3362 litteras

156 3426 254 3471 sensu
278 3411 445 3483 carentes3
476 3404 532 3468 sed
557 3402 660 3469 multo
684 3403 891 3487 probabilius
914 3410 974 3484 est,
1003 3405 1037 3469 in
1061 3425 1110 3484 eo,
1140 3410 1178 3467 ut
1200 3405 1234 3468 in
1255 3426 1310 3487 ge·

154 3511 252 3579 mello
282 3510 322 3593 Ο,
357 3512 516 3595 scriptum
550 3511 650 3576 fuisso
687 3511 783 3594 per.)
837 3511 946 3595 Atque
980 3511 1035 3576 hic
1063 3532 1154 3576 error
1181 3511 1310 3593 longius

155 3641 288 3705 serpere
317 3626 412 3684 extra
438 3618 463 3682 P
486 3621 611 3703 coepit;
646 3625 761 3684 contra
788 3620 822 3683 in
850 3617 936 3683 libro
960 3617 1053 3696 XXI,
1089 3621 1147 3697 46,
1180 3621 1198 3680 6
1229 3616 1310 3681 inP

155 3728 261 3812 prima
282 3747 382 3792 manu
406 3728 565 3810 scriptum
589 3732 653 3791 est:
687 3727 764 3790 iarn
792 3746 934 3809 magna
963 3746 1009 3790 ex
1036 3732 1156 3809 parte
1185 3724 1310 3790 addes

155 3856 289 3921 pugna
311 3837 450 3901 iuerat
472 3833 603 3917 (Alscb,
626 3855 760 3918 pugna
782 3834 916 3898 uierat
938 3832 1065 3914 (lton),
1087 3853 1153 3897 nna
1175 3831 1310 3916 syllaba,

155 3949 192 4007 ut
225 3963 312 4027 sape
346 3944 380 4007 in
413 3942 477 4008 hoo
510 3942 638 4021 codice,
674 3942 812 4020 omissa,
846 3960 946 4023 quam
981 3939 1136 4006 Gronovii
1172 3959 1310 4006 acumen

152 4051 292 4116 retraxit
320 4049 383 4132 (ad
411 4049 535 4134 pedes
563 4069 698 4134 pugna
725 4049 858 4113 iverat
880 4054 941 4113 aut
962 4047 1161 4130 venerat);
1195 4046 1310 4113 sedin

153 4159 226 4242 ipso
272 4157 385 4225 codice
425 4158 532 4224 altera
571 4178 688 4223 manus
727 4156 891 4222 infelicem
931 4157 1156 4224 coniecturam
1196 4162 1311 4220 secuta

153 4264 275 4332 effecit:
311 4287 462 4351 anceps
497 4286 631 4351 pugna
663 4266 807 4330 iverat.
863 4264 948 4330 Hinc
981 4265 1016 4329 in
1050 4265 1168 4330 ceteris
1196 4263 1311 4345 (etiam

153 4372 242 4457 MC),
280 4374 397 4440 addita
434 4374 605 4439 sententia
643 4394 745 4438 causa
784 4372 890 4438 altera
930 4373 1136 4452 coniectura,
1176 4377 1306 4436 natum:
1325 4387 1397 4455 (ποι)

153 4503 301 4568 anceps
330 4503 465 4566 pugna
494 4488 593 4546 erat.
644 4480 732 4545 Alibi
761 4485 873 4545 autem
900 4481 933 4545 in
962 4480 1152 4546 recentibus
1182 4480 1313 4544 demum

152 4589 319 4656 codicibus
352 4589 591 4656 emendationis
624 4595 762 4654 conatus
796 4595 944 4672 apparet.
1001 4586 1097 4665 Quod
1130 4593 1240 4653 autem
1274 4592 1308 4651 et
1325 4591 1396 4661 (204)

1029 4705 1077 4759 16*
