3060 5272
853 307 892 368 18

297 503 407 561 autem
430 494 507 559 libri
528 514 555 558 c.
575 496 625 572 32,
648 498 668 557 4
692 513 793 575 quum
812 492 859 557 sic
875 490 986 556 Livius
1011 490 1210 575 scripsisset:
1233 491 1302 556 ubi
1325 498 1365 558 et
1386 515 1450 559 va·

298 610 411 669 stare
454 601 537 687 ipsi
577 600 816 666 Samnitium
861 620 1000 683 agrum
1044 599 1368 682 prohiberentur
1410 608 1449 668 et

298 710 439 795 egredi
461 709 559 775 iude
581 711 620 774 in
642 714 792 793 pacata
814 709 1096 790 sociorumque
1119 708 1260 792 populi
1278 710 1449 776 Romani

297 819 405 886 fines
434 818 650 884 Samnitem
677 815 1004 900 prohiberent¹)‚
1032 815 1110 895 fuit,
1139 818 1196 899 qui
1223 817 1322 883 alteri
1348 819 1449 884 verbo

229 941 282 1007 (17)
301 925 467 1013 (egredi)
485 948 550 993 non
569 926 649 991 satis
665 924 865 1009 respondere
883 925 975 1008 prius
992 922 1186 1005 (vastare)
1198 933 1341 1008 putaret,
1358 927 1449 1009 quod

297 1057 363 1101 non
379 1034 594 1118 intellegeret
610 1033 693 1098 nihil
710 1034 796 1098 iuter
813 1033 996 1116 ingressum
1014 1033 1085 1115 egri
1101 1031 1230 1098 hostilis
1244 1040 1277 1099 et
1289 1036 1450 1101 vastatio·

298 1166 373 1209 nem
395 1145 562 1221 interesse,
592 1150 650 1207 aut
673 1142 730 1225 qui
752 1141 815 1206 hoc
837 1141 944 1224 ipsum
967 1140 1184 1206 animadverti
1206 1141 1314 1221 vellet,
1335 1144 1370 1208 in
1392 1166 1449 1209 va·

298 1252 408 1318 standi
419 1251 518 1317 verbo
531 1251 689 1316 contineri
701 1247 798 1314 simul
809 1246 992 1313 intrandi
1010 1248 1176 1313 notionem
1188 1252 1389 1317 contrariam
1400 1252 1449 1317 el-

297 1361 361 1426 teri
379 1358 622 1444 egrediendi,
643 1378 748 1439 eaque
765 1357 830 1421 sive
849 1356 1008 1421 correctio
1026 1356 1092 1421 sive
1104 1356 1275 1424 adnotatio
1287 1381 1388 1442 quum
1400 1363 1451 1426 sic

838 1465 1000 1528 intrare

299 1580 386 1639 essct
408 1574 606 1658 perscripta:
641 1573 710 1637 ubi
739 1577 779 1637 et
802 1578 979 1650 vestare,
1014 1570 1090 1637 inde
1112 1573 1146 1637 in
1169 1573 1271 1653 Med,
1303 1574 1394 1641 Leid.
1422 1582 1450 1657 l,

299 1683 374 1747 ahie
397 1689 504 1746 ortum
527 1687 593 1746 est:
628 1681 695 1745 ubi
719 1687 758 1746 et
780 1681 938 1744 intrare
961 1688 1136 1761 vestare,
1166 1681 1284 1747 deiude
1306 1683 1340 1748 iu
1364 1683 1453 1766 aliis,

298 1791 501 1873 transposita
523 1789 658 1873 copula:
683 1789 750 1853 obi
774 1789 933 1852 intrare
957 1795 995 1852 et
1017 1795 1190 1855 vastare.
1225 1789 1303 1872 (Qui
1322 1790 1449 1858 fectum

299 1900 351 1978 sit,
374 1904 412 1962 ut
428 1897 501 1962 Por.
515 1905 549 1963 et
566 1898 623 1962 alii
640 1898 737 1981 pauci
753 1895 816 1961 hoc
833 1895 906 1960 loco
925 1896 1044 1979 integri
1063 1897 1139 1977 siut,
1162 1899 1330 1982 aperietur
1346 1900 1450 1983 paulo

299 2006 397 2091 post.)
439 2006 523 2071 Item
545 2007 873 2089 interpretamentum
890 2011 971 2083 erat,
993 2026 1059 2069 non
1076 2006 1249 2072 varietatis
1266 2007 1451 2090 adnotatio,

298 2113 387 2197 quod
408 2113 493 2179 libro
516 2113 563 2192 11,
594 2118 644 2191 56,
674 2116 693 2176 2
716 2113 764 2178 sic
787 2112 890 2177 codex
912 2110 1110 2197 archetypus
1134 2115 1292 2198 seriptum
1313 2115 1451 2182 habuit:

1054 2221 1450 2290 administraturum

298 2352 386 2396 eum
403 2329 598 2395 vexandis
615 2329 768 2422 prioris
787 2329 880 2395 anni
898 2328 1137 2394 consulibus
1156 2332 1450 2414 permissurum

299 2438 553 2503 tribunatum
576 2437 811 2516 credebant,
835 2459 875 2502 ex
899 2459 964 2521 quo
986 2437 1020 2500 in
1042 2437 1126 2502 Med.
1148 2444 1182 2503 et
1205 2439 1276 2504 cod.
1296 2440 1449 2507 Rhenaui

298 2544 508 2611 factumest:
537 2546 827 2628 permissurum
851 2545 1234 2611 administraturum
1257 2547 1452 2614 tribuna·

298 2660 378 2718 tum
402 2652 533 2734 (deinde
559 2654 592 2716 in
614 2653 856 2733 recentissimis,
881 2653 968 2735 quod
990 2652 1069 2717 ferri
1092 2653 1213 2738 duplex
1230 2656 1365 2721 verbum
1381 2678 1449 2722 nou

298 2768 442 2846 poterat:
466 2761 840 2845 pertinacissimum
864 2760 1246 2826 administraturum
1264 2763 1450 2830 tribune·

297 2876 378 2934 tum
401 2876 460 2934 eut
481 2868 851 2953 pertinacissimum
876 2868 1148 2933 admissurum
1165 2870 1446 2954 tribunatum),

297 2978 332 3042 in
354 2977 428 3042 Par.
452 2976 499 3058 (et
520 2977 611 3042 Voss.
637 2976 668 3057 1)
691 2976 756 3041 alio
781 2976 908 3041 ordine:
949 2976 1333 3044 administraturum
1356 3001 1445 3064 per·

298 3085 516 3150 missurum
533 3084 789 3150 tribunatum
802 3083 901 3165 (unde
918 3084 952 3147 in
965 3085 1303 3152 unorecentiortum:
1328 3088 1448 3153 admi·

298 3194 570 3258 nistraturum
594 3193 838 3276 permissum
856 3192 1126 3258 tribunatum.
1159 3193 1249 3259 Leid.
1270 3200 1297 3273 l,
1315 3194 1407 3261 Harl.
1430 3202 1445 3260 l

298 3300 457 3383 multique
474 3299 654 3366 deteriores
671 3299 734 3365 hoc
751 3301 1080 3385 interpretamentum
1097 3323 1163 3367 non
1173 3302 1321 3384 habent).
1350 3304 1449 3369 Pror-

298 3430 353 3474 sus
376 3415 486 3474 autem
509 3409 655 3474 eiusdem
672 3416 723 3474 est
742 3411 881 3492 generis
905 3408 993 3491 quod
1012 3409 1047 3473 in
1064 3409 1150 3474 libro
1167 3410 1207 3490 x,
1225 3416 1253 3492 6,
1272 3416 1290 3475 3
1308 3412 1354 3476 sic
1372 3411 1448 3478 dico

1250 3518 1426 3585 deducta

297 3625 455 3706 seriptum
482 3624 660 3707 aliquando
682 3623 796 3689 fuisse:
832 3624 987 3707 plebem
1017 3625 1193 3707 quietam
1220 3636 1451 3693 exonerate

297 3735 337 3798 in
360 3732 545 3798 colonias
567 3731 794 3797 multitudo
818 3731 1054 3814 praestabat,
1077 3734 1141 3799 nisi
1158 3735 1246 3817 quod
1266 3757 1448 3802 consensus

327 4012 349 4078 ¹)
367 4011 519 4082 Regredi
547 4016 576 4066 et
598 4009 683 4080 paulo
707 4016 771 4064 ante
795 4029 973 4081 regressos
998 4031 1092 4069 errore
1115 4020 1183 4070 neta
1205 4020 1277 4070 sunt.
1321 4015 1354 4069 ln
1376 4015 1448 4086 ipsis

365 4097 493 4152 confiniis
525 4096 631 4151 Samnii
662 4100 691 4149 et
722 4095 880 4167 Campaniae
914 4099 1085 4154 Samnitibus
1115 4100 1236 4156 Romani
1266 4107 1448 4156 occurrentes

366 4182 464 4252 egredi
482 4182 548 4236 illos
565 4182 623 4236 ruis
640 4180 743 4236 finibus
762 4183 959 4254 prohibebant,
976 4201 1035 4240 non
1051 4185 1171 4255 regredi.
