3060 5272
248 361 313 415 Lib.
332 359 429 414 xxvl.
795 346 856 406 378

247 531 440 611 ditmead,
475 531 561 595 unde
591 527 677 595 effici
703 529 848 594 videtur:
876 565 919 575 —
947 529 1158 596 descendit
1186 531 1339 613 (etenim
1360 568 1405 579 —

244 639 460 720 credebat)
484 646 523 704 et
546 638 697 703 relicto
717 646 778 703 cet.
802 636 925 718 (1863.)
959 637 1084 703 Eodem
1107 638 1404 724 capite§sslegun·

247 754 302 812 tur
330 748 398 813 haec
426 747 481 828 (de
512 746 664 831 Philippo
694 745 875 810 Macedone
905 750 938 809 et
959 744 1075 811 Maedis
1101 747 1136 810 in
1164 767 1302 831 reguum
1330 749 1402 815 eius

247 857 430 934 incurrere,
460 875 560 936 quum
583 853 661 919 alibi
686 860 868 936 occupatus
891 859 993 932 esset,
1021 853 1158 937 solitis):
1192 853 1401 938 Frangen-

246 963 320 1027 das
354 963 485 1046 igitur
517 968 677 1027 vastare
706 982 823 1044 agros
854 965 892 1024 et
919 960 1055 1026 urbem
1083 961 1401 1046 Iamphorynam,

248 1077 368 1154 caput
395 1091 610 1152 arcemque
640 1068 825 1146 Maedicae,
863 1089 1099 1151 oppugnare
1127 1071 1278 1154 coepit.
1336 1068 1401 1150 Sic,

247 1179 394 1263 exceptis
427 1177 601 1242 levissimis
630 1176 797 1242 erroribus
826 1177 859 1240 in
888 1177 1043 1241 extremis
1070 1177 1178 1243 verbis
1207 1176 1311 1257 (velut
1337 1197 1401 1242 ar·

247 1286 436 1369 gemque),
460 1286 484 1350 P
508 1286 675 1369 ceterique
699 1284 827 1349 codices
851 1284 952 1368 paulo
975 1284 1138 1350 meliores.
1177 1283 1272 1362 Quod
1293 1306 1400 1369 nuper

247 1395 391 1478 positum
426 1400 476 1459 est
503 1393 551 1475 (et
581 1395 647 1457 iam
675 1392 764 1475 apud
794 1391 1101 1456 Drakenborcbium
1130 1413 1148 1457 e
1177 1392 1283 1458 tribua
1310 1393 1400 1459 codi-

246 1503 339 1571 cibus
363 1501 550 1565 recentibus
577 1499 786 1579 adnotatur):
822 1500 877 1563 Ad
899 1499 1146 1579 frangendos
1168 1500 1315 1583 igitur,
1348 1501 1401 1565 vix

247 1609 299 1673 hic
322 1609 386 1673 dici
408 1609 528 1674 omisso
551 1608 742 1690 pronomine
766 1606 864 1688 (eos)
889 1609 1011 1690 potuit,
1046 1609 1201 1690 quoniam
1228 1628 1325 1690 gens
1356 1629 1402 1673 ea

154 1728 232 1796 (309)
253 1718 430 1799 praecessit.
487 1716 598 1780 Fuisse
634 1714 762 1779 videtur
791 1724 862 1779 aut:
896 1715 953 1779 Ad
987 1715 1239 1797 frangendas
1273 1716 1402 1798 igitur

248 1824 349 1886 vires
384 1830 545 1888 vastare
580 1844 698 1905 agros
726 1828 786 1887 aut
815 1824 939 1907 potius:
974 1822 1240 1906 Frangendas
1273 1823 1402 1907 igitur

247 1932 348 1995 rtrcs
377 1938 482 1993 ratus
511 1938 675 1995 vastare
704 1951 824 2013 agros
855 1937 915 1995 cet.
973 1929 1113 2010 Deinde,
1141 1936 1318 2015 postquam
1340 1930 1401 2014 §9

246 2041 356 2106 Livius
380 2040 521 2123 Scopam
548 2039 707 2117 narravit,
741 2044 870 2103 armata
898 2039 986 2103 omni
1008 2037 1194 2104 AEtolorum
1221 2039 1401 2118 iuventute,

246 2148 397 2215 bellum
414 2148 568 2213 inferre
586 2147 823 2212 Acarnaniae
852 2167 1031 2230 parasse,
1059 2151 1242 2230 sequuntur
1264 2143 1281 2228 δ
1306 2149 1346 2211 10
1367 2147 1401 2210 in

247 2257 413 2322 codicibus
437 2256 511 2336 (PM
535 2255 643 2334 Cant,
677 2255 753 2319 Lov.
783 2260 814 2334 l,
845 2257 872 2334 3,
902 2260 930 2332 5,
960 2254 1049 2335 aliis)
1072 2253 1158 2319 brec:
1193 2253 1401 2319 Adversus

247 2365 351 2448 quod
379 2386 417 2429 se
440 2365 693 2428 Acarnanum
721 2383 834 2445 gens,
864 2370 904 2427 et
933 2361 1093 2427 viribus
1119 2362 1247 2445 impar
1270 2360 1403 2442 (Weiss.

247 2493 287 2536 ex
317 2471 340 2534 P
370 2470 478 2535 adfert
512 2470 718 2553 imparem)
753 2476 794 2533 et
826 2470 904 2533 iam
938 2468 1141 2534 Oeniadas
1175 2469 1405 2552 Nasumque

247 2579 394 2642 amissa
411 2598 583 2643 cernens
602 2579 862 2661 Romanaque
886 2578 1055 2659 insuper
1073 2597 1183 2642 arma
1200 2576 1404 2659 ingruere,

247 2687 309 2749 ira
331 2687 459 2768 magis
484 2685 658 2749 instruit
681 2705 794 2765 quam
817 2685 991 2749 consilio
1014 2683 1176 2749 bellum.
1211 2683 1405 2768 Superiores

246 2792 407 2857 fecerant:
432 2793 637 2856 Adversus
661 2791 1032 2872 quoddcarnannm
1049 2813 1153 2875 gens,
1176 2792 1310 2857 Weiss:
1333 2791 1405 2856 Ad·

247 2922 386 2965 versus
409 2900 515 2985 quod
537 2921 577 2964 se
598 2900 850 2964 Acarnanum
875 2921 970 2982 gens
988 2936 1030 2946 —
1049 2901 1244 2983 imparem
1262 2934 1301 2945 -
1321 2919 1404 2964 cer·

248 3029 345 3072 nens
363 3014 424 3072 cet.
459 3007 497 3071 In
514 3014 654 3089 utraque
667 3008 830 3090 scriptura
849 3006 913 3072 duo
932 3008 1138 3073 suntvitiose
1151 3007 1255 3072 dicta:
1278 3008 1404 3091 impar

247 3117 439 3181 adversus
469 3114 623 3180 bellum
651 3121 699 3179 et:
740 3115 935 3180 adversus
969 3115 1076 3197 quod
1104 3114 1404 3180 bellum-in·

249 3225 377 3289 struit
395 3223 555 3288 bellum.
585 3224 696 3289 Livius
713 3225 908 3308 scripserat:
926 3222 1404 3305 Adversusqmffltoloa)

247 3332 501 3397 Acarnanum
518 3354 624 3415 gens,
648 3339 686 3396 et
704 3331 862 3396 viribus
879 3331 1011 3414 impar
1029 3332 1157 3396 etiam
1174 3365 1218 3376 -
1234 3350 1404 3396 cernens

244 3475 299 3518 -,
317 3441 489 3504 instruit
506 3475 549 3484 —
566 3439 728 3505 bellum.
766 3438 928 3515 Quodse
952 3445 1059 3503 ortum
1083 3459 1123 3503 ex
1141 3459 1252 3503 errore
1270 3436 1405 3522 (quod)

246 3556 282 3612 et
305 3549 509 3613 correctione
533 3548 584 3628 (s),
607 3547 715 3611 vocali
738 3567 836 3630 prave
855 3545 979 3610 addita.
1010 3544 1079 3628 [Sic
1098 3546 1149 3610 ed.
1166 3545 1264 3611 Frob.
1297 3543 1404 3628 1531]

203 3659 206 3663 ’
247 3653 350 3721 Paulo
369 3662 446 3739 post
463 3653 493 3737 (ἓ
515 3658 577 3734 13),
594 3653 651 3719 ubi
668 3655 702 3718 in
716 3654 741 3717 P
755 3662 821 3719 est:
841 3653 1405 3737 adliberentqhumatistitu·

247 3763 335 3841 lum,
357 3763 392 3828 in
414 3762 512 3828 editis
535 3761 874 3845 adhiberentque‚
897 3761 986 3844 quod
1010 3761 1051 3827 de
1074 3760 1171 3827 titulo
1194 3761 1260 3825 dici
1281 3762 1405 3845 nequit,

248 3870 386 3936 subesse
408 3870 553 3935 videtur:
576 3869 867 3951 adderantque.
902 3867 1252 3951 [Adiigerentque.
1286 3867 1393 3952 1863]

334 3977 413 4063 Cap.
448 3983 504 4053 26,
542 3982 576 4042 6:
630 3978 803 4042 crimina
844 3977 956 4042 edita
996 3975 1095 4044 ficta
1133 3977 1181 4043 ab
1224 3978 1406 4044 inimicis
1477 4054 1494 4081 b

248 4085 424 4168 vulgare.
477 4086 531 4151 Sic
563 4085 709 4163 codices,
738 4085 941 4152 intolerabili
965 4086 1141 4170 asyndet03
1170 4087 1284 4169 itaque
1307 4085 1405 4168 vulgo

246 4193 360 4259 editur
387 4193 501 4258 edita
527 4194 725 4277 fictaque3
763 4193 822 4258 sed
851 4194 901 4259 vel
924 4194 971 4258 sic
994 4190 1132 4258 offendit
1154 4193 1408 4277 participiorum
