3060 5272
698 806 758 868 ⁷03
1018 876 1028 893 ,
1126 821 1189 876 ιιι».
1207 821 1306 877 xciv.
1334 886 1350 919 ·

152 992 201 1057 ad
239 990 577 1075 contemplandos
615 989 850 1071 transitus),
890 991 1057 1069 viderunt,
1098 1001 1136 1057 ut
1169 994 1306 1060 verbum

153 1122 255 1166 uuum
277 1110 336 1165 aut
358 1099 501 1165 alterum
524 1099 703 1178 excideret,
739 1120 840 1183 quum
867 1099 1054 1165 huiusmodi
1086 1101 1205 1166 fuisset
1233 1123 1306 1168 ora·

153 1209 253 1275 tionis
275 1209 397 1274 forma:
421 1209 494 1273 llis
517 1207 750 1292 exploratis
767 1207 847 1271 alla
866 1230 1023 1293 quoque
1047 1210 1200 1273 ιοιιιΙι
1222 1211 1305 1289 (velt

152 1320 192 1383 iu
214 1317 359 1383 melius
381 1314 585 1397 mutavit),
608 1318 793 1400 primum,
822 1323 868 1381 ut
901 1317 1044 1382 ordine
1076 1353 1119 1363 —
1140 1319 1306 1398 fierent,

152 1425 345 1511 providit.
393 1423 559 1508 [Ceterum
592 1426 745 1508 suppleta
779 1426 927 1490 oratione
966 1427 1041 1492 illa
1079 1427 1221 1492 fortasse
1255 1449 1306 1492 re-

152 1534 250 1599 tineri
271 1554 369 1617 posse
386 1533 637 1616 Wesenbergius
660 1540 750 1598 recte
772 1531 922 1616 monuit]
961 1535 1069 1618 Atque
1091 1535 1178 1600 idem
1199 1537 1233 1600 in
1256 1538 1307 1611 iis,

154 1664 226 1727 quae
248 1648 431 1724 sequuntur
454 1640 485 1724 (ἕ
509 1644 552 1722 6),
576 1642 701 1706 lactum
724 1662 795 1706 esse
819 1641 963 1721 videtur,
991 1642 1049 1707 sed
1077 1645 1242 1726 apertiore
1265 1644 1306 1709 de

154 1772 264 1816 causa.
307 1749 391 1816 Nam
414 1760 452 1815 ut
473 1771 561 1815 nunc
584 1749 711 1814 editur:
745 1748 824 1815 Ubi
856 1751 1040 1816 omnibus
1069 1753 1187 1816 simul
1217 1774 1306 1834 pro-

152 1860 429 1933 nuntiaretur,
453 1858 558 1940 quod
582 1858 720 1936 lieret,
742 1878 870 1940 neque
893 1879 1027 1924 omnes
1049 1860 1305 1938 exaudirent,

153 1968 311 2033 incerto
344 1967 519 2049 imperio
553 1973 737 2050 accepto,
771 1966 877 2031 alios
909 2002 952 2012 -
979 1969 1072 2052 plus
1105 1990 1167 2048 eo,
1201 1970 1307 2052 quod

154 2077 396 2159 imperatum
424 2076 493 2151 sit,
528 2074 633 2139 alios
661 2075 791 2140 miuus
824 2075 979 2154 facere,
1013 2074 1055 2154 id,
1089 2077 1308 2159 quodminus

154 2193 243 2249 reete
265 2185 418 2249 instituto
442 2183 583 2248 efficitur
612 2188 663 2262 (ut
693 2205 759 2249 uon
789 2204 900 2249 omnes
923 2184 1126 2268 exaudiant),
1159 2188 1208 2251 ita
1235 2207 1308 2252 eum

154 2294 228 2376 ipso
262 2293 416 2387 instituto
450 2292 674 2373 coniungitur,
704 2300 741 2356 ut
762 2293 947 2374 tautologia
968 2301 1136 2359 nascatur.
1180 2294 1306 2378 Itaque,

156 2423 255 2485 quum
288 2402 322 2464 iu
356 2400 469 2465 codice
502 2421 568 2465 non
601 2400 847 2466 exaudirent
881 2401 939 2479 sit,
979 2401 1038 2466 sed
1077 2402 1304 2482 exaudiret,
1323 2412 1397 2481 (tet)

154 2510 265 2574 Livius
289 2508 331 2573 ad
354 2508 440 2573 hanc
467 2508 605 2573 formam
639 2509 811 2592 scripsisse
838 2508 982 2573 videtur:
1016 2508 1092 2574 Ubi
1125 2509 1309 2576 omnibus

154 2618 275 2683 simul
298 2618 657 2701 pronuntiaretur,
680 2617 788 2699 quod
810 2616 948 2695 fieret,
972 2635 1092 2694 neque
1114 2617 1218 2680 clare
1245 2638 1308 2682 ue-

155 2746 233 2807 que
257 2747 394 2790 omnes
419 2725 810 2805 exaudire3incerto
832 2725 1005 2808 imperio
1023 2730 1191 2809 accepto
1210 2726 1308 2791 alios

161 2841 224 2898 oet.
270 2831 349 2913 (Csr.
373 2855 400 2899 c.
425 2839 474 2914 36,
498 2834 541 2915 7.)

247 2941 324 3025 Cap.
361 2946 410 3020 34,
446 2948 464 3007 5
498 2950 588 3007 recte
620 2941 765 3006 Kochius
797 2940 975 3019 intellexit,
1005 2963 1106 3025 quum
1133 2943 1167 3007 in
1196 2942 1309 3008 codice

162 3059 262 3115 esset:
297 3050 402 3116 illos
427 3050 575 3132 (milites)
600 3051 701 3115 nihil
735 3050 886 3134 quodid
914 3051 1093 3116 futurum
1121 3052 1175 3117 sit
1203 3073 1309 3134 quae-

160 3180 247 3253 rere
270 3159 337 3223 ubi
362 3159 497 3223 datum
521 3160 679 3241 siguum
703 3161 756 3224 ιιι
784 3168 865 3225 tum
898 3160 1114 3224 militarem
1148 3181 1310 3244 operam

161 3267 295 3347 (navam
317 3267 461 3348 debere),
484 3267 543 3332 sub
566 3267 624 3334 illo
648 3268 814 3351 quodid,
837 3289 896 3351 pro
920 3291 984 3350 quo
1009 3268 1167 3353 Grynaeus
1190 3268 1311 3333 substi-

160 3384 271 3440 tuerat
299 3375 420 3459 quod‚
455 3377 559 3441 latere
592 3397 704 3440 rocem
731 3377 999 3458 interrogationis
1028 3376 1068 3440 de
1091 3385 1239 3459 tempore
1261 3378 1310 3440 iu·

162 3484 280 3564 dicem3
316 3484 520 3565 significatur
548 3485 634 3547 euim
656 3483 777 3547 milites
811 3503 940 3565 semper
961 3482 1005 3547 ad
1027 3483 1209 3547 navandam
1233 3503 1310 3565 ope·

160 3614 232 3657 ram
254 3601 389 3676 paratos
413 3614 483 3658 esse
506 3591 635 3670 debere,
657 3592 815 3674 temporis
839 3590 1002 3655 delectum
1024 3590 1214 3672 imperatori
1237 3612 1310 3673 per-

161 3702 301 3766 mittere.
348 3700 412 3766 Sed
435 3699 523 3783 quod
546 3698 705 3783 quaudo
728 3699 870 3781 scripsit,
893 3707 1003 3782 potest
1025 3699 1163 3780 propius
1191 3697 1234 3761 ad
1256 3718 1309 3761 co-

161 3808 266 3873 dicem
296 3808 423 3887 accedi,
451 3822 489 3873 ut
512 3808 556 3872 sit
588 3806 690 3871 nihil
723 3827 802 3888 quo
827 3806 905 3885 die,
928 3827 995 3871 una
1016 3806 1129 3871 littera
1151 3813 1309 3882 correcta,

161 3937 234 4000 quae
257 3917 437 4000 depravata
460 3923 519 3995 est,
543 3935 642 4000 quum
665 3917 685 3978 d
706 3916 861 3980 librarius
884 3915 927 3980 ad
944 3916 1086 3999 priorem
1108 3935 1218 3979 vocem
1240 3932 1309 3979 tra-

159 4025 264 4090 xisset
277 4025 366 4109 (quo
387 4023 483 4105 die);
497 4031 531 4089 et
542 4025 651 4089 acrius
663 4024 726 4089 hoc
738 4032 790 4089 est
800 4044 898 4105 quam
911 4023 1080 4107 quando.
1099 4022 1221 4104 (1864.)
1244 4021 1309 4086 Eo-

161 4130 1310 4215 demcepite§bomissialterinsverbi(cerneretprocerneret,

160 4241 300 4321 sciret)
323 4249 422 4305 tenue
452 4252 605 4324 superest
632 4243 665 4305 in
689 4240 799 4305 codice
822 4240 977 4304 indicium
1000 4239 1093 4323 (qui,
1115 4260 1179 4303 uon
1202 4238 1308 4321 quis)

160 4347 218 4412 sed
240 4348 329 4432 quod
352 4349 433 4413 satis
457 4349 515 4423 sit,
545 4350 699 4431 quoniam
721 4351 755 4413 in
778 4348 936 4431 primaria
959 4348 1123 4412 sententia
1145 4345 1175 4410 h.
1199 4346 1219 4410 l.
1243 4368 1309 4410 nou

159 4465 248 4522 recte
278 4457 442 4522 diceretur
472 4466 661 4521 cerneret
694 4478 753 4540 pro
786 4453 1051 4537 intellegeret
1079 4463 1138 4518 ant
1166 4456 1309 4523 sciret.

162 4564 203 4629 de
226 4567 418 4630 coniectura
441 4587 480 4630 eu·
501 4563 600 4629 rebus
623 4565 700 4629 visis
724 4573 823 4648 copta
846 4560 968 4643 (1864).

246 4672 324 4756 Cap.
349 4677 398 4753 35,
422 4681 456 4738 4:
492 4672 569 4737 Sub
603 4672 707 4736 idem
740 4679 901 4753 tempus
929 4669 1077 4737 Rhodii
1109 4670 1236 4754 legati
1268 4670 1309 4735 iu
