<?xml version="1.0" encoding="UTF-8"?>
<!DOCTYPE html PUBLIC "-//W3C//DTD XHTML 1.0 Transitional//EN"
    "http://www.w3.org/TR/xhtml1/DTD/xhtml1-transitional.dtd">
<html xmlns="http://www.w3.org/1999/xhtml" xml:lang="en" lang="en">
 <head>
  <title>
</title>
<meta http-equiv="Content-Type" content="text/html;charset=utf-8" />
  <meta name='ocr-system' content='tesseract 3.04.00' />
  <meta name='ocr-capabilities' content='ocr_page ocr_carea ocr_par ocr_line ocrx_word'/>
</head>
<body>
  <div class='ocr_page' id='page_1' title='image "./emendationesliv01madvgoog_0267.png"; bbox 0 0 3060 5272; ppageno 0'>
   <div class='ocr_carea' id='block_1_1' title="bbox 327 362 936 449">
    <p class='ocr_par' dir='ltr' id='par_1_1' title="bbox 327 362 936 449">
     <span class='ocr_line' id='line_1_1' title="bbox 327 362 936 449; baseline -0.007 -21"><span class='ocrx_word' id='word_1_1' title='bbox 327 373 390 428; x_wconf 76' lang='lat' dir='ltr'><strong>ns.</strong></span> <span class='ocrx_word' id='word_1_2' title='bbox 408 374 483 428; x_wconf 81' lang='lat' dir='ltr'><strong>mn.</strong></span> <span class='ocrx_word' id='word_1_3' title='bbox 705 425 717 449; x_wconf 61' lang='grc'><strong><em>,</em></strong></span> <span class='ocrx_word' id='word_1_4' title='bbox 873 362 936 424; x_wconf 80' lang='lat' dir='ltr'><strong>ase</strong></span> 
     </span>
    </p>
   </div>
   <div class='ocr_carea' id='block_1_2' title="bbox 241 545 1489 3961">
    <p class='ocr_par' dir='ltr' id='par_1_2' title="bbox 328 545 1488 739">
     <span class='ocr_line' id='line_1_2' title="bbox 329 545 1488 629; baseline 0.001 -19"><span class='ocrx_word' id='word_1_5' title='bbox 329 546 602 627; x_wconf 82' lang='lat' dir='ltr'>hominesque,</span> <span class='ocrx_word' id='word_1_6' title='bbox 626 551 900 611; x_wconf 89' lang='lat' dir='ltr'><strong>et-eventus</strong></span> <span class='ocrx_word' id='word_1_7' title='bbox 922 545 1036 627; x_wconf 89' lang='lat' dir='ltr'><strong>belli,</strong></span> <span class='ocrx_word' id='word_1_8' title='bbox 1058 546 1171 612; x_wconf 85' lang='lat' dir='ltr'><strong>velut</strong></span> <span class='ocrx_word' id='word_1_9' title='bbox 1192 567 1330 629; x_wconf 87' lang='lat' dir='ltr'><strong>aequus</strong></span> <span class='ocrx_word' id='word_1_10' title='bbox 1353 546 1488 627; x_wconf 86' lang='lat' dir='ltr'><strong>iudex,</strong></span> 
     </span>
     <span class='ocr_line' id='line_1_3' title="bbox 328 652 1486 739; baseline 0.002 -21"><span class='ocrx_word' id='word_1_11' title='bbox 328 654 433 718; x_wconf 89' lang='lat' dir='ltr'><strong>unde</strong></span> <span class='ocrx_word' id='word_1_12' title='bbox 455 654 517 719; x_wconf 90' lang='lat' dir='ltr'><strong>ius</strong></span> <span class='ocrx_word' id='word_1_13' title='bbox 540 652 696 732; x_wconf 87' lang='lat' dir='ltr'><strong>stabat,</strong></span> <span class='ocrx_word' id='word_1_14' title='bbox 726 653 763 718; x_wconf 94' lang='lat' dir='ltr'><strong>ei</strong></span> <span class='ocrx_word' id='word_1_15' title='bbox 785 654 1000 719; x_wconf 86' lang='lat' dir='ltr'><strong>victoriam</strong></span> <span class='ocrx_word' id='word_1_16' title='bbox 1024 654 1152 735; x_wconf 81' lang='lat' dir='ltr'><strong>dedit,</strong></span> <span class='ocrx_word' id='word_1_17' title='bbox 1182 673 1384 739; x_wconf 86' lang='lat' dir='ltr'><strong>quamquam</strong></span> <span class='ocrx_word' id='word_1_18' title='bbox 1405 655 1486 735; x_wconf 84' lang='lat' dir='ltr'><strong>scio,</strong></span> 
     </span>
    </p>

    <p class='ocr_par' dir='ltr' id='par_1_3' title="bbox 241 743 1489 1704">
     <span class='ocr_line' id='line_1_4' title="bbox 241 743 1486 845; baseline 0.004 -22"><span class='ocrx_word' id='word_1_19' title='bbox 241 770 430 844; x_wconf 74' lang='lat' dir='ltr'><strong>(amquam</strong></span> <span class='ocrx_word' id='word_1_20' title='bbox 458 781 548 845; x_wconf 82' lang='lat' dir='ltr'><strong>saepe</strong></span> <span class='ocrx_word' id='word_1_21' title='bbox 569 759 680 825; x_wconf 88' lang='lat' dir='ltr'><strong>Livius</strong></span> <span class='ocrx_word' id='word_1_22' title='bbox 708 743 948 844; x_wconf 86' lang='lat' dir='ltr'><strong>amplificandae</strong></span> <span class='ocrx_word' id='word_1_23' title='bbox 975 762 1024 826; x_wconf 89' lang='lat' dir='ltr'><strong>rei</strong></span> <span class='ocrx_word' id='word_1_24' title='bbox 1054 783 1155 828; x_wconf 90' lang='lat' dir='ltr'><strong>causa</strong></span> <span class='ocrx_word' id='word_1_25' title='bbox 1180 761 1245 828; x_wconf 87' lang='lat' dir='ltr'><strong>hac</strong></span> <span class='ocrx_word' id='word_1_26' title='bbox 1266 762 1403 827; x_wconf 87' lang='lat' dir='ltr'><strong>deornm</strong></span> <span class='ocrx_word' id='word_1_27' title='bbox 1424 761 1486 829; x_wconf 90' lang='lat' dir='ltr'><strong>bo·</strong></span> 
     </span>
     <span class='ocr_line' id='line_1_5' title="bbox 327 866 1489 952; baseline 0.003 -20"><span class='ocrx_word' id='word_1_28' title='bbox 327 869 517 952; x_wconf 91' lang='lat' dir='ltr'><strong>minumque</strong></span> <span class='ocrx_word' id='word_1_29' title='bbox 541 866 750 952; x_wconf 76' lang='lat' dir='ltr'>copulatione</span> <span class='ocrx_word' id='word_1_30' title='bbox 773 874 902 948; x_wconf 86' lang='lat' dir='ltr'><strong>utatur,</strong></span> <span class='ocrx_word' id='word_1_31' title='bbox 937 889 1038 952; x_wconf 89' lang='lat' dir='ltr'><strong>cogor</strong></span> <span class='ocrx_word' id='word_1_32' title='bbox 1064 875 1175 935; x_wconf 90' lang='lat' dir='ltr'><strong>tamen</strong></span> <span class='ocrx_word' id='word_1_33' title='bbox 1203 870 1290 935; x_wconf 90' lang='lat' dir='ltr'><strong>tueri</strong></span> <span class='ocrx_word' id='word_1_34' title='bbox 1318 870 1489 935; x_wconf 83' lang='lat' dir='ltr'><strong>coniectu·</strong></span> 
     </span>
     <span class='ocr_line' id='line_1_6' title="bbox 327 975 1486 1062; baseline 0.003 -23"><span class='ocrx_word' id='word_1_35' title='bbox 327 997 397 1040; x_wconf 88' lang='lat' dir='ltr'><strong>ram</strong></span> <span class='ocrx_word' id='word_1_36' title='bbox 426 981 503 1041; x_wconf 88' lang='lat' dir='ltr'><strong>ante</strong></span> <span class='ocrx_word' id='word_1_37' title='bbox 531 976 669 1057; x_wconf 85' lang='lat' dir='ltr'><strong>triginta</strong></span> <span class='ocrx_word' id='word_1_38' title='bbox 690 995 793 1041; x_wconf 89' lang='lat' dir='ltr'><strong>annos</strong></span> <span class='ocrx_word' id='word_1_39' title='bbox 816 978 1019 1060; x_wconf 81' lang='lat' dir='ltr'><strong>propositam</strong></span> <span class='ocrx_word' id='word_1_40' title='bbox 1041 979 1283 1061; x_wconf 86' lang='lat' dir='ltr'><strong>repetitamque</strong></span> <span class='ocrx_word' id='word_1_41' title='bbox 1305 978 1339 1042; x_wconf 93' lang='lat' dir='ltr'><strong>in</strong></span> <span class='ocrx_word' id='word_1_42' title='bbox 1362 975 1486 1062; x_wconf 85' lang='lat' dir='ltr'><strong>Opnse.</strong></span> 
     </span>
     <span class='ocr_line' id='line_1_7' title="bbox 328 1064 1486 1169; baseline 0.003 -22"><span class='ocrx_word' id='word_1_43' title='bbox 328 1064 441 1149; x_wconf 86' lang='lat' dir='ltr'><strong>alteris</strong></span> <span class='ocrx_word' id='word_1_44' title='bbox 464 1106 495 1167; x_wconf 93' lang='lat' dir='ltr'><strong>p.</strong></span> <span class='ocrx_word' id='word_1_45' title='bbox 520 1087 597 1162; x_wconf 83' lang='lat'><strong>360;</strong></span> <span class='ocrx_word' id='word_1_46' title='bbox 626 1104 702 1147; x_wconf 90' lang='lat' dir='ltr'><strong>nam</strong></span> <span class='ocrx_word' id='word_1_47' title='bbox 725 1104 832 1165; x_wconf 89' lang='lat' dir='ltr'><strong>neque</strong></span> <span class='ocrx_word' id='word_1_48' title='bbox 856 1084 1020 1149; x_wconf 89' lang='lat' dir='ltr'><strong>obiectum</strong></span> <span class='ocrx_word' id='word_1_49' title='bbox 1042 1084 1158 1150; x_wconf 88' lang='lat' dir='ltr'><strong>abesse</strong></span> <span class='ocrx_word' id='word_1_50' title='bbox 1180 1091 1290 1169; x_wconf 91' lang='lat' dir='ltr'><strong>potest</strong></span> <span class='ocrx_word' id='word_1_51' title='bbox 1311 1106 1419 1169; x_wconf 89' lang='lat' dir='ltr'><strong>neque</strong></span> <span class='ocrx_word' id='word_1_52' title='bbox 1440 1084 1486 1151; x_wconf 87' lang='lat' dir='ltr'><strong>ab</strong></span> 
     </span>
     <span class='ocr_line' id='line_1_8' title="bbox 329 1190 1489 1275; baseline 0.002 -19"><span class='ocrx_word' id='word_1_53' title='bbox 329 1191 479 1256; x_wconf 90' lang='lat' dir='ltr'><strong>omnibus</strong></span> <span class='ocrx_word' id='word_1_54' title='bbox 502 1192 633 1256; x_wconf 91' lang='lat' dir='ltr'><strong>omnino</strong></span> <span class='ocrx_word' id='word_1_55' title='bbox 655 1191 731 1256; x_wconf 84' lang='lat' dir='ltr'><strong>victi</strong></span> <span class='ocrx_word' id='word_1_56' title='bbox 744 1190 1033 1275; x_wconf 80' lang='lat' dir='ltr'><strong>Carthaginienses</strong></span> <span class='ocrx_word' id='word_1_57' title='bbox 1049 1198 1140 1257; x_wconf 91' lang='lat' dir='ltr'><strong>recte</strong></span> <span class='ocrx_word' id='word_1_58' title='bbox 1158 1192 1326 1273; x_wconf 91' lang='lat' dir='ltr'><strong>dicuntnr;</strong></span> <span class='ocrx_word' id='word_1_59' title='bbox 1348 1190 1489 1258; x_wconf 79' lang='lat' dir='ltr'><strong>Cartha·</strong></span> 
     </span>
     <span class='ocr_line' id='line_1_9' title="bbox 328 1298 1486 1382; baseline 0.003 -20"><span class='ocrx_word' id='word_1_60' title='bbox 328 1299 491 1382; x_wconf 81' lang='lat' dir='ltr'><strong>ginienses</strong></span> <span class='ocrx_word' id='word_1_61' title='bbox 513 1320 578 1363; x_wconf 91' lang='lat' dir='ltr'><strong>non</strong></span> <span class='ocrx_word' id='word_1_62' title='bbox 602 1319 675 1364; x_wconf 90' lang='lat' dir='ltr'><strong>cum</strong></span> <span class='ocrx_word' id='word_1_63' title='bbox 698 1298 775 1364; x_wconf 93' lang='lat' dir='ltr'><strong>solis</strong></span> <span class='ocrx_word' id='word_1_64' title='bbox 798 1298 964 1380; x_wconf 86' lang='lat' dir='ltr'><strong>Romanis,</strong></span> <span class='ocrx_word' id='word_1_65' title='bbox 988 1300 1046 1365; x_wconf 89' lang='lat' dir='ltr'><strong>sed</strong></span> <span class='ocrx_word' id='word_1_66' title='bbox 1069 1321 1143 1364; x_wconf 90' lang='lat' dir='ltr'><strong>cum</strong></span> <span class='ocrx_word' id='word_1_67' title='bbox 1166 1301 1216 1365; x_wconf 91' lang='lat' dir='ltr'><strong>dis</strong></span> <span class='ocrx_word' id='word_1_68' title='bbox 1238 1301 1340 1365; x_wconf 90' lang='lat' dir='ltr'><strong>etiam</strong></span> <span class='ocrx_word' id='word_1_69' title='bbox 1360 1298 1486 1365; x_wconf 88' lang='lat' dir='ltr'><strong>bellum</strong></span> 
     </span>
     <span class='ocr_line' id='line_1_10' title="bbox 327 1405 1489 1486; baseline 0.002 -15"><span class='ocrx_word' id='word_1_70' title='bbox 327 1405 496 1486; x_wconf 79' lang='lat' dir='ltr'><strong>habuisse,</strong></span> <span class='ocrx_word' id='word_1_71' title='bbox 525 1406 623 1471; x_wconf 87' lang='lat' dir='ltr'><strong>aliter</strong></span> <span class='ocrx_word' id='word_1_72' title='bbox 652 1406 826 1471; x_wconf 88' lang='lat' dir='ltr'><strong>dicendum</strong></span> <span class='ocrx_word' id='word_1_73' title='bbox 848 1412 929 1471; x_wconf 87' lang='lat' dir='ltr'><strong>erat.</strong></span> <span class='ocrx_word' id='word_1_74' title='bbox 984 1407 1086 1472; x_wconf 82' lang='lat' dir='ltr'><strong>Recte</strong></span> <span class='ocrx_word' id='word_1_75' title='bbox 1110 1408 1265 1473; x_wconf 88' lang='lat' dir='ltr'><strong>dicuntur</strong></span> <span class='ocrx_word' id='word_1_76' title='bbox 1287 1408 1321 1473; x_wconf 90' lang='lat' dir='ltr'><strong>di</strong></span> <span class='ocrx_word' id='word_1_77' title='bbox 1342 1406 1489 1474; x_wconf 84' lang='lat' dir='ltr'><strong>foederis</strong></span> 
     </span>
     <span class='ocr_line' id='line_1_11' title="bbox 327 1512 1486 1597; baseline 0.002 -18"><span class='ocrx_word' id='word_1_78' title='bbox 327 1515 417 1597; x_wconf 90' lang='lat' dir='ltr'><strong>rupti</strong></span> <span class='ocrx_word' id='word_1_79' title='bbox 444 1513 570 1579; x_wconf 89' lang='lat' dir='ltr'><strong>ultores</strong></span> <span class='ocrx_word' id='word_1_80' title='bbox 592 1514 742 1578; x_wconf 89' lang='lat' dir='ltr'><strong>homines</strong></span> <span class='ocrx_word' id='word_1_81' title='bbox 765 1512 1084 1596; x_wconf 82' lang='lat' dir='ltr'><strong>(Carthaginienses)</strong></span> <span class='ocrx_word' id='word_1_82' title='bbox 1107 1515 1233 1581; x_wconf 88' lang='lat' dir='ltr'><strong>vicisse.</strong></span> <span class='ocrx_word' id='word_1_83' title='bbox 1289 1514 1486 1581; x_wconf 85' lang='lat' dir='ltr'><strong>Tollendum</strong></span> 
     </span>
     <span class='ocr_line' id='line_1_12' title="bbox 327 1623 610 1704; baseline -0.007 -18"><span class='ocrx_word' id='word_1_84' title='bbox 327 1623 430 1704; x_wconf 87' lang='lat' dir='ltr'><strong>igitur</strong></span> <span class='ocrx_word' id='word_1_85' title='bbox 452 1627 503 1687; x_wconf 85' lang='lat' dir='ltr'><strong>est</strong></span> <span class='ocrx_word' id='word_1_86' title='bbox 525 1642 610 1702; x_wconf 91' lang='lat' dir='ltr'><strong>que.</strong></span> 
     </span>
    </p>

    <p class='ocr_par' dir='ltr' id='par_1_4' title="bbox 329 1726 1489 2028">
     <span class='ocr_line' id='line_1_13' title="bbox 415 1726 1488 1815; baseline 0.002 -22"><span class='ocrx_word' id='word_1_87' title='bbox 415 1726 513 1811; x_wconf 83' lang='lat' dir='ltr'><strong>*Gap</strong></span> <span class='ocrx_word' id='word_1_88' title='bbox 539 1732 594 1807; x_wconf 85' lang='lat'><strong>13,</strong></span> <span class='ocrx_word' id='word_1_89' title='bbox 630 1732 645 1791; x_wconf 96' lang='lat'>1</span> <span class='ocrx_word' id='word_1_90' title='bbox 676 1735 710 1793; x_wconf 89' lang='lat' dir='ltr'><strong>et</strong></span> <span class='ocrx_word' id='word_1_91' title='bbox 738 1731 757 1791; x_wconf 81' lang='lat'>2</span> <span class='ocrx_word' id='word_1_92' title='bbox 787 1727 833 1808; x_wconf 90' lang='lat' dir='ltr'><strong>(in</strong></span> <span class='ocrx_word' id='word_1_93' title='bbox 857 1731 1006 1794; x_wconf 90' lang='lat' dir='ltr'><strong>oratione</strong></span> <span class='ocrx_word' id='word_1_94' title='bbox 1029 1729 1156 1810; x_wconf 85' lang='lat' dir='ltr'><strong>Alorci,</strong></span> <span class='ocrx_word' id='word_1_95' title='bbox 1191 1731 1248 1814; x_wconf 89' lang='lat' dir='ltr'><strong>qui</strong></span> <span class='ocrx_word' id='word_1_96' title='bbox 1270 1731 1488 1815; x_wconf 87' lang='lat' dir='ltr'><strong>permittente</strong></span> 
     </span>
     <span class='ocr_line' id='line_1_14' title="bbox 329 1835 1489 1923; baseline 0.003 -22"><span class='ocrx_word' id='word_1_97' title='bbox 329 1836 515 1901; x_wconf 83' lang='lat' dir='ltr'><strong>Hannibale</strong></span> <span class='ocrx_word' id='word_1_98' title='bbox 538 1835 581 1900; x_wconf 88' lang='lat' dir='ltr'><strong>ed</strong></span> <span class='ocrx_word' id='word_1_99' title='bbox 604 1835 816 1919; x_wconf 86' lang='lat' dir='ltr'><strong>Saguntinos,</strong></span> <span class='ocrx_word' id='word_1_100' title='bbox 846 1858 982 1920; x_wconf 88' lang='lat' dir='ltr'><strong>quorum</strong></span> <span class='ocrx_word' id='word_1_101' title='bbox 1005 1837 1138 1921; x_wconf 89' lang='lat' dir='ltr'><strong>publice</strong></span> <span class='ocrx_word' id='word_1_102' title='bbox 1161 1839 1285 1902; x_wconf 89' lang='lat' dir='ltr'><strong>amicus</strong></span> <span class='ocrx_word' id='word_1_103' title='bbox 1308 1845 1342 1903; x_wconf 93' lang='lat' dir='ltr'><strong>et</strong></span> <span class='ocrx_word' id='word_1_104' title='bbox 1362 1837 1489 1923; x_wconf 83' lang='lat' dir='ltr'><strong>hospes</strong></span> 
     </span>
     <span class='ocr_line' id='line_1_15' title="bbox 330 1943 1488 2028; baseline 0.002 -19"><span class='ocrx_word' id='word_1_105' title='bbox 330 1951 412 2024; x_wconf 91' lang='lat' dir='ltr'><strong>erat,</strong></span> <span class='ocrx_word' id='word_1_106' title='bbox 440 1946 531 2028; x_wconf 92' lang='lat' dir='ltr'><strong>pacis</strong></span> <span class='ocrx_word' id='word_1_107' title='bbox 555 1943 763 2009; x_wconf 86' lang='lat' dir='ltr'><strong>condiciones</strong></span> <span class='ocrx_word' id='word_1_108' title='bbox 785 1943 1003 2026; x_wconf 73' lang='lat' dir='ltr'><strong>perferebatl:</strong></span> <span class='ocrx_word' id='word_1_109' title='bbox 1033 1943 1073 2009; x_wconf 82' lang='lat' dir='ltr'><strong>si</strong></span> <span class='ocrx_word' id='word_1_110' title='bbox 1102 1946 1201 2010; x_wconf 89' lang='lat' dir='ltr'><strong>civis</strong></span> <span class='ocrx_word' id='word_1_111' title='bbox 1228 1950 1365 2010; x_wconf 82' lang='lat' dir='ltr'><strong>vester</strong></span> <span class='ocrx_word' id='word_1_112' title='bbox 1387 1945 1488 2012; x_wconf 85' lang='lat' dir='ltr'><strong>Alco</strong></span> 
     </span>
    </p>

    <p class='ocr_par' dir='ltr' id='par_1_5' title="bbox 280 2051 1489 3961">
     <span class='ocr_line' id='line_1_16' title="bbox 280 2051 1488 2136; baseline -0.002 -15"><span class='ocrx_word' id='word_1_113' title='bbox 280 2116 282 2121; x_wconf 90' lang='lat'><em>.</em></span> <span class='ocrx_word' id='word_1_114' title='bbox 330 2053 516 2136; x_wconf 92' lang='lat' dir='ltr'><strong>-pacis</strong></span> <span class='ocrx_word' id='word_1_115' title='bbox 552 2051 812 2116; x_wconf 89' lang='lat' dir='ltr'><strong>condiciones</strong></span> <span class='ocrx_word' id='word_1_116' title='bbox 846 2051 895 2115; x_wconf 94' lang='lat' dir='ltr'><strong>ab</strong></span> <span class='ocrx_word' id='word_1_117' title='bbox 925 2051 1153 2134; x_wconf 87' lang='lat' dir='ltr'><strong>Hannibale</strong></span> <span class='ocrx_word' id='word_1_118' title='bbox 1182 2053 1228 2116; x_wconf 92' lang='lat' dir='ltr'><strong>ad</strong></span> <span class='ocrx_word' id='word_1_119' title='bbox 1256 2074 1323 2119; x_wconf 82' lang='lat' dir='ltr'><strong>vos</strong></span> <span class='ocrx_word' id='word_1_120' title='bbox 1350 2057 1488 2119; x_wconf 80' lang='lat' dir='ltr'><strong>rettri·</strong></span> 
     </span>
     <span class='ocr_line' id='line_1_17' title="bbox 330 2158 1488 2245; baseline 0.002 -20"><span class='ocrx_word' id='word_1_121' title='bbox 330 2160 467 2239; x_wconf 88' lang='lat' dir='ltr'><strong>lisset,</strong></span> <span class='ocrx_word' id='word_1_122' title='bbox 503 2179 848 2244; x_wconf 87' lang='lat' dir='ltr'><strong>supervacaneum</strong></span> <span class='ocrx_word' id='word_1_123' title='bbox 876 2158 951 2224; x_wconf 89' lang='lat' dir='ltr'><strong>hoe</strong></span> <span class='ocrx_word' id='word_1_124' title='bbox 979 2158 1075 2223; x_wconf 90' lang='lat' dir='ltr'><strong>mihi</strong></span> <span class='ocrx_word' id='word_1_125' title='bbox 1103 2159 1256 2225; x_wconf 85' lang='lat' dir='ltr'><strong>fnisset</strong></span> <span class='ocrx_word' id='word_1_126' title='bbox 1282 2162 1377 2239; x_wconf 88' lang='lat' dir='ltr'><strong>iter,</strong></span> <span class='ocrx_word' id='word_1_127' title='bbox 1406 2182 1488 2245; x_wconf 88' lang='lat' dir='ltr'><strong>quo</strong></span> 
     </span>
     <span class='ocr_line' id='line_1_18' title="bbox 330 2265 1488 2349; baseline 0.001 -16"><span class='ocrx_word' id='word_1_128' title='bbox 330 2289 403 2333; x_wconf 92' lang='lat' dir='ltr'><strong>nec</strong></span> <span class='ocrx_word' id='word_1_129' title='bbox 432 2275 574 2334; x_wconf 90' lang='lat' dir='ltr'><strong>orator</strong></span> <span class='ocrx_word' id='word_1_130' title='bbox 595 2265 842 2331; x_wconf 88' lang='lat' dir='ltr'><strong>Hannibalis</strong></span> <span class='ocrx_word' id='word_1_131' title='bbox 864 2287 934 2331; x_wconf 91' lang='lat' dir='ltr'><strong>nec</strong></span> <span class='ocrx_word' id='word_1_132' title='bbox 956 2267 1172 2349; x_wconf 83' lang='lat' dir='ltr'><strong>transfuga</strong></span> <span class='ocrx_word' id='word_1_133' title='bbox 1195 2268 1242 2333; x_wconf 91' lang='lat' dir='ltr'><strong>ad</strong></span> <span class='ocrx_word' id='word_1_134' title='bbox 1265 2290 1333 2334; x_wconf 89' lang='lat' dir='ltr'><strong>vos</strong></span> <span class='ocrx_word' id='word_1_135' title='bbox 1354 2267 1488 2334; x_wconf 88' lang='lat' dir='ltr'><strong>venis·</strong></span> 
     </span>
     <span class='ocr_line' id='line_1_19' title="bbox 331 2374 1489 2459; baseline 0.002 -20"><span class='ocrx_word' id='word_1_136' title='bbox 331 2396 427 2455; x_wconf 81' lang='lat' dir='ltr'><strong>sam3</strong></span> <span class='ocrx_word' id='word_1_137' title='bbox 458 2397 575 2458; x_wconf 91' lang='lat' dir='ltr'><strong>quum</strong></span> <span class='ocrx_word' id='word_1_138' title='bbox 602 2374 674 2439; x_wconf 90' lang='lat' dir='ltr'><strong>ille</strong></span> <span class='ocrx_word' id='word_1_139' title='bbox 702 2379 770 2438; x_wconf 88' lang='lat' dir='ltr'><strong>aut</strong></span> <span class='ocrx_word' id='word_1_140' title='bbox 799 2381 934 2438; x_wconf 80' lang='lat' dir='ltr'><strong>vestra</strong></span> <span class='ocrx_word' id='word_1_141' title='bbox 956 2381 1027 2439; x_wconf 90' lang='lat' dir='ltr'><strong>aut</strong></span> <span class='ocrx_word' id='word_1_142' title='bbox 1049 2395 1122 2439; x_wconf 88' lang='lat' dir='ltr'><strong>sua</strong></span> <span class='ocrx_word' id='word_1_143' title='bbox 1145 2375 1264 2459; x_wconf 90' lang='lat' dir='ltr'><strong>culpa</strong></span> <span class='ocrx_word' id='word_1_144' title='bbox 1286 2377 1489 2441; x_wconf 84' lang='lat' dir='ltr'><strong>manserit</strong></span> 
     </span>
     <span class='ocr_line' id='line_1_20' title="bbox 330 2480 1486 2567; baseline 0.001 -20"><span class='ocrx_word' id='word_1_145' title='bbox 330 2482 437 2566; x_wconf 91' lang='lat' dir='ltr'><strong>apud</strong></span> <span class='ocrx_word' id='word_1_146' title='bbox 470 2482 628 2547; x_wconf 89' lang='lat' dir='ltr'><strong>hostem</strong></span> <span class='ocrx_word' id='word_1_147' title='bbox 660 2518 719 2560; x_wconf 90' lang='lat'><strong>—‚</strong></span> <span class='ocrx_word' id='word_1_148' title='bbox 754 2503 827 2565; x_wconf 91' lang='lat' dir='ltr'><strong>ego</strong></span> <span class='ocrx_word' id='word_1_149' title='bbox 851 2487 912 2546; x_wconf 91' lang='lat' dir='ltr'><strong>cet.</strong></span> <span class='ocrx_word' id='word_1_150' title='bbox 967 2480 1126 2561; x_wconf 87' lang='lat' dir='ltr'><strong>Primum,</strong></span> <span class='ocrx_word' id='word_1_151' title='bbox 1161 2484 1217 2565; x_wconf 89' lang='lat' dir='ltr'><strong>qui</strong></span> <span class='ocrx_word' id='word_1_152' title='bbox 1252 2483 1316 2548; x_wconf 92' lang='lat' dir='ltr'><strong>iter</strong></span> <span class='ocrx_word' id='word_1_153' title='bbox 1349 2483 1486 2567; x_wconf 90' lang='lat' dir='ltr'><strong>aliquod</strong></span> 
     </span>
     <span class='ocr_line' id='line_1_21' title="bbox 331 2588 1486 2673; baseline 0.002 -19"><span class='ocrx_word' id='word_1_154' title='bbox 331 2595 542 2672; x_wconf 88' lang='lat' dir='ltr'><strong>suscepturus</strong></span> <span class='ocrx_word' id='word_1_155' title='bbox 569 2610 635 2653; x_wconf 93' lang='lat' dir='ltr'><strong>non</strong></span> <span class='ocrx_word' id='word_1_156' title='bbox 663 2588 739 2668; x_wconf 85' lang='lat' dir='ltr'><strong>fuit,</strong></span> <span class='ocrx_word' id='word_1_157' title='bbox 774 2589 884 2673; x_wconf 88' lang='lat' dir='ltr'><strong>inepte</strong></span> <span class='ocrx_word' id='word_1_158' title='bbox 913 2588 1020 2667; x_wconf 86' lang='lat' dir='ltr'><strong>addit,</strong></span> <span class='ocrx_word' id='word_1_159' title='bbox 1054 2609 1088 2653; x_wconf 92' lang='lat' dir='ltr'><strong>se</strong></span> <span class='ocrx_word' id='word_1_160' title='bbox 1117 2590 1151 2653; x_wconf 93' lang='lat' dir='ltr'><strong>in</strong></span> <span class='ocrx_word' id='word_1_161' title='bbox 1178 2589 1235 2655; x_wconf 94' lang='lat' dir='ltr'><strong>illo</strong></span> <span class='ocrx_word' id='word_1_162' title='bbox 1264 2589 1382 2656; x_wconf 89' lang='lat' dir='ltr'><strong>itinere</strong></span> <span class='ocrx_word' id='word_1_163' title='bbox 1404 2591 1486 2673; x_wconf 91' lang='lat' dir='ltr'><strong>(non</strong></span> 
     </span>
     <span class='ocr_line' id='line_1_22' title="bbox 330 2696 1488 2780; baseline 0.001 -18"><span class='ocrx_word' id='word_1_164' title='bbox 330 2696 497 2780; x_wconf 84' lang='lat' dir='ltr'><strong>suscepto)</strong></span> <span class='ocrx_word' id='word_1_165' title='bbox 535 2696 620 2760; x_wconf 91' lang='lat' dir='ltr'><strong>hanc</strong></span> <span class='ocrx_word' id='word_1_166' title='bbox 652 2696 704 2760; x_wconf 85' lang='lat' dir='ltr'><strong>vel</strong></span> <span class='ocrx_word' id='word_1_167' title='bbox 737 2696 828 2760; x_wconf 89' lang='lat' dir='ltr'><strong>illam</strong></span> <span class='ocrx_word' id='word_1_168' title='bbox 861 2716 1034 2779; x_wconf 89' lang='lat' dir='ltr'><strong>personam</strong></span> <span class='ocrx_word' id='word_1_169' title='bbox 1069 2718 1134 2760; x_wconf 95' lang='lat' dir='ltr'><strong>non</strong></span> <span class='ocrx_word' id='word_1_170' title='bbox 1168 2703 1335 2780; x_wconf 89' lang='lat' dir='ltr'><strong>gesturum</strong></span> <span class='ocrx_word' id='word_1_171' title='bbox 1366 2697 1488 2779; x_wconf 84' lang='lat' dir='ltr'><strong>iuisse;</strong></span> 
     </span>
     <span class='ocr_line' id='line_1_23' title="bbox 330 2801 1485 2889; baseline 0.003 -22"><span class='ocrx_word' id='word_1_172' title='bbox 330 2804 458 2883; x_wconf 89' lang='lat' dir='ltr'><strong>deinde,</strong></span> <span class='ocrx_word' id='word_1_173' title='bbox 493 2806 549 2887; x_wconf 93' lang='lat' dir='ltr'><strong>qui</strong></span> <span class='ocrx_word' id='word_1_174' title='bbox 579 2806 626 2869; x_wconf 93' lang='lat' dir='ltr'><strong>sio</strong></span> <span class='ocrx_word' id='word_1_175' title='bbox 656 2804 750 2884; x_wconf 89' lang='lat' dir='ltr'><strong>dicit,</strong></span> <span class='ocrx_word' id='word_1_176' title='bbox 785 2824 835 2882; x_wconf 84' lang='lat' dir='ltr'><strong>se,</strong></span> <span class='ocrx_word' id='word_1_177' title='bbox 869 2804 896 2867; x_wconf 90' lang='lat' dir='ltr'><strong>si</strong></span> <span class='ocrx_word' id='word_1_178' title='bbox 925 2802 1005 2886; x_wconf 91' lang='lat' dir='ltr'><strong>quid</strong></span> <span class='ocrx_word' id='word_1_179' title='bbox 1034 2801 1124 2867; x_wconf 90' lang='lat' dir='ltr'><strong>aliud</strong></span> <span class='ocrx_word' id='word_1_180' title='bbox 1154 2804 1340 2886; x_wconf 88' lang='lat' dir='ltr'><strong>accidisset,</strong></span> <span class='ocrx_word' id='word_1_181' title='bbox 1374 2825 1485 2889; x_wconf 89' lang='lat' dir='ltr'><strong>neque</strong></span> 
     </span>
     <span class='ocr_line' id='line_1_24' title="bbox 331 2909 1488 2994; baseline 0.001 -17"><span class='ocrx_word' id='word_1_182' title='bbox 331 2918 494 2977; x_wconf 86' lang='lat' dir='ltr'><strong>oratorem</strong></span> <span class='ocrx_word' id='word_1_183' title='bbox 522 2911 716 2977; x_wconf 89' lang='lat' dir='ltr'><strong>Hannibalis</strong></span> <span class='ocrx_word' id='word_1_184' title='bbox 749 2931 855 2994; x_wconf 90' lang='lat' dir='ltr'><strong>neque</strong></span> <span class='ocrx_word' id='word_1_185' title='bbox 888 2909 1094 2994; x_wconf 84' lang='lat' dir='ltr'><strong>transfugam</strong></span> <span class='ocrx_word' id='word_1_186' title='bbox 1127 2911 1272 2977; x_wconf 87' lang='lat' dir='ltr'><strong>futurum</strong></span> <span class='ocrx_word' id='word_1_187' title='bbox 1305 2912 1422 2993; x_wconf 87' lang='lat' dir='ltr'><strong>fuisse,</strong></span> <span class='ocrx_word' id='word_1_188' title='bbox 1455 2913 1488 2979; x_wconf 89' lang='lat' dir='ltr'><strong>is</strong></span> 
     </span>
     <span class='ocr_line' id='line_1_25' title="bbox 330 3018 1487 3103; baseline 0.001 -19"><span class='ocrx_word' id='word_1_189' title='bbox 330 3021 514 3087; x_wconf 87' lang='lat' dir='ltr'><strong>necessario</strong></span> <span class='ocrx_word' id='word_1_190' title='bbox 545 3019 721 3103; x_wconf 88' lang='lat' dir='ltr'><strong>significat,</strong></span> <span class='ocrx_word' id='word_1_191' title='bbox 755 3039 790 3084; x_wconf 91' lang='lat' dir='ltr'><strong>se</strong></span> <span class='ocrx_word' id='word_1_192' title='bbox 822 3040 909 3083; x_wconf 90' lang='lat' dir='ltr'><strong>nnnc</strong></span> <span class='ocrx_word' id='word_1_193' title='bbox 942 3018 1196 3083; x_wconf 86' lang='lat' dir='ltr'><strong>alterumutrnm</strong></span> <span class='ocrx_word' id='word_1_194' title='bbox 1230 3041 1303 3085; x_wconf 90' lang='lat' dir='ltr'><strong>esse</strong></span> <span class='ocrx_word' id='word_1_195' title='bbox 1337 3026 1371 3085; x_wconf 91' lang='lat' dir='ltr'><strong>et</strong></span> <span class='ocrx_word' id='word_1_196' title='bbox 1397 3018 1487 3085; x_wconf 88' lang='lat' dir='ltr'><strong>hanc</strong></span> 
     </span>
     <span class='ocr_line' id='line_1_26' title="bbox 329 3125 1485 3211; baseline 0 -19"><span class='ocrx_word' id='word_1_197' title='bbox 329 3127 451 3194; x_wconf 88' lang='lat' dir='ltr'><strong>habere</strong></span> <span class='ocrx_word' id='word_1_198' title='bbox 475 3129 618 3207; x_wconf 85' lang='lat' dir='ltr'><strong>itineris,</strong></span> <span class='ocrx_word' id='word_1_199' title='bbox 653 3125 741 3210; x_wconf 93' lang='lat' dir='ltr'><strong>quod</strong></span> <span class='ocrx_word' id='word_1_200' title='bbox 769 3127 915 3211; x_wconf 89' lang='lat' dir='ltr'><strong>alioquin</strong></span> <span class='ocrx_word' id='word_1_201' title='bbox 939 3148 1216 3211; x_wconf 88' lang='lat' dir='ltr'><strong>supervacaneum</strong></span> <span class='ocrx_word' id='word_1_202' title='bbox 1237 3126 1370 3207; x_wconf 86' lang='lat' dir='ltr'><strong>fuisset,</strong></span> <span class='ocrx_word' id='word_1_203' title='bbox 1405 3147 1485 3192; x_wconf 84' lang='lat' dir='ltr'><strong>cau·</strong></span> 
     </span>
     <span class='ocr_line' id='line_1_27' title="bbox 330 3232 1486 3319; baseline -0.001 -19"><span class='ocrx_word' id='word_1_204' title='bbox 330 3257 409 3301; x_wconf 88' lang='lat' dir='ltr'><strong>sam.</strong></span> <span class='ocrx_word' id='word_1_205' title='bbox 460 3237 561 3319; x_wconf 85' lang='lat' dir='ltr'><strong>Atqui</strong></span> <span class='ocrx_word' id='word_1_206' title='bbox 588 3234 651 3300; x_wconf 91' lang='lat' dir='ltr'><strong>hoc</strong></span> <span class='ocrx_word' id='word_1_207' title='bbox 677 3232 961 3300; x_wconf 80' lang='lat' dir='ltr'><strong>uehementissime</strong></span> <span class='ocrx_word' id='word_1_208' title='bbox 983 3234 1122 3300; x_wconf 85' lang='lat' dir='ltr'><strong>Alorcus</strong></span> <span class='ocrx_word' id='word_1_209' title='bbox 1145 3241 1245 3317; x_wconf 88' lang='lat' dir='ltr'><strong>negat</strong></span> <span class='ocrx_word' id='word_1_210' title='bbox 1267 3241 1314 3315; x_wconf 88' lang='lat' dir='ltr'><strong>et,</strong></span> <span class='ocrx_word' id='word_1_211' title='bbox 1349 3240 1387 3300; x_wconf 88' lang='lat' dir='ltr'><strong>ut</strong></span> <span class='ocrx_word' id='word_1_212' title='bbox 1409 3254 1486 3299; x_wconf 89' lang='lat' dir='ltr'><strong>ora-</strong></span> 
     </span>
     <span class='ocr_line' id='line_1_28' title="bbox 328 3341 1488 3428; baseline -0.002 -20"><span class='ocrx_word' id='word_1_213' title='bbox 328 3345 411 3409; x_wconf 89' lang='lat' dir='ltr'><strong>tioni</strong></span> <span class='ocrx_word' id='word_1_214' title='bbox 439 3344 649 3428; x_wconf 88' lang='lat' dir='ltr'><strong>consiliisque</strong></span> <span class='ocrx_word' id='word_1_215' title='bbox 678 3344 747 3407; x_wconf 87' lang='lat' dir='ltr'><strong>suis</strong></span> <span class='ocrx_word' id='word_1_216' title='bbox 777 3341 865 3426; x_wconf 90' lang='lat' dir='ltr'><strong>apud</strong></span> <span class='ocrx_word' id='word_1_217' title='bbox 889 3341 1085 3424; x_wconf 87' lang='lat' dir='ltr'><strong>Saguntinos</strong></span> <span class='ocrx_word' id='word_1_218' title='bbox 1112 3341 1211 3407; x_wconf 89' lang='lat' dir='ltr'><strong>fidem</strong></span> <span class='ocrx_word' id='word_1_219' title='bbox 1233 3341 1348 3422; x_wconf 88' lang='lat' dir='ltr'><strong>faciat,</strong></span> <span class='ocrx_word' id='word_1_220' title='bbox 1376 3361 1412 3407; x_wconf 90' lang='lat' dir='ltr'><strong>se</strong></span> <span class='ocrx_word' id='word_1_221' title='bbox 1435 3342 1488 3406; x_wconf 85' lang='lat' dir='ltr'><strong>ait</strong></span> 
     </span>
     <span class='ocr_line' id='line_1_29' title="bbox 328 3448 1487 3537; baseline -0.002 -21"><span class='ocrx_word' id='word_1_222' title='bbox 328 3473 434 3537; x_wconf 89' lang='lat' dir='ltr'><strong>neque</strong></span> <span class='ocrx_word' id='word_1_223' title='bbox 462 3458 627 3518; x_wconf 87' lang='lat' dir='ltr'><strong>oratorem</strong></span> <span class='ocrx_word' id='word_1_224' title='bbox 648 3449 845 3514; x_wconf 88' lang='lat' dir='ltr'><strong>Hannibalis</strong></span> <span class='ocrx_word' id='word_1_225' title='bbox 872 3469 977 3533; x_wconf 92' lang='lat' dir='ltr'><strong>neque</strong></span> <span class='ocrx_word' id='word_1_226' title='bbox 999 3470 1113 3514; x_wconf 89' lang='lat' dir='ltr'><strong>rursus</strong></span> <span class='ocrx_word' id='word_1_227' title='bbox 1136 3448 1339 3533; x_wconf 87' lang='lat' dir='ltr'><strong>transfugam</strong></span> <span class='ocrx_word' id='word_1_228' title='bbox 1363 3449 1487 3529; x_wconf 84' lang='lat' dir='ltr'><strong>venire,</strong></span> 
     </span>
     <span class='ocr_line' id='line_1_30' title="bbox 329 3555 1485 3640; baseline -0.001 -16"><span class='ocrx_word' id='word_1_229' title='bbox 329 3559 540 3625; x_wconf 90' lang='lat' dir='ltr'><strong>consiliorum</strong></span> <span class='ocrx_word' id='word_1_230' title='bbox 562 3555 759 3623; x_wconf 90' lang='lat' dir='ltr'><strong>Hannibalis</strong></span> <span class='ocrx_word' id='word_1_231' title='bbox 782 3557 932 3639; x_wconf 86' lang='lat' dir='ltr'><strong>ignarum</strong></span> <span class='ocrx_word' id='word_1_232' title='bbox 955 3577 1016 3621; x_wconf 88' lang='lat' dir='ltr'><strong>nec</strong></span> <span class='ocrx_word' id='word_1_233' title='bbox 1038 3556 1081 3622; x_wconf 91' lang='lat' dir='ltr'><strong>ad</strong></span> <span class='ocrx_word' id='word_1_234' title='bbox 1103 3577 1218 3640; x_wconf 89' lang='lat' dir='ltr'><strong>pacem</strong></span> <span class='ocrx_word' id='word_1_235' title='bbox 1241 3557 1485 3623; x_wconf 89' lang='lat' dir='ltr'><strong>conciliandam</strong></span> 
     </span>
     <span class='ocr_line' id='line_1_31' title="bbox 329 3662 1488 3752; baseline 0 -20"><span class='ocrx_word' id='word_1_236' title='bbox 329 3675 458 3752; x_wconf 90' lang='lat' dir='ltr'><strong>aptum,</strong></span> <span class='ocrx_word' id='word_1_237' title='bbox 498 3666 556 3732; x_wconf 88' lang='lat' dir='ltr'><strong>sed</strong></span> <span class='ocrx_word' id='word_1_238' title='bbox 590 3686 679 3744; x_wconf 86' lang='lat' dir='ltr'><strong>eum,</strong></span> <span class='ocrx_word' id='word_1_239' title='bbox 718 3664 775 3746; x_wconf 91' lang='lat' dir='ltr'><strong>qui</strong></span> <span class='ocrx_word' id='word_1_240' title='bbox 815 3671 849 3729; x_wconf 89' lang='lat' dir='ltr'><strong>et</strong></span> <span class='ocrx_word' id='word_1_241' title='bbox 887 3663 1073 3729; x_wconf 91' lang='lat' dir='ltr'><strong>consultum</strong></span> <span class='ocrx_word' id='word_1_242' title='bbox 1113 3662 1302 3747; x_wconf 86' lang='lat' dir='ltr'><strong>Saguntinis</strong></span> <span class='ocrx_word' id='word_1_243' title='bbox 1336 3664 1415 3730; x_wconf 89' lang='lat' dir='ltr'><strong>velit</strong></span> <span class='ocrx_word' id='word_1_244' title='bbox 1448 3672 1488 3732; x_wconf 85' lang='lat' dir='ltr'><strong>et</strong></span> 
     </span>
     <span class='ocr_line' id='line_1_32' title="bbox 327 3770 1486 3861; baseline -0.003 -20"><span class='ocrx_word' id='word_1_245' title='bbox 327 3777 418 3861; x_wconf 87' lang='lat' dir='ltr'><strong>pacis</strong></span> <span class='ocrx_word' id='word_1_246' title='bbox 451 3795 546 3840; x_wconf 83' lang='lat' dir='ltr'><strong>veras</strong></span> <span class='ocrx_word' id='word_1_247' title='bbox 580 3770 789 3838; x_wconf 85' lang='lat' dir='ltr'><strong>condiciones</strong></span> <span class='ocrx_word' id='word_1_248' title='bbox 823 3770 1003 3852; x_wconf 86' lang='lat' dir='ltr'><strong>adferat.¹)</strong></span> <span class='ocrx_word' id='word_1_249' title='bbox 1063 3770 1181 3853; x_wconf 91' lang='lat' dir='ltr'><strong>Itaque</strong></span> <span class='ocrx_word' id='word_1_250' title='bbox 1213 3772 1399 3838; x_wconf 88' lang='lat' dir='ltr'><strong>necessario</strong></span> <span class='ocrx_word' id='word_1_251' title='bbox 1432 3773 1486 3837; x_wconf 92' lang='lat' dir='ltr'><strong>in·</strong></span> 
     </span>
     <span class='ocr_line' id='line_1_33' title="bbox 328 3875 1486 3961; baseline -0.003 -13"><span class='ocrx_word' id='word_1_252' title='bbox 328 3883 469 3948; x_wconf 78' lang='lat' dir='ltr'><strong>(licatira</strong></span> <span class='ocrx_word' id='word_1_253' title='bbox 491 3881 597 3947; x_wconf 89' lang='lat' dir='ltr'><strong>oratio</strong></span> <span class='ocrx_word' id='word_1_254' title='bbox 621 3900 692 3945; x_wconf 90' lang='lat' dir='ltr'><strong>esse</strong></span> <span class='ocrx_word' id='word_1_255' title='bbox 715 3876 828 3957; x_wconf 88' lang='lat' dir='ltr'><strong>debet,</strong></span> <span class='ocrx_word' id='word_1_256' title='bbox 857 3875 977 3959; x_wconf 89' lang='lat' dir='ltr'><strong>fietque</strong></span> <span class='ocrx_word' id='word_1_257' title='bbox 999 3879 1192 3959; x_wconf 87' lang='lat' dir='ltr'><strong>rectissima,</strong></span> <span class='ocrx_word' id='word_1_258' title='bbox 1223 3900 1263 3944; x_wconf 86' lang='lat' dir='ltr'><strong>ex</strong></span> <span class='ocrx_word' id='word_1_259' title='bbox 1285 3901 1350 3945; x_wconf 92' lang='lat' dir='ltr'><strong>uno</strong></span> <span class='ocrx_word' id='word_1_260' title='bbox 1372 3878 1486 3961; x_wconf 84' lang='lat' dir='ltr'><strong>verbo,</strong></span> 
     </span>
    </p>
   </div>
   <div class='ocr_carea' id='block_1_3' title="bbox 356 4130 1482 4292">
    <p class='ocr_par' dir='ltr' id='par_1_6' title="bbox 356 4130 1482 4292">
     <span class='ocr_line' id='line_1_34' title="bbox 356 4130 1482 4207; baseline -0.004 -15"><span class='ocrx_word' id='word_1_261' title='bbox 356 4138 379 4206; x_wconf 86' lang='lat'><strong>¹)</strong></span> <span class='ocrx_word' id='word_1_262' title='bbox 398 4134 648 4207; x_wconf 81' lang='lat' dir='ltr'><strong>[Quemadmodum</strong></span> <span class='ocrx_word' id='word_1_263' title='bbox 675 4130 919 4197; x_wconf 83' lang='lat' dir='ltr'><strong>Weissenbomius</strong></span> <span class='ocrx_word' id='word_1_264' title='bbox 945 4149 1020 4187; x_wconf 87' lang='lat' dir='ltr'><strong>nnnc</strong></span> <span class='ocrx_word' id='word_1_265' title='bbox 1046 4132 1134 4200; x_wconf 80' lang='lat'>(1870)</span> <span class='ocrx_word' id='word_1_266' title='bbox 1161 4132 1247 4187; x_wconf 83' lang='lat' dir='ltr'><strong>verba</strong></span> <span class='ocrx_word' id='word_1_267' title='bbox 1274 4138 1402 4201; x_wconf 81' lang='lat' dir='ltr'><strong>enarrat,</strong></span> <span class='ocrx_word' id='word_1_268' title='bbox 1437 4134 1482 4188; x_wconf 91' lang='lat' dir='ltr'><strong>in·</strong></span> 
     </span>
     <span class='ocr_line' id='line_1_35' title="bbox 395 4216 669 4292; baseline -0.022 -14"><span class='ocrx_word' id='word_1_269' title='bbox 395 4223 491 4292; x_wconf 83' lang='lat' dir='ltr'><strong>tellegi</strong></span> <span class='ocrx_word' id='word_1_270' title='bbox 508 4216 669 4290; x_wconf 80' lang='lat' dir='ltr'><strong>nequeunt]</strong></span> 
     </span>
    </p>
   </div>
   <div class='ocr_carea' id='block_1_4' title="bbox 0 0 1538 5272">
    <p class='ocr_par' dir='ltr' id='par_1_7' title="bbox 0 0 1538 5272">
     <span class='ocr_line' id='line_1_36' title="bbox 0 0 1538 5272; baseline 0 0"><span class='ocrx_word' id='word_1_271' title='bbox 0 0 1538 5272; x_wconf 95' lang='lat' dir='ltr'><strong> </strong></span> 
     </span>
    </p>
   </div>
  </div>
 </body>
</html>
