3060 5272
719 307 781 366 452

174 490 261 556 dicia
282 489 434 554 habuisse
458 496 491 554 et
513 511 534 553 a
557 489 707 554 noviciis.
737 510 818 570 quos
840 492 964 556 multos
986 496 1186 566 tractarunt,
1215 492 1327 576 specie

117 602 120 608 '
173 607 207 663 et
234 599 405 681 scripturae
433 617 553 680 genere
575 603 736 660 remotum
759 597 863 664 fuisse
887 605 1067 678 testantur,
1102 597 1328 682 compluribus

173 713 261 771 certe
284 703 412 770 saeculis
435 710 512 769 ante
536 705 693 788 scriptum
716 704 833 785 fuisse,
868 727 966 788 quam
993 707 1159 772 recentior
1185 704 1243 771 illa
1271 727 1327 772 co·

172 815 280 879 dicum
309 812 579 895 corrigendorum
607 819 640 875 et
668 811 804 876 lacunas
833 813 985 896 explendi
1013 813 1217 879 consuetudo
1245 821 1327 880 nata

171 925 229 995 sit,
257 921 436 1005 superioris
458 927 570 985 autem
593 921 750 1002 temporis
772 920 1074 1004 interpolationem,
1102 942 1201 1004 quani
1224 922 1325 987 etiam

170 1029 416 1114 antiquissimos
446 1028 576 1092 codices
600 1026 652 1090 hic
676 1026 743 1090 illic
767 1028 915 1110 attigisse
939 1049 1025 1110 saepe
1048 1031 1199 1112 exposui,
1227 1028 1324 1112 longe

169 1138 255 1203 elius
276 1122 403 1220 generis
425 1134 541 1215 luisse,
575 1135 758 1218 simplicem
781 1142 814 1200 et
835 1135 967 1209 rudem,
997 1137 1127 1219 qualem
1149 1137 1181 1199 in
1204 1135 1324 1201 Emen-

169 1244 360 1309 dationibus
390 1243 533 1307 Livianis
568 1242 679 1305 multis
707 1241 789 1306 locis
818 1243 1012 1307 adumbravi
1044 1243 1088 1326 (p.
1121 1246 1175 1320 13,
1207 1248 1263 1322 14,
1288 1265 1321 1327 p.

168 1357 246 1427 208,
280 1375 311 1435 p.
337 1356 398 1414 33o
426 1374 473 1425 m,
503 1350 560 1427 al,
595 1350 634 1413 de
669 1348 767 1413 huius
802 1358 912 1414 autem
940 1351 1043 1432 ipsius
1072 1349 1204 1415 decadis
1232 1349 1322 1415 codi-

169 1460 262 1523 cibus
297 1482 328 1542 p.
359 1463 418 1522 401
456 1460 535 1540 sq),
571 1458 702 1541 qualem
736 1460 807 1541 ipse
841 1457 1052 1537 Moguntinus
1086 1458 1232 1523 ostendit
1263 1457 1321 1523 lib.

167 1565 303 1643 XXXV,
333 1571 368 1643 4,
399 1571 432 1644 3,
460 1573 536 1648 post
563 1567 671 1629 inter
702 1574 870 1648 pacatos
899 1565 1025 1630 addens
1053 1586 1189 1648 agros,
1219 1567 1321 1631 inter·

166 1679 406 1755 pretameutum
429 1672 695 1737 infelicissimum.
746 1672 871 1736 Deinde
900 1673 963 1736 hoc
986 1694 1122 1755 ponam,
1157 1694 1318 1756 nusquam

165 1780 344 1864 quidquam
366 1780 452 1845 labis
478 1788 535 1844 aut
555 1781 690 1845 maculae
709 1782 741 1843 in
759 1780 790 1842 ll
808 1781 954 1863 reperiri,
977 1780 1066 1861 quod
1083 1801 1122 1844 ex
1140 1770 1319 1845 communi-

166 1890 226 1952 bus
255 1888 281 1951 B
310 1897 343 1954 ct
367 1896 548 1952 ceterorum
579 1888 747 1952 erroribus
769 1866 966 1969 ¹mendisque
990 1890 1022 1952 in
1047 1888 1138 1953 illum
1160 1890 1318 1954 transisse

164 1997 267 2061 videri
290 1997 410 2080 possit,
445 1997 558 2079 itaque
588 1996 767 2060 absurdum
792 2017 863 2059 esse
887 1994 1066 2078 quidquam
1088 1996 1122 2059 in
1145 2017 1184 2060 eo
1208 1997 1317 2079 suspi-

163 2105 232 2170 cari
270 2104 313 2169 ad
354 2111 536 2169 ceterorum
573 2125 701 2168 errores
738 2102 895 2185 tegendos
930 2103 1105 2171 lacunasve
1138 2102 1316 2186 explendas

162 2212 389 2296 interpolando
413 2220 535 2275 natum.
571 2212 740 2275 Postremo
763 2211 804 2274 ad
827 2233 895 2274 rem
919 2210 1163 2289 conficiendam,
1187 2210 1315 2275 duabus

162 2320 366 2404 longioribus
389 2320 538 2402 partibus
562 2319 636 2382 libri
661 2318 795 2381 xxxiv
815 2325 848 2381 et
870 2318 991 2382 XXXV
1010 2320 1079 2383 sine
1101 2319 1168 2382 ullo
1192 2318 1315 2383 dilectu

161 2429 312 2511 sumptis,
336 2438 529 2511 perpetuant
554 2427 778 2508 exemplorum
802 2427 919 2489 seriem
942 2426 1001 2489 sub
1025 2433 1235 2508 conspectum
1258 2424 1315 2489 ad·

163 2535 320 2599 ducemus
344 2534 639 2616 ostendemusque.
674 2542 707 2597 et
736 2542 815 2615 quot
843 2533 982 2599 alioruin
1011 2555 1166 2615 generum
1196 2531 1316 2597 menda

160 2642 283 2706 codicis
318 2642 345 2705 B
375 2649 408 2706 et
442 2641 624 2723 vulgarium
666 2644 852 2705 coimmunis
889 2643 985 2704 unius
1015 2641 1049 2704 M
1084 2664 1145 2725 ope
1182 2639 1314 2705 sublata

161 2750 227 2813 sint
255 2749 343 2829 (nam
368 2749 519 2832 proprios
543 2749 568 2810 B
593 2749 758 2812 scribendi
781 2770 909 2812 errores
934 2756 966 2812 et
990 2748 1172 2830 vulgarium
1195 2746 1315 2811 menda

160 2856 513 2939 interpolationemque
548 2858 692 2935 omitto).
728 2866 761 2919 et
795 2863 876 2938 quot
908 2856 990 2920 locis
1025 2856 1123 2919 verba
1152 2875 1252 2936 quum
1280 2853 1313 2916 in

160 2963 225 3028 illis
255 2963 418 3046 utrisque,
452 2971 522 3028 turn
552 2986 627 3028 vero
657 2964 815 3045 singulari
845 2964 1050 3045 neglegentia
1078 2965 1109 3026 in
1141 2962 1167 3025 B
1192 2961 1314 3025 omissa

158 3072 370 3152 Moguntinus
403 3073 542 3135 servarit
571 3080 603 3135 et
633 3093 730 3151 qutun
759 3070 840 3133 nilril
868 3071 927 3134 illa
957 3073 989 3134 in
1017 3070 1043 3134 B
1072 3090 1176 3134 vacua
1204 3067 1314 3151 spatia

158 3179 319 3244 reconditi
354 3179 534 3256 occultent3
574 3178 635 3242 hoe
675 3180 760 3241 eninr
795 3177 945 3242 declarat
978 3179 1047 3261 ipse
1080 3179 1114 3240 in
1147 3175 1197 3240 his
1229 3174 1312 3239 locis

158 3286 358 3352 deteriorum
387 3287 550 3366 codicum,
585 3287 641 3367 qui
677 3287 709 3348 in
745 3287 862 3350 ceteris
889 3307 910 3350 a
939 3286 1050 3350 codice
1078 3283 1312 3364 Bambcrgeusi

159 3395 256 3458 simili
280 3394 438 3476 pendent,
472 3416 546 3458 curn
569 3392 600 3456 ll
626 3414 802 3458 cousensus
825 3400 884 3457 aut
907 3415 998 3458 error
1021 3392 1155 3475 originis
1178 3397 1310 3472 apertae.

157 3502 263 3579 Quum
303 3510 412 3567 autem
453 3501 548 3565 simul
588 3501 933 3579 animadverterimus,
972 3523 1030 3583 por
1064 3500 1133 3564 haec
1166 3497 1310 3581 plurium

156 3611 301 3692 capitum
325 3609 434 3690 spatia
456 3630 552 3689 quam
576 3606 645 3672 fere
666 3608 747 3672 nihil
771 3609 862 3687 boni,
892 3608 980 3692 quod
1003 3630 1067 3671 non
1090 3609 1124 3671 in
1145 3606 1180 3670 M
1201 3604 1311 3673 fuerit,

156 3737 196 3780 ex
218 3716 245 3779 B
268 3715 433 3797 prolatum
456 3717 508 3794 sit,
538 3736 699 3779 suminam
722 3716 806 3780 hanc
829 3716 995 3793 iaciemus,
1018 3717 1067 3779 ita
1089 3712 1310 3795 Bambergen·

155 3846 224 3889 aem
246 3823 407 3906 vulgares
436 3822 631 3904 quibuscum
656 3824 848 3905 cognatione
873 3824 1093 3905 coniungitur,
1122 3822 1219 3904 longe
1241 3820 1309 3883 vin·

156 3952 240 4009 cere,
276 3937 312 3994 ut
340 3930 532 4011 lloguntino
566 3952 631 3995 non
668 3931 768 4015 paulo
804 3932 939 3996 inferior
967 3933 1025 4011 sit;
1059 3933 1171 4012 itaque
1201 3949 1307 4013 neque

154 4045 291 4122 propter
336 4038 590 4121 Bambergensis
631 4048 664 4102 et
704 4046 887 4103 ceterorum
926 4039 958 4102 in
999 4059 1110 4102 errore
1148 4038 1307 4101 monuere

154 4147 430 4229 conspirationem
459 4148 559 4211 rectis
582 4146 765 4229 lloguntini
795 4148 967 4229 scripturis
997 4145 1209 4211 diffidendum
1238 4170 1307 4214 esse
