3060 5272
222 295 339 385 nan
781 285 821 347 re

223 469 307 536 Sunt
334 467 484 553 quaedem
513 469 708 535 coniecturae
736 490 795 552 per
818 489 853 534 sc
874 469 1102 554 improbanda
1124 476 1160 536 et
1180 475 1293 537 tamen
1314 492 1384 539 non

222 578 328 663 inepti
350 575 463 642 iudicii
486 575 656 658 indices.¹)

309 682 388 769 Cap.
418 688 474 764 51,
511 690 525 748 1
563 684 826 751 emendationem
854 706 875 750 a
902 705 954 750 me
989 684 1032 750 ad
1060 683 1126 751 Cic.
1155 685 1226 752 Fin„
1255 709 1287 771 p.
1319 689 1381 752 531

223 792 272 877 [et
304 800 381 858 ante
415 815 436 858 a
470 789 635 875 Creverio]
670 793 877 878 propositam
916 793 1050 876 (quum
1088 793 1171 861 haec
1209 799 1385 879 accepta

222 901 364 966 clades
394 906 457 966 est
484 922 544 985 pro
573 901 696 983 esset)
719 899 1007 967 Weissenbornius
1036 907 1070 967 et
1091 901 1246 969 Hertaius
1275 903 1383 969 secuti

223 1015 310 1075 sunt.
361 1007 425 1074 Sed
448 1007 515 1073 alia
537 1007 616 1074 mihi
639 1009 674 1073 in
696 1008 758 1074 hoc
781 1009 891 1093 capite
914 1010 1037 1076 multos
1060 1011 1126 1076 iam
1148 1030 1254 1077 annos
1277 1009 1385 1077 haeret
1435 1082 1438 1086 ,

223 1120 255 1183 in
285 1117 396 1183 animo
426 1117 588 1201 suspicio,
629 1139 729 1201 quam
763 1117 920 1202 quoniam
954 1116 1068 1182 sedare
1102 1123 1136 1183 et
1168 1117 1287 1184 elicere
1315 1139 1385 1184 non

223 1228 330 1311 potui,
365 1246 531 1311 promam,
566 1225 623 1290 sed
658 1225 836 1291 subtimide
871 1246 931 1290 nec
959 1230 997 1289 ut
1025 1245 1100 1290 cum
1130 1225 1264 1305 ceteris,
1298 1244 1385 1311 quas

222 1357 388 1420 propono,
437 1334 635 1399 coniecturis
675 1354 811 1417 prorsus
851 1332 968 1400 eodem
1007 1332 1081 1398 loco
1120 1331 1236 1399 haberi
1274 1333 1381 1399 velim.

222 1444 307 1509 Nam
331 1440 422 1527 quod
445 1438 462 1523 ξ
485 1446 504 1504 4
528 1440 682 1507 Veientes
707 1440 861 1506 dicuntur
883 1439 995 1506 velut
1017 1440 1065 1505 ab
1089 1461 1181 1506 arce
1203 1440 1383 1507 Ianiculi

224 1551 374 1635 passim
407 1549 446 1612 in
483 1548 700 1613 Romanurn
735 1569 875 1632 agrum
908 1549 1086 1633 impetus
1120 1547 1303 1629 dedisse,
1335 1548 1381 1630 id,

223 1659 380 1743 quoniam
416 1676 533 1740 reapse
561 1655 652 1720 nulla
679 1655 742 1719 fuit
770 1655 909 1720 Ianiculi
938 1677 1012 1735 arx,
1047 1654 1212 1740 quomodo
1236 1656 1384 1742 intellegi

224 1766 356 1843 debeat,
392 1764 569 1831 obscurum
602 1786 668 1828 non
702 1769 761 1828 est.
817 1762 882 1829 Sed
917 1786 978 1848 pro
1008 1785 1069 1844 eo,
1102 1762 1194 1848 quod
1222 1770 1289 1830 est:
1331 1764 1381 1831 ab

224 1873 412 1938 Ianiculo
453 1872 566 1937 velut
606 1871 653 1937 ab
694 1892 803 1950 arce,
845 1872 1017 1938 dicatume
1055 1872 1168 1937 velut
1206 1873 1255 1939 ab
1289 1893 1383 1939 arce

224 1981 403 2047 Ianiculi
433 1979 534 2064 (qnod
564 1980 668 2063 magis
693 1979 828 2045 alterius
850 1980 917 2046 loci
939 2002 1012 2046 cum
1035 2001 1111 2046 arce
1134 1979 1272 2047 lauieuIi
1294 2001 1384 2049 eom·

224 2090 432 2174 parationem
461 2086 646 2171 significare
675 2086 834 2169 videtur),
867 2110 933 2154 non
960 2089 1082 2153 iniuria
1110 2074 1257 2154 dubitari
1283 2109 1384 2174 posse

225 2197 333 2263 credo.
385 2197 503 2281 Itaque
525 2194 702 2261 ridendum
725 2201 817 2279 puto,
846 2216 887 2260 ne
910 2196 1021 2261 Livius
1043 2195 1107 2262 hoe
1129 2195 1204 2262 loeo
1226 2194 1385 2281 loquendi

153 2313 206 2384 (64)
225 2306 331 2372 forma
357 2326 438 2370 usus
461 2304 505 2369 sit
528 2303 617 2388 apud
641 2301 774 2368 Graecos
798 2303 832 2368 in
854 2304 1020 2387 particula
1043 2310 1089 2376 ὡς,
1118 2311 1207 2386 ὥςπερ
1229 2301 1383 2390 frequen·

221 2415 368 2491 tissima,
403 2433 468 2496 qua
503 2413 674 2495 praemisso
710 2432 782 2475 cum
811 2412 1043 2495 praepositione
1071 2412 1196 2477 nomini
1224 2411 1296 2478 eius
1323 2412 1384 2493 rei,

223 2543 294 2604 quae
318 2519 532 2604 comparandi
556 2540 659 2584 causa
681 2519 825 2602 ponitur,
848 2539 968 2585 nomen
991 2521 1061 2585 eius
1082 2519 1140 2598 rei,
1164 2518 1206 2584 de
1223 2539 1383 2603 quarere

224 2630 347 2712 agItur‚
376 2628 446 2692 sine
475 2627 708 2710 praepositione
737 2626 929 2710 adiungitur
951 2627 1061 2708 (ὥσπερ
1083 2636 1112 2698 ἐξ
1134 2631 1308 2708 ἀκροπόλεως
1330 2626 1383 2692 vel

222 2744 314 2817 ὥσπερ
338 2746 367 2805 ἐξ
388 2742 518 2816 ἐρύματος
541 2743 588 2796 toi·
609 2733 781 2816 Ἰανικόλου),
806 2735 1059 2820 scripseritque:
1083 2734 1195 2800 velut
1217 2734 1265 2801 ab
1288 2755 1382 2802 81'00

221 2843 407 2909 Ianiculo
431 2842 546 2908 eodem
570 2842 757 2925 significatu
780 2862 820 2908 ac
843 2843 871 2908 si
894 2842 1096 2927 scripsisset:
1120 2841 1169 2907 ab
1192 2841 1382 2910 Ianiculo

163 2952 169 2960 '
222 2952 335 3017 velut
373 2950 450 3032 (ab)
490 2971 592 3014 arce.
654 2949 707 3015 Sic
748 2952 834 3016 enim
872 2948 1036 3016 interdum
1071 2949 1209 3016 Latinos
1248 2951 1382 3036 optimae

223 3061 330 3126 aetatis
364 3059 543 3142 scriptores
573 3057 712 3138 dixisse,
746 3065 784 3123 ut
811 3080 879 3124 nou
905 3057 1032 3138 multIs,
1066 3059 1115 3124 ita
1143 3059 1243 3124 certis
1270 3064 1383 3125 tamen

223 3167 380 3251 exemplis
414 3166 544 3232 ostendi
577 3172 705 3250 potest;
745 3166 1026 3250 opportunissima
1058 3172 1172 3231 autem
1205 3167 1381 3233 mutationi

223 3282 295 3342 erat
333 3274 440 3358 figura
472 3275 605 3339 minime
639 3280 826 3359 pervagata.
891 3271 1006 3340 Cicero
1034 3274 1130 3339 Tusc.
1154 3273 1197 3355 V,
1233 3278 1287 3357 32,
1324 3278 1381 3340 90:
1465 3305 1467 3309 ¹

223 3383 355 3462 Quare
383 3389 428 3448 ut
455 3382 505 3448 ad
534 3383 718 3464 quietum
740 3382 975 3460 merenies,
1003 3380 1068 3448 hoc
1091 3388 1157 3463 est,
1185 3381 1315 3448 adme
1338 3389 1383 3448 nt

224 3491 300 3574 (ad)
341 3493 522 3574 quletum
561 3489 610 3570 (ὣς
650 3496 719 3570 πρὸς
759 3496 861 3567 ‹110le
894 3494 996 3571 syme
1027 3516 1075 3570 με,
1114 3511 1314 3575 quamquam
1346 3491 1382 3557 in

224 3599 357 3679 Graecis,
386 3619 459 3683 quae
483 3595 598 3663 Cicero
622 3597 730 3676 vertit,
758 3596 859 3681 paulo
883 3596 1051 3663 diductius
1075 3597 1246 3664 scribitur:
1277 3605 1312 3670 ὥς
1334 3596 1383 3662 οὖν

253 3819 275 3885 ¹)
296 3816 425 3888 [Prorsus
439 3815 556 3871 eandem
570 3816 740 3871 sententiam
755 3815 790 3870 de
799 3815 843 3871 his
852 3815 948 3872 Fabiis
956 3818 1053 3888 posuit
1062 3817 1188 3885 Ovidius,
1203 3816 1285 3872 Livio
1295 3821 1383 3873 aetate

292 3919 408 3973 suppar,
430 3901 507 3956 Fast.
526 3901 567 3969 11,
590 3903 652 3956 200:
677 3918 692 3954 e
715 3903 789 3971 quis
811 3902 878 3957 dux
902 3902 979 3958 lieri
1002 3903 1150 3973 quilibet
1172 3907 1273 3974 aptus
1297 3906 1381 3959 erat.

292 3989 434 4043 Habuitne
452 4003 469 4040 a
485 3988 567 4042 Livio
585 4006 622 4042 an
640 3992 757 4057 uterque
775 3989 811 4043 ab
830 3988 923 4059 aliquo
942 3989 1121 4059 antiquiore?
1150 3987 1219 4056 Quae
1237 3988 1380 4044 Weissen-

293 4074 411 4128 bornius
438 4073 474 4128 ad
500 4074 642 4144 vulgatam
670 4074 839 4144 scripturam
865 4075 1000 4130 tuendam
1022 4073 1116 4142 offam,
1143 4074 1187 4128 vel
1205 4075 1273 4129 eolre
1296 4090 1381 4130 voces

294 4160 509 4228 quibuslibet
526 4165 556 4214 et
573 4160 733 4230 egregins
751 4157 903 4228 evertunt]
