3060 5272
237 376 301 431 Lib.
322 376 422 431 XXVL
789 364 851 425 374

326 547 405 631 (lap.
433 553 486 627 15,
517 552 550 628 3,
579 548 636 612 ubi
663 549 697 612 in
719 547 745 611 P
770 547 817 611 sic
845 546 1001 612 scribitur
1023 547 1266 634 (simillimaque
1287 550 1323 615 in
1346 571 1399 617 ce·

239 655 349 737 teris):
381 655 680 740 percunctandi
707 655 830 720 etiam
857 675 1011 740 aequum
1034 676 1125 721 esse
1149 663 1400 740 potestatem

239 763 336 828 fieri
358 763 565 847 patribus,
593 785 682 828 num
705 764 1077 829 communicassent
1099 761 1288 848 (Campani)
1311 746 1399 831 con·

241 872 339 936 silia
367 892 453 936 cum
480 870 635 955 aliquis
664 871 872 936 sociorum
896 864 1035 935 Latini
1062 872 1242 937 nominis
1269 875 1400 938 muni-

155 979 443 1063 (soqcipiorum
476 986 516 1044 et
542 1001 631 1044 num
659 1000 734 1063 ope
763 1000 898 1044 eorum
926 978 966 1042 in
994 977 1104 1043 bello
1132 977 1273 1045 forent
1301 981 1399 1046 ead·

239 1087 556 1170 municipiorum
584 1086 731 1164 adiuti,
759 1106 825 1150 non
854 1090 960 1165 muto,
991 1106 1089 1167 quam
1112 1085 1204 1165 olim,
1233 1105 1335 1168 quum
1356 1086 1399 1153 de

240 1194 377 1259 coloniis
394 1195 551 1260 Romanis
575 1194 736 1278 disputavi
753 1192 885 1277 (Opusc.
903 1192 1003 1257 Acad.
1022 1192 1038 1255 I
1055 1216 1085 1277 p.
1105 1196 1168 1257 239
1185 1192 1278 1275 not),
1302 1195 1400 1278 posui

241 1303 455 1382 sententiam,
490 1325 557 1368 non
590 1301 697 1369 solum
730 1302 836 1367 altero
864 1301 937 1366 loco
968 1299 1020 1383 [ut
1047 1299 1198 1366 voluerat
1225 1303 1293 1367 iam
1321 1300 1399 1368 Ore·

189 1418 194 1423 “
239 1409 377 1492 verius],
406 1410 465 1475 sed
493 1418 633 1493 utroque
657 1409 837 1475 tollendum
860 1429 930 1473 esse
953 1409 1268 1491 municipiorum
1289 1414 1400 1475 ortum

240 1539 280 1583 ex
312 1540 401 1582 num
435 1539 507 1601 ope
542 1539 674 1582 eorum
703 1515 993 1599 (quemadmodum
1021 1515 1160 1595 XXVII,
1193 1522 1245 1596 11,
1279 1522 1314 1580 11
1345 1517 1399 1584 bis

240 1625 396 1690 scribitur
427 1646 577 1708 pravum,
612 1624 712 1690 semel
740 1623 896 1703 rectum),
931 1630 968 1688 ut
998 1624 1175 1689 scribatur:
1210 1645 1294 1689 cum
1321 1625 1399 1690 ali·

241 1734 333 1816 quis
369 1733 571 1798 sociorum
601 1732 740 1796 Latini
768 1732 943 1797 nominis
974 1738 1013 1796 et
1039 1754 1130 1797 num
1158 1753 1231 1815 ope
1264 1754 1399 1799 eorum

240 1841 280 1904 in
302 1839 410 1906 bello
440 1838 577 1906 forent
606 1838 749 1904 adiuti.
801 1839 886 1903 Nam
915 1838 1004 1922 quod
1032 1840 1213 1923 municipia
1235 1840 1399 1906 eiusmodi

240 1946 418 2031 significari
450 1949 583 2027 volunt,
618 1968 691 2029 quae
724 1948 892 2012 civitatem
926 1948 996 2011 sine
1026 1945 1182 2031 suffragio
1209 1932 1397 2029 habuerint,

240 2076 346 2137 neque
375 2056 445 2121 ulla
474 2063 526 2122 est
553 2056 587 2120 in
615 2056 734 2121 horum
763 2062 949 2138 temporum
977 2055 1119 2119 historia
1147 2055 1245 2120 huius
1267 2057 1399 2138 generis

240 2165 506 2247 municipiorum,
539 2184 612 2246 quae
635 2163 746 2227 Livius
773 2183 933 2245 nusquam
962 2165 1095 2228 omnino
1118 2184 1139 2229 a
1161 2163 1280 2228 ceteris
1309 2164 1399 2248 cogi·

240 2272 341 2337 tando
378 2273 593 2339 scribendove
629 2273 783 2351 secrevit,
819 2278 974 2356 separata
1006 2272 1129 2335 mentio
1158 2270 1397 2354 significatiove

240 2386 408 2462 tamquam
455 2382 572 2446 animis
619 2379 803 2463 studiisque
843 2401 864 2444 a
902 2380 1019 2444 ceteris
1059 2380 1280 2444 seiunctorum
1319 2379 1399 2460 (etsi

241 2487 402 2552 debuerat
435 2488 577 2553 fortasse
612 2487 723 2552 Livius
758 2487 798 2551 de
832 2488 895 2552 boc
929 2488 1047 2551 civium
1081 2507 1217 2570 genere¹
1234 2488 1267 2551 in
1302 2485 1400 2552 Gam-

240 2616 403 2679 panorum
431 2596 531 2660 rebus
554 2592 730 2677 cogitare),
765 2616 872 2678 neque
903 2615 942 2658 ea
970 2595 1066 2660 sociis
1095 2600 1129 2659 et
1156 2594 1284 2659 Latinis
1307 2599 1399 2678 post·

240 2703 318 2786 poni
347 2710 503 2786 poterant
532 2724 638 2785 neque
666 2703 700 2766 id
723 2723 841 2767 nomen
863 2703 932 2767 sine
954 2702 1120 2785 particula
1142 2701 1241 2766 adiici
1264 2703 1398 2768 socio·

239 2832 323 2875 rum
365 2811 501 2875 Latini
542 2811 720 2875 nominis
760 2818 901 2895 receptae
939 2810 1167 2894 appellationi.
1227 2808 1272 2874 Et
1310 2809 1398 2876 solos

241 2919 348 2984 socios
376 2919 562 2984 nominatos
584 2917 685 2983 fuisse
709 2918 868 2998 ostendit,
897 2917 987 3002 quod
1010 2918 1176 3000 sequitur:
1210 2923 1254 2982 ut
1281 2917 1398 2983 solli-

241 3028 476 3092 citarentur
498 3062 542 3072 —
564 3028 766 3093 sociorum
789 3027 975 3091 fidelium
997 3027 1131 3090 animi.
1183 3026 1266 3090 Livii
1289 3027 1398 3092 animo

239 3136 273 3200 in
307 3135 447 3200 historia
481 3135 559 3200 belli
587 3135 799 3201 Hannibalici
833 3136 960 3199 nullum
993 3136 1080 3198 inter
1113 3135 1200 3198 cives
1229 3140 1263 3198 et
1290 3135 1398 3200 socios

240 3245 375 3309 tertium
415 3264 518 3325 genus
558 3243 728 3309 hominum
766 3244 973 3309 interiectum
1013 3243 1211 3321 occurrisse,
1251 3242 1399 3308 certissi-

240 3374 329 3416 mum
353 3359 412 3416 est.

328 3458 407 3544 Gap.
434 3464 487 3539 17,
519 3465 537 3524 5
561 3480 631 3543 sqq.
655 3459 845 3524 Hasdrubal
866 3458 1066 3524 Hamilcaris
1087 3457 1176 3523 filius
1198 3464 1399 3523 narratura

241 3565 276 3632 Ο.
300 3567 432 3632 Nerone
454 3568 489 3632 in
511 3568 599 3633 saltu
622 3568 733 3652 aliquo
756 3568 905 3633 inclusus
928 3567 1128 3651 promisisse,
1153 3568 1181 3631 si
1203 3565 1279 3630 inde
1303 3566 1399 3630 emis·

241 3697 298 3740 sus
332 3674 432 3753 foret,
468 3696 503 3740 se
538 3676 717 3740 exercitum
752 3697 792 3739 ex
820 3674 982 3758 Hispania
1011 3674 1274 3758 deportaturum.
1330 3671 1399 3754 (Sic

241 3785 328 3849 enim
363 3782 587 3848 scribendum:
627 3783 722 3848 inde
763 3783 936 3848 emissus
978 3805 1053 3866 pro:
1093 3782 1186 3847 inde
1225 3780 1398 3863 missus.)

243 3889 368 3975 [Longe
386 3890 477 3956 aliud
500 3896 553 3956 est
574 3891 801 3957 convivium
823 3890 995 3969 mittere,
1018 3890 1081 3956 hoc
1098 3898 1149 3956 est
1166 3886 1398 3971 dimittere]

241 3998 322 4063 Tum
358 4000 404 4064 sic
438 3999 596 4064 scribitur
629 3998 678 4081 (in
706 3998 787 4063 Pet
815 3999 934 4064 ceteris
963 3998 1074 4077 codd,
1108 3999 1253 4081 exceptis
1282 3998 1399 4081 paucis

240 4107 508 4189 recentissimis):
540 4107 659 4185 Quam
682 4127 763 4171 rem
786 4129 904 4190 quum
926 4106 1018 4173 laeto
1041 4107 1172 4174 animo
1195 4104 1398 4171 Romanus

241 4217 492 4299 accepisset,
539 4215 644 4280 diem
682 4221 890 4298 posterum
934 4214 1142 4281 Hannibal
1187 4212 1398 4297 colloquio
