<?xml version="1.0" encoding="UTF-8"?>
<!DOCTYPE html PUBLIC "-//W3C//DTD XHTML 1.0 Transitional//EN"
    "http://www.w3.org/TR/xhtml1/DTD/xhtml1-transitional.dtd">
<html xmlns="http://www.w3.org/1999/xhtml" xml:lang="en" lang="en">
 <head>
  <title>
</title>
<meta http-equiv="Content-Type" content="text/html;charset=utf-8" />
  <meta name='ocr-system' content='tesseract 3.04.00' />
  <meta name='ocr-capabilities' content='ocr_page ocr_carea ocr_par ocr_line ocrx_word'/>
</head>
<body>
  <div class='ocr_page' id='page_1' title='image "./emendationesliv01madvgoog_0175.png"; bbox 0 0 3060 5272; ppageno 0'>
   <div class='ocr_carea' id='block_1_1' title="bbox 242 323 854 393">
    <p class='ocr_par' dir='ltr' id='par_1_1' title="bbox 242 323 854 393">
     <span class='ocr_line' id='line_1_1' title="bbox 242 323 854 393; baseline 0.002 -1"><span class='ocrx_word' id='word_1_1' title='bbox 242 336 383 393; x_wconf 73' lang='lat' dir='ltr'>ninvn.</span> <span class='ocrx_word' id='word_1_2' title='bbox 794 323 854 384; x_wconf 82' lang='grc'>166</span> 
     </span>
    </p>
   </div>
   <div class='ocr_carea' id='block_1_2' title="bbox 242 505 1404 803">
    <p class='ocr_par' dir='ltr' id='par_1_2' title="bbox 242 505 1404 803">
     <span class='ocr_line' id='line_1_2' title="bbox 242 505 1404 591; baseline 0.001 -17"><span class='ocrx_word' id='word_1_3' title='bbox 242 508 387 574; x_wconf 83' lang='lat' dir='ltr'>ridetur:</span> <span class='ocrx_word' id='word_1_4' title='bbox 421 506 600 572; x_wconf 83' lang='lat' dir='ltr'><strong>Eludant</strong></span> <span class='ocrx_word' id='word_1_5' title='bbox 627 526 732 571; x_wconf 92' lang='lat' dir='ltr'>nunc</span> <span class='ocrx_word' id='word_1_6' title='bbox 758 506 859 571; x_wconf 89' lang='lat' dir='ltr'>licet</span> <span class='ocrx_word' id='word_1_7' title='bbox 886 505 1132 590; x_wconf 80' lang='lat' dir='ltr'>religiones:</span> <span class='ocrx_word' id='word_1_8' title='bbox 1167 507 1264 591; x_wconf 88' lang='lat' dir='ltr'>quid</span> <span class='ocrx_word' id='word_1_9' title='bbox 1291 507 1404 575; x_wconf 91' lang='lat' dir='ltr'>enim</span> 
     </span>
     <span class='ocr_line' id='line_1_3' title="bbox 242 614 1402 699; baseline 0.003 -19"><span class='ocrx_word' id='word_1_10' title='bbox 242 635 337 696; x_wconf 84' lang='lat' dir='ltr'>osse,</span> <span class='ocrx_word' id='word_1_11' title='bbox 373 617 410 682; x_wconf 94' lang='lat' dir='ltr'>si</span> <span class='ocrx_word' id='word_1_12' title='bbox 442 615 549 699; x_wconf 92' lang='lat' dir='ltr'>pulli</span> <span class='ocrx_word' id='word_1_13' title='bbox 582 636 661 680; x_wconf 93' lang='lat' dir='ltr'>non</span> <span class='ocrx_word' id='word_1_14' title='bbox 687 618 910 695; x_wconf 74' lang='lat' dir='ltr'>pascantur,</span> <span class='ocrx_word' id='word_1_15' title='bbox 944 614 978 679; x_wconf 93' lang='lat' dir='ltr'>si</span> <span class='ocrx_word' id='word_1_16' title='bbox 1009 635 1054 679; x_wconf 87' lang='lat' dir='ltr'>ex</span> <span class='ocrx_word' id='word_1_17' title='bbox 1085 635 1208 682; x_wconf 82' lang='lat' dir='ltr'>cerea</span> <span class='ocrx_word' id='word_1_18' title='bbox 1235 615 1402 683; x_wconf 85' lang='lat' dir='ltr'>tardius</span> 
     </span>
     <span class='ocr_line' id='line_1_4' title="bbox 242 720 937 803; baseline -0.006 -14"><span class='ocrx_word' id='word_1_19' title='bbox 242 725 432 803; x_wconf 85' lang='lat' dir='ltr'>exierint,</span> <span class='ocrx_word' id='word_1_20' title='bbox 456 723 489 788; x_wconf 93' lang='lat' dir='ltr'>si</span> <span class='ocrx_word' id='word_1_21' title='bbox 511 724 598 787; x_wconf 89' lang='lat' dir='ltr'>avis</span> <span class='ocrx_word' id='word_1_22' title='bbox 621 720 937 803; x_wconf 83' lang='lat' dir='ltr'>occecineritl¹)</span> 
     </span>
    </p>
   </div>
   <div class='ocr_carea' id='block_1_3' title="bbox 154 944 925 1053">
    <p class='ocr_par' dir='ltr' id='par_1_3' title="bbox 154 944 925 1053">
     <span class='ocr_line' id='line_1_5' title="bbox 154 944 925 1053; baseline 0.004 -28"><span class='ocrx_word' id='word_1_23' title='bbox 154 983 226 1053; x_wconf 69' lang='lat' dir='ltr'>ee)</span> <span class='ocrx_word' id='word_1_24' title='bbox 710 945 803 1028; x_wconf 79' lang='lat' dir='ltr'>me.</span> <span class='ocrx_word' id='word_1_25' title='bbox 835 944 925 1028; x_wconf 79' lang='lat' dir='ltr'>vu.</span> 
     </span>
    </p>
   </div>
   <div class='ocr_carea' id='block_1_4' title="bbox 236 1076 1402 3646">
    <p class='ocr_par' dir='ltr' id='par_1_4' title="bbox 237 1076 1402 2975">
     <span class='ocr_line' id='line_1_6' title="bbox 325 1076 1396 1162; baseline 0.002 -18"><span class='ocrx_word' id='word_1_26' title='bbox 325 1076 404 1162; x_wconf 83' lang='lat' dir='ltr'>Cap.</span> <span class='ocrx_word' id='word_1_27' title='bbox 430 1085 457 1159; x_wconf 90' lang='lat' dir='ltr'>l,</span> <span class='ocrx_word' id='word_1_28' title='bbox 481 1084 515 1143; x_wconf 87' lang='lat'>8:</span> <span class='ocrx_word' id='word_1_29' title='bbox 550 1099 636 1143; x_wconf 88' lang='lat' dir='ltr'>eam</span> <span class='ocrx_word' id='word_1_30' title='bbox 663 1077 949 1162; x_wconf 74' lang='lat' dir='ltr'>pestilentiam</span> <span class='ocrx_word' id='word_1_31' title='bbox 976 1076 1063 1162; x_wconf 84' lang='lat' dir='ltr'>(quae</span> <span class='ocrx_word' id='word_1_32' title='bbox 1090 1076 1153 1145; x_wconf 89' lang='lat' dir='ltr'>fuit</span> <span class='ocrx_word' id='word_1_33' title='bbox 1174 1079 1210 1144; x_wconf 88' lang='lat' dir='ltr'>L.</span> <span class='ocrx_word' id='word_1_34' title='bbox 1235 1078 1396 1161; x_wconf 80' lang='lat' dir='ltr'>Genucio,</span> 
     </span>
     <span class='ocr_line' id='line_1_7' title="bbox 239 1185 1392 1270; baseline 0.002 -17"><span class='ocrx_word' id='word_1_35' title='bbox 239 1186 276 1264; x_wconf 81' lang='lat' dir='ltr'>Q.</span> <span class='ocrx_word' id='word_1_36' title='bbox 300 1187 435 1253; x_wconf 83' lang='lat' dir='ltr'>Servilio</span> <span class='ocrx_word' id='word_1_37' title='bbox 468 1185 567 1268; x_wconf 84' lang='lat' dir='ltr'>coss.)</span> <span class='ocrx_word' id='word_1_38' title='bbox 600 1187 800 1270; x_wconf 83' lang='lat' dir='ltr'>insignem</span> <span class='ocrx_word' id='word_1_39' title='bbox 833 1207 939 1252; x_wconf 91' lang='lat' dir='ltr'>mors</span> <span class='ocrx_word' id='word_1_40' title='bbox 968 1206 1087 1269; x_wconf 88' lang='lat' dir='ltr'>quam</span> <span class='ocrx_word' id='word_1_41' title='bbox 1114 1193 1280 1254; x_wconf 85' lang='lat' dir='ltr'>matura</span> <span class='ocrx_word' id='word_1_42' title='bbox 1306 1194 1392 1255; x_wconf 87' lang='lat' dir='ltr'>tam</span> 
     </span>
     <span class='ocr_line' id='line_1_8' title="bbox 240 1293 1400 1378; baseline 0.003 -18"><span class='ocrx_word' id='word_1_43' title='bbox 240 1295 388 1360; x_wconf 89' lang='lat' dir='ltr'>acerba</span> <span class='ocrx_word' id='word_1_44' title='bbox 403 1296 447 1360; x_wconf 90' lang='lat' dir='ltr'>M.</span> <span class='ocrx_word' id='word_1_45' title='bbox 465 1295 579 1360; x_wconf 88' lang='lat' dir='ltr'>Furii</span> <span class='ocrx_word' id='word_1_46' title='bbox 601 1295 711 1360; x_wconf 85' lang='lat' dir='ltr'>fecit.</span> <span class='ocrx_word' id='word_1_47' title='bbox 741 1293 804 1372; x_wconf 84' lang='lat' dir='ltr'>Qui</span> <span class='ocrx_word' id='word_1_48' title='bbox 827 1295 875 1359; x_wconf 90' lang='lat' dir='ltr'>sic</span> <span class='ocrx_word' id='word_1_49' title='bbox 897 1293 987 1374; x_wconf 88' lang='lat' dir='ltr'>dicit,</span> <span class='ocrx_word' id='word_1_50' title='bbox 1010 1294 1038 1359; x_wconf 93' lang='lat' dir='ltr'>is</span> <span class='ocrx_word' id='word_1_51' title='bbox 1061 1294 1234 1378; x_wconf 85' lang='lat' dir='ltr'>significat,</span> <span class='ocrx_word' id='word_1_52' title='bbox 1256 1301 1400 1363; x_wconf 82' lang='lat' dir='ltr'>mortem</span> 
     </span>
     <span class='ocr_line' id='line_1_9' title="bbox 239 1401 1401 1487; baseline 0.002 -19"><span class='ocrx_word' id='word_1_53' title='bbox 239 1401 369 1468; x_wconf 81' lang='lat' dir='ltr'>Camilli</span> <span class='ocrx_word' id='word_1_54' title='bbox 396 1402 551 1468; x_wconf 83' lang='lat' dir='ltr'>acerbam</span> <span class='ocrx_word' id='word_1_55' title='bbox 578 1401 696 1482; x_wconf 85' lang='lat' dir='ltr'>fuisse,</span> <span class='ocrx_word' id='word_1_56' title='bbox 725 1408 763 1467; x_wconf 92' lang='lat' dir='ltr'>ut</span> <span class='ocrx_word' id='word_1_57' title='bbox 791 1402 959 1481; x_wconf 83' lang='lat' dir='ltr'>debuerit,</span> <span class='ocrx_word' id='word_1_58' title='bbox 988 1409 1127 1487; x_wconf 89' lang='lat' dir='ltr'>propter</span> <span class='ocrx_word' id='word_1_59' title='bbox 1154 1404 1401 1487; x_wconf 67' lang='lat' dir='ltr'>maturitatem</span> 
     </span>
     <span class='ocr_line' id='line_1_10' title="bbox 237 1509 1402 1597; baseline 0.003 -23"><span class='ocrx_word' id='word_1_60' title='bbox 237 1511 361 1576; x_wconf 90' lang='lat' dir='ltr'>iustam</span> <span class='ocrx_word' id='word_1_61' title='bbox 382 1510 484 1575; x_wconf 88' lang='lat' dir='ltr'>fuisse</span> <span class='ocrx_word' id='word_1_62' title='bbox 506 1511 710 1575; x_wconf 84' lang='lat' dir='ltr'>maturitatis</span> <span class='ocrx_word' id='word_1_63' title='bbox 733 1516 767 1575; x_wconf 90' lang='lat' dir='ltr'>et</span> <span class='ocrx_word' id='word_1_64' title='bbox 790 1509 983 1575; x_wconf 84' lang='lat' dir='ltr'>acerbitatis</span> <span class='ocrx_word' id='word_1_65' title='bbox 1004 1511 1263 1595; x_wconf 88' lang='lat' dir='ltr'>proportionem.</span> <span class='ocrx_word' id='word_1_66' title='bbox 1296 1512 1402 1597; x_wconf 84' lang='lat' dir='ltr'>Atqui</span> 
     </span>
     <span class='ocr_line' id='line_1_11' title="bbox 239 1616 1398 1702; baseline 0.003 -21"><span class='ocrx_word' id='word_1_67' title='bbox 239 1619 408 1682; x_wconf 88' lang='lat' dir='ltr'>contraria</span> <span class='ocrx_word' id='word_1_68' title='bbox 429 1625 567 1682; x_wconf 83' lang='lat' dir='ltr'>maturae</span> <span class='ocrx_word' id='word_1_69' title='bbox 589 1616 730 1699; x_wconf 87' lang='lat' dir='ltr'>(senum)</span> <span class='ocrx_word' id='word_1_70' title='bbox 754 1619 853 1682; x_wconf 90' lang='lat' dir='ltr'>morti</span> <span class='ocrx_word' id='word_1_71' title='bbox 876 1623 927 1683; x_wconf 88' lang='lat' dir='ltr'>est</span> <span class='ocrx_word' id='word_1_72' title='bbox 949 1618 1071 1683; x_wconf 89' lang='lat' dir='ltr'>acerba</span> <span class='ocrx_word' id='word_1_73' title='bbox 1095 1617 1262 1702; x_wconf 84' lang='lat' dir='ltr'>(iuvenum</span> <span class='ocrx_word' id='word_1_74' title='bbox 1284 1625 1320 1684; x_wconf 89' lang='lat' dir='ltr'>et</span> <span class='ocrx_word' id='word_1_75' title='bbox 1341 1640 1398 1685; x_wconf 87' lang='lat' dir='ltr'>eo·</span> 
     </span>
     <span class='ocr_line' id='line_1_12' title="bbox 238 1725 1400 1812; baseline 0.005 -24"><span class='ocrx_word' id='word_1_76' title='bbox 238 1746 325 1804; x_wconf 92' lang='lat' dir='ltr'>rum,</span> <span class='ocrx_word' id='word_1_77' title='bbox 359 1725 415 1806; x_wconf 93' lang='lat' dir='ltr'>qui</span> <span class='ocrx_word' id='word_1_78' title='bbox 449 1725 595 1789; x_wconf 90' lang='lat' dir='ltr'>nondum</span> <span class='ocrx_word' id='word_1_79' title='bbox 629 1726 713 1789; x_wconf 90' lang='lat' dir='ltr'>mori</span> <span class='ocrx_word' id='word_1_80' title='bbox 742 1725 894 1790; x_wconf 88' lang='lat' dir='ltr'>debuisse</span> <span class='ocrx_word' id='word_1_81' title='bbox 922 1725 1104 1807; x_wconf 84' lang='lat' dir='ltr'>videntur),</span> <span class='ocrx_word' id='word_1_82' title='bbox 1139 1732 1172 1792; x_wconf 90' lang='lat' dir='ltr'>et</span> <span class='ocrx_word' id='word_1_83' title='bbox 1199 1727 1262 1793; x_wconf 92' lang='lat' dir='ltr'>hoc</span> <span class='ocrx_word' id='word_1_84' title='bbox 1290 1727 1400 1812; x_wconf 90' lang='lat' dir='ltr'>ipsum</span> 
     </span>
     <span class='ocr_line' id='line_1_13' title="bbox 239 1831 1397 1919; baseline 0.006 -23"><span class='ocrx_word' id='word_1_85' title='bbox 239 1832 349 1897; x_wconf 84' lang='lat' dir='ltr'>Livius</span> <span class='ocrx_word' id='word_1_86' title='bbox 372 1831 465 1913; x_wconf 90' lang='lat' dir='ltr'>dicit,</span> <span class='ocrx_word' id='word_1_87' title='bbox 494 1831 625 1897; x_wconf 87' lang='lat' dir='ltr'>Camilli</span> <span class='ocrx_word' id='word_1_88' title='bbox 647 1840 796 1913; x_wconf 89' lang='lat' dir='ltr'>mortem,</span> <span class='ocrx_word' id='word_1_89' title='bbox 826 1834 889 1898; x_wconf 88' lang='lat' dir='ltr'>etsi</span> <span class='ocrx_word' id='word_1_90' title='bbox 912 1833 953 1898; x_wconf 94' lang='lat' dir='ltr'>ob</span> <span class='ocrx_word' id='word_1_91' title='bbox 978 1839 1111 1899; x_wconf 75' lang='lat' dir='ltr'>aetatem</span> <span class='ocrx_word' id='word_1_92' title='bbox 1132 1840 1265 1901; x_wconf 84' lang='lat' dir='ltr'>matura</span> <span class='ocrx_word' id='word_1_93' title='bbox 1285 1834 1397 1919; x_wconf 85' lang='lat' dir='ltr'>fuerit,</span> 
     </span>
     <span class='ocr_line' id='line_1_14' title="bbox 239 1940 1398 2009; baseline 0.003 -4"><span class='ocrx_word' id='word_1_94' title='bbox 239 1946 350 2005; x_wconf 89' lang='lat' dir='ltr'>tamen</span> <span class='ocrx_word' id='word_1_95' title='bbox 384 1941 425 2005; x_wconf 94' lang='lat' dir='ltr'>ob</span> <span class='ocrx_word' id='word_1_96' title='bbox 459 1942 519 2005; x_wconf 88' lang='lat' dir='ltr'>viri</span> <span class='ocrx_word' id='word_1_97' title='bbox 552 1942 671 2006; x_wconf 91' lang='lat' dir='ltr'>merita</span> <span class='ocrx_word' id='word_1_98' title='bbox 705 1948 738 2006; x_wconf 88' lang='lat' dir='ltr'>et</span> <span class='ocrx_word' id='word_1_99' title='bbox 771 1940 970 2007; x_wconf 88' lang='lat' dir='ltr'>desiderium</span> <span class='ocrx_word' id='word_1_100' title='bbox 999 1943 1102 2007; x_wconf 83' lang='lat' dir='ltr'>visam</span> <span class='ocrx_word' id='word_1_101' title='bbox 1130 1964 1204 2008; x_wconf 89' lang='lat' dir='ltr'>esse</span> <span class='ocrx_word' id='word_1_102' title='bbox 1231 1942 1398 2009; x_wconf 86' lang='lat' dir='ltr'>acerbam.</span> 
     </span>
     <span class='ocr_line' id='line_1_15' title="bbox 240 2047 1400 2134; baseline 0.004 -22"><span class='ocrx_word' id='word_1_103' title='bbox 240 2047 326 2125; x_wconf 86' lang='lat' dir='ltr'>Quid</span> <span class='ocrx_word' id='word_1_104' title='bbox 354 2049 539 2134; x_wconf 85' lang='lat' dir='ltr'>scripserit,</span> <span class='ocrx_word' id='word_1_105' title='bbox 574 2049 725 2114; x_wconf 91' lang='lat' dir='ltr'>codicum</span> <span class='ocrx_word' id='word_1_106' title='bbox 752 2048 927 2114; x_wconf 88' lang='lat' dir='ltr'>manifesta</span> <span class='ocrx_word' id='word_1_107' title='bbox 948 2049 1070 2114; x_wconf 91' lang='lat' dir='ltr'>indicia</span> <span class='ocrx_word' id='word_1_108' title='bbox 1093 2051 1288 2133; x_wconf 81' lang='lat' dir='ltr'>ostenduut3</span> <span class='ocrx_word' id='word_1_109' title='bbox 1321 2072 1400 2117; x_wconf 83' lang='lat' dir='ltr'>nam</span> 
     </span>
     <span class='ocr_line' id='line_1_16' title="bbox 238 2156 1400 2240; baseline 0.005 -20"><span class='ocrx_word' id='word_1_110' title='bbox 238 2156 273 2220; x_wconf 95' lang='lat' dir='ltr'>in</span> <span class='ocrx_word' id='word_1_111' title='bbox 301 2157 335 2221; x_wconf 91' lang='lat' dir='ltr'><strong>M</strong></span> <span class='ocrx_word' id='word_1_112' title='bbox 363 2178 383 2221; x_wconf 86' lang='lat' dir='ltr'>a</span> <span class='ocrx_word' id='word_1_113' title='bbox 417 2157 524 2240; x_wconf 90' lang='lat' dir='ltr'>prima</span> <span class='ocrx_word' id='word_1_114' title='bbox 557 2178 657 2222; x_wconf 88' lang='lat' dir='ltr'>manu</span> <span class='ocrx_word' id='word_1_115' title='bbox 690 2163 741 2222; x_wconf 89' lang='lat' dir='ltr'>est</span> <span class='ocrx_word' id='word_1_116' title='bbox 774 2158 936 2240; x_wconf 88' lang='lat' dir='ltr'>quamui</span> <span class='ocrx_word' id='word_1_117' title='bbox 968 2164 1142 2239; x_wconf 87' lang='lat' dir='ltr'>matura,</span> <span class='ocrx_word' id='word_1_118' title='bbox 1175 2179 1243 2223; x_wconf 90' lang='lat' dir='ltr'>una</span> <span class='ocrx_word' id='word_1_119' title='bbox 1275 2160 1400 2227; x_wconf 84' lang='lat' dir='ltr'>amissa</span> 
     </span>
     <span class='ocr_line' id='line_1_17' title="bbox 237 2264 1397 2350; baseline 0.004 -21"><span class='ocrx_word' id='word_1_120' title='bbox 237 2265 366 2344; x_wconf 87' lang='lat' dir='ltr'>littera,</span> <span class='ocrx_word' id='word_1_121' title='bbox 405 2286 503 2350; x_wconf 88' lang='lat' dir='ltr'>quam</span> <span class='ocrx_word' id='word_1_122' title='bbox 536 2265 643 2329; x_wconf 88' lang='lat' dir='ltr'>altera</span> <span class='ocrx_word' id='word_1_123' title='bbox 675 2286 792 2329; x_wconf 88' lang='lat' dir='ltr'>manus</span> <span class='ocrx_word' id='word_1_124' title='bbox 825 2267 964 2330; x_wconf 86' lang='lat' dir='ltr'>retraxit</span> <span class='ocrx_word' id='word_1_125' title='bbox 999 2264 1229 2348; x_wconf 72' lang='lat' dir='ltr'>(quamvis),</span> <span class='ocrx_word' id='word_1_126' title='bbox 1264 2288 1305 2333; x_wconf 87' lang='lat' dir='ltr'>ex</span> <span class='ocrx_word' id='word_1_127' title='bbox 1337 2266 1397 2334; x_wconf 93' lang='lat' dir='ltr'>illo</span> 
     </span>
     <span class='ocr_line' id='line_1_18' title="bbox 240 2373 1398 2457; baseline 0.003 -20"><span class='ocrx_word' id='word_1_128' title='bbox 240 2375 402 2457; x_wconf 85' lang='lat' dir='ltr'>quamni</span> <span class='ocrx_word' id='word_1_129' title='bbox 431 2374 465 2437; x_wconf 91' lang='lat' dir='ltr'>in</span> <span class='ocrx_word' id='word_1_130' title='bbox 489 2373 588 2438; x_wconf 91' lang='lat' dir='ltr'>LlHl</span> <span class='ocrx_word' id='word_1_131' title='bbox 615 2379 725 2438; x_wconf 87' lang='lat' dir='ltr'>ortum</span> <span class='ocrx_word' id='word_1_132' title='bbox 748 2394 865 2456; x_wconf 90' lang='lat' dir='ltr'>quam</span> <span class='ocrx_word' id='word_1_133' title='bbox 888 2394 1000 2438; x_wconf 88' lang='lat' dir='ltr'>nemo</span> <span class='ocrx_word' id='word_1_134' title='bbox 1024 2375 1098 2455; x_wconf 91' lang='lat' dir='ltr'>sic;</span> <span class='ocrx_word' id='word_1_135' title='bbox 1131 2374 1273 2440; x_wconf 90' lang='lat' dir='ltr'>Parisini</span> <span class='ocrx_word' id='word_1_136' title='bbox 1295 2374 1398 2442; x_wconf 84' lang='lat' dir='ltr'>libro·</span> 
     </span>
     <span class='ocr_line' id='line_1_19' title="bbox 238 2480 1400 2551; baseline 0.006 -7"><span class='ocrx_word' id='word_1_137' title='bbox 238 2481 307 2545; x_wconf 89' lang='lat' dir='ltr'>rins</span> <span class='ocrx_word' id='word_1_138' title='bbox 340 2481 470 2545; x_wconf 90' lang='lat' dir='ltr'>litteras</span> <span class='ocrx_word' id='word_1_139' title='bbox 503 2481 543 2544; x_wconf 91' lang='lat' dir='ltr'>ui</span> <span class='ocrx_word' id='word_1_140' title='bbox 576 2500 642 2543; x_wconf 93' lang='lat' dir='ltr'>non</span> <span class='ocrx_word' id='word_1_141' title='bbox 676 2480 862 2545; x_wconf 88' lang='lat' dir='ltr'>intellectas</span> <span class='ocrx_word' id='word_1_142' title='bbox 897 2482 1039 2547; x_wconf 86' lang='lat' dir='ltr'>sustulit.</span> <span class='ocrx_word' id='word_1_143' title='bbox 1096 2481 1162 2548; x_wconf 88' lang='lat' dir='ltr'>Sed</span> <span class='ocrx_word' id='word_1_144' title='bbox 1194 2504 1310 2549; x_wconf 85' lang='lat' dir='ltr'>manus</span> <span class='ocrx_word' id='word_1_145' title='bbox 1338 2482 1400 2551; x_wconf 82' lang='lat' dir='ltr'>illa</span> 
     </span>
     <span class='ocr_line' id='line_1_20' title="bbox 239 2587 1400 2674; baseline 0.005 -23"><span class='ocrx_word' id='word_1_146' title='bbox 239 2587 347 2651; x_wconf 89' lang='lat' dir='ltr'>altera</span> <span class='ocrx_word' id='word_1_147' title='bbox 373 2588 514 2652; x_wconf 88' lang='lat' dir='ltr'>Medicei</span> <span class='ocrx_word' id='word_1_148' title='bbox 540 2594 630 2651; x_wconf 88' lang='lat' dir='ltr'>recte</span> <span class='ocrx_word' id='word_1_149' title='bbox 659 2587 754 2651; x_wconf 90' lang='lat' dir='ltr'>simul</span> <span class='ocrx_word' id='word_1_150' title='bbox 784 2610 844 2670; x_wconf 92' lang='lat' dir='ltr'>pro</span> <span class='ocrx_word' id='word_1_151' title='bbox 872 2595 951 2653; x_wconf 86' lang='lat' dir='ltr'>tam</span> <span class='ocrx_word' id='word_1_152' title='bbox 981 2590 1116 2674; x_wconf 87' lang='lat' dir='ltr'>scripsit</span> <span class='ocrx_word' id='word_1_153' title='bbox 1150 2592 1247 2672; x_wconf 74' lang='lat' dir='ltr'>tam3</span> <span class='ocrx_word' id='word_1_154' title='bbox 1281 2590 1400 2657; x_wconf 87' lang='lat' dir='ltr'>absur-</span> 
     </span>
     <span class='ocr_line' id='line_1_21' title="bbox 240 2694 1400 2779; baseline 0.005 -20"><span class='ocrx_word' id='word_1_155' title='bbox 240 2695 318 2759; x_wconf 90' lang='lat' dir='ltr'>dum</span> <span class='ocrx_word' id='word_1_156' title='bbox 359 2696 446 2760; x_wconf 90' lang='lat' dir='ltr'>enim</span> <span class='ocrx_word' id='word_1_157' title='bbox 486 2703 519 2759; x_wconf 90' lang='lat' dir='ltr'>et</span> <span class='ocrx_word' id='word_1_158' title='bbox 551 2694 731 2760; x_wconf 88' lang='lat' dir='ltr'>barbarum</span> <span class='ocrx_word' id='word_1_159' title='bbox 769 2702 834 2760; x_wconf 88' lang='lat' dir='ltr'>est:</span> <span class='ocrx_word' id='word_1_160' title='bbox 875 2699 1058 2779; x_wconf 88' lang='lat' dir='ltr'>quamvis</span> <span class='ocrx_word' id='word_1_161' title='bbox 1099 2705 1275 2779; x_wconf 82' lang='lat' dir='ltr'>matura,</span> <span class='ocrx_word' id='word_1_162' title='bbox 1316 2705 1400 2765; x_wconf 81' lang='lat' dir='ltr'>tam</span> 
     </span>
     <span class='ocr_line' id='line_1_22' title="bbox 239 2802 1399 2887; baseline 0.006 -21"><span class='ocrx_word' id='word_1_163' title='bbox 239 2802 403 2882; x_wconf 72' lang='lat' dir='ltr'>acerba,</span> <span class='ocrx_word' id='word_1_164' title='bbox 420 2803 515 2867; x_wconf 89' lang='lat' dir='ltr'>unice</span> <span class='ocrx_word' id='word_1_165' title='bbox 533 2810 646 2885; x_wconf 90' lang='lat' dir='ltr'>aptum</span> <span class='ocrx_word' id='word_1_166' title='bbox 662 2824 855 2887; x_wconf 81' lang='lat' dir='ltr'>verumque:</span> <span class='ocrx_word' id='word_1_167' title='bbox 880 2806 1061 2886; x_wconf 86' lang='lat' dir='ltr'>quamvis</span> <span class='ocrx_word' id='word_1_168' title='bbox 1079 2813 1247 2887; x_wconf 82' lang='lat' dir='ltr'>matura,</span> <span class='ocrx_word' id='word_1_169' title='bbox 1265 2813 1399 2873; x_wconf 81' lang='lat' dir='ltr'>tamen</span> 
     </span>
     <span class='ocr_line' id='line_1_23' title="bbox 242 2910 401 2975; baseline -0.006 -1"><span class='ocrx_word' id='word_1_170' title='bbox 242 2910 401 2975; x_wconf 89' lang='lat' dir='ltr'>acerba.</span> 
     </span>
    </p>

    <p class='ocr_par' dir='ltr' id='par_1_5' title="bbox 236 3015 1398 3646">
     <span class='ocr_line' id='line_1_24' title="bbox 325 3015 1398 3107; baseline 0.007 -25"><span class='ocrx_word' id='word_1_171' title='bbox 325 3015 403 3102; x_wconf 82' lang='lat' dir='ltr'>Cap.</span> <span class='ocrx_word' id='word_1_172' title='bbox 439 3021 472 3097; x_wconf 80' lang='lat'>2,</span> <span class='ocrx_word' id='word_1_173' title='bbox 505 3024 541 3082; x_wconf 81' lang='lat'>4:</span> <span class='ocrx_word' id='word_1_174' title='bbox 586 3016 773 3084; x_wconf 82' lang='lat' dir='ltr'>Ceterum</span> <span class='ocrx_word' id='word_1_175' title='bbox 810 3041 934 3102; x_wconf 82' lang='lat' dir='ltr'>parva</span> <span class='ocrx_word' id='word_1_176' title='bbox 973 3042 1144 3107; x_wconf 85' lang='lat' dir='ltr'>quoque,</span> <span class='ocrx_word' id='word_1_177' title='bbox 1190 3028 1234 3087; x_wconf 92' lang='lat' dir='ltr'>ut</span> <span class='ocrx_word' id='word_1_178' title='bbox 1272 3021 1398 3089; x_wconf 86' lang='lat' dir='ltr'>ferme</span> 
     </span>
     <span class='ocr_line' id='line_1_25' title="bbox 238 3126 1397 3211; baseline 0.006 -21"><span class='ocrx_word' id='word_1_179' title='bbox 238 3126 450 3211; x_wconf 89' lang='lat' dir='ltr'>principia</span> <span class='ocrx_word' id='word_1_180' title='bbox 483 3127 627 3205; x_wconf 88' lang='lat' dir='ltr'>omnia,</span> <span class='ocrx_word' id='word_1_181' title='bbox 669 3136 708 3193; x_wconf 91' lang='lat' dir='ltr'>et</span> <span class='ocrx_word' id='word_1_182' title='bbox 745 3147 791 3191; x_wconf 88' lang='lat' dir='ltr'>ea</span> <span class='ocrx_word' id='word_1_183' title='bbox 829 3129 921 3210; x_wconf 87' lang='lat' dir='ltr'>ipsa</span> <span class='ocrx_word' id='word_1_184' title='bbox 959 3130 1179 3211; x_wconf 84' lang='lat' dir='ltr'>peregrina</span> <span class='ocrx_word' id='word_1_185' title='bbox 1211 3152 1275 3196; x_wconf 90' lang='lat' dir='ltr'>res</span> <span class='ocrx_word' id='word_1_186' title='bbox 1308 3130 1397 3197; x_wconf 85' lang='lat' dir='ltr'>luit.</span> 
     </span>
     <span class='ocr_line' id='line_1_26' title="bbox 237 3232 1398 3322; baseline 0.004 -24"><span class='ocrx_word' id='word_1_187' title='bbox 237 3232 312 3299; x_wconf 90' lang='lat' dir='ltr'>Non</span> <span class='ocrx_word' id='word_1_188' title='bbox 335 3234 443 3316; x_wconf 88' lang='lat' dir='ltr'>video,</span> <span class='ocrx_word' id='word_1_189' title='bbox 478 3256 542 3318; x_wconf 92' lang='lat' dir='ltr'>quo</span> <span class='ocrx_word' id='word_1_190' title='bbox 565 3235 731 3300; x_wconf 82' lang='lat' dir='ltr'>referatur</span> <span class='ocrx_word' id='word_1_191' title='bbox 753 3257 928 3319; x_wconf 83' lang='lat' dir='ltr'>qnoque3</span> <span class='ocrx_word' id='word_1_192' title='bbox 961 3257 1038 3300; x_wconf 88' lang='lat' dir='ltr'>nam</span> <span class='ocrx_word' id='word_1_193' title='bbox 1060 3237 1201 3303; x_wconf 85' lang='lat' dir='ltr'>novitati</span> <span class='ocrx_word' id='word_1_194' title='bbox 1224 3244 1398 3322; x_wconf 88' lang='lat' dir='ltr'>tamquam</span> 
     </span>
     <span class='ocr_line' id='line_1_27' title="bbox 237 3342 1397 3429; baseline 0.004 -23"><span class='ocrx_word' id='word_1_195' title='bbox 237 3342 400 3424; x_wconf 84' lang='lat' dir='ltr'>singulare</span> <span class='ocrx_word' id='word_1_196' title='bbox 429 3343 554 3426; x_wconf 89' lang='lat' dir='ltr'>aliquid</span> <span class='ocrx_word' id='word_1_197' title='bbox 583 3345 744 3427; x_wconf 82' lang='lat' dir='ltr'>exiguitas</span> <span class='ocrx_word' id='word_1_198' title='bbox 773 3345 949 3428; x_wconf 89' lang='lat' dir='ltr'>superponi</span> <span class='ocrx_word' id='word_1_199' title='bbox 978 3345 1096 3429; x_wconf 87' lang='lat' dir='ltr'>nequit</span> <span class='ocrx_word' id='word_1_200' title='bbox 1118 3344 1174 3427; x_wconf 93' lang='lat'>(—</span> <span class='ocrx_word' id='word_1_201' title='bbox 1195 3367 1263 3411; x_wconf 95' lang='lat' dir='ltr'>non</span> <span class='ocrx_word' id='word_1_202' title='bbox 1286 3345 1397 3411; x_wconf 91' lang='lat' dir='ltr'>solum</span> 
     </span>
     <span class='ocr_line' id='line_1_28' title="bbox 236 3451 1398 3534; baseline 0.003 -19"><span class='ocrx_word' id='word_1_203' title='bbox 236 3472 336 3530; x_wconf 85' lang='lat' dir='ltr'>nova,</span> <span class='ocrx_word' id='word_1_204' title='bbox 370 3452 428 3516; x_wconf 90' lang='lat' dir='ltr'>sed</span> <span class='ocrx_word' id='word_1_205' title='bbox 457 3453 557 3516; x_wconf 92' lang='lat' dir='ltr'>etiam</span> <span class='ocrx_word' id='word_1_206' title='bbox 584 3473 688 3534; x_wconf 87' lang='lat' dir='ltr'>parva</span> <span class='ocrx_word' id='word_1_207' title='bbox 709 3451 775 3533; x_wconf 89' lang='lat'>-).</span> <span class='ocrx_word' id='word_1_208' title='bbox 830 3451 986 3517; x_wconf 86' lang='lat' dir='ltr'>Fortasse</span> <span class='ocrx_word' id='word_1_209' title='bbox 1015 3452 1243 3518; x_wconf 89' lang='lat' dir='ltr'>scribendum:</span> <span class='ocrx_word' id='word_1_210' title='bbox 1279 3452 1398 3520; x_wconf 82' lang='lat' dir='ltr'>Cete-</span> 
     </span>
     <span class='ocr_line' id='line_1_29' title="bbox 236 3559 1398 3646; baseline 0.005 -24"><span class='ocrx_word' id='word_1_211' title='bbox 236 3579 319 3623; x_wconf 89' lang='lat' dir='ltr'>rum</span> <span class='ocrx_word' id='word_1_212' title='bbox 352 3580 477 3642; x_wconf 82' lang='lat' dir='ltr'>parva</span> <span class='ocrx_word' id='word_1_213' title='bbox 511 3578 551 3621; x_wconf 82' lang='lat' dir='ltr'>eo</span> <span class='ocrx_word' id='word_1_214' title='bbox 583 3580 759 3643; x_wconf 91' lang='lat' dir='ltr'>quoque,</span> <span class='ocrx_word' id='word_1_215' title='bbox 792 3567 836 3624; x_wconf 90' lang='lat' dir='ltr'>ut</span> <span class='ocrx_word' id='word_1_216' title='bbox 863 3559 989 3625; x_wconf 81' lang='lat' dir='ltr'>ferme</span> <span class='ocrx_word' id='word_1_217' title='bbox 1017 3562 1225 3646; x_wconf 87' lang='lat' dir='ltr'>principia</span> <span class='ocrx_word' id='word_1_218' title='bbox 1254 3562 1398 3643; x_wconf 82' lang='lat' dir='ltr'>omnia,</span> 
     </span>
    </p>
   </div>
   <div class='ocr_carea' id='block_1_5' title="bbox 265 3827 1398 4241">
    <p class='ocr_par' dir='ltr' id='par_1_6' title="bbox 265 3827 1398 4241">
     <span class='ocr_line' id='line_1_30' title="bbox 265 3827 1398 3902; baseline 0.006 -21"><span class='ocrx_word' id='word_1_219' title='bbox 265 3827 288 3894; x_wconf 87' lang='lat'>¹)</span> <span class='ocrx_word' id='word_1_220' title='bbox 307 3827 349 3881; x_wconf 90' lang='lat' dir='ltr'>De</span> <span class='ocrx_word' id='word_1_221' title='bbox 366 3827 493 3884; x_wconf 82' lang='lat' dir='ltr'>tollenda</span> <span class='ocrx_word' id='word_1_222' title='bbox 512 3830 542 3884; x_wconf 90' lang='lat' dir='ltr'>in</span> <span class='ocrx_word' id='word_1_223' title='bbox 561 3846 584 3883; x_wconf 88' lang='lat' dir='ltr'>c.</span> <span class='ocrx_word' id='word_1_224' title='bbox 602 3831 645 3897; x_wconf 80' lang='lat'>42,</span> <span class='ocrx_word' id='word_1_225' title='bbox 667 3831 699 3883; x_wconf 77' lang='lat'>12</span> <span class='ocrx_word' id='word_1_226' title='bbox 717 3847 805 3899; x_wconf 83' lang='lat' dir='ltr'>prava</span> <span class='ocrx_word' id='word_1_227' title='bbox 824 3831 911 3884; x_wconf 87' lang='lat' dir='ltr'>trium</span> <span class='ocrx_word' id='word_1_228' title='bbox 929 3832 1079 3885; x_wconf 85' lang='lat' dir='ltr'>verborum</span> <span class='ocrx_word' id='word_1_229' title='bbox 1101 3834 1271 3902; x_wconf 87' lang='lat' dir='ltr'>repetitione</span> <span class='ocrx_word' id='word_1_230' title='bbox 1290 3838 1320 3887; x_wconf 89' lang='lat' dir='ltr'>et</span> <span class='ocrx_word' id='word_1_231' title='bbox 1342 3831 1398 3902; x_wconf 78' lang='lat'><strong>(18)</strong></span> 
     </span>
     <span class='ocr_line' id='line_1_31' title="bbox 304 3912 1395 3989; baseline 0.005 -22"><span class='ocrx_word' id='word_1_232' title='bbox 304 3912 459 3968; x_wconf 80' lang='lat' dir='ltr'>lecturos</span> <span class='ocrx_word' id='word_1_233' title='bbox 482 3932 534 3984; x_wconf 89' lang='lat' dir='ltr'>pro</span> <span class='ocrx_word' id='word_1_234' title='bbox 557 3920 696 3970; x_wconf 81' lang='lat' dir='ltr'>acturos</span> <span class='ocrx_word' id='word_1_235' title='bbox 718 3916 895 3970; x_wconf 89' lang='lat' dir='ltr'>restituendo</span> <span class='ocrx_word' id='word_1_236' title='bbox 914 3933 977 3985; x_wconf 86' lang='lat' dir='ltr'>quoe</span> <span class='ocrx_word' id='word_1_237' title='bbox 996 3919 1114 3986; x_wconf 86' lang='lat' dir='ltr'>exposui</span> <span class='ocrx_word' id='word_1_238' title='bbox 1132 3920 1162 3973; x_wconf 93' lang='lat' dir='ltr'>in</span> <span class='ocrx_word' id='word_1_239' title='bbox 1179 3919 1277 3974; x_wconf 90' lang='lat' dir='ltr'>libello</span> <span class='ocrx_word' id='word_1_240' title='bbox 1297 3935 1395 3989; x_wconf 79' lang='lat' dir='ltr'>grom-</span> 
     </span>
     <span class='ocr_line' id='line_1_32' title="bbox 303 3999 1398 4074; baseline 0.005 -22"><span class='ocrx_word' id='word_1_241' title='bbox 303 3999 407 4053; x_wconf 83' lang='lat' dir='ltr'>matico</span> <span class='ocrx_word' id='word_1_242' title='bbox 434 4000 658 4071; x_wconf 81' lang='lat' dir='ltr'>(Bemerlmngeu</span> <span class='ocrx_word' id='word_1_243' title='bbox 687 4003 758 4056; x_wconf 76' lang='lat' dir='ltr'>fiber</span> <span class='ocrx_word' id='word_1_244' title='bbox 788 4002 942 4057; x_wconf 82' lang='lat' dir='ltr'>verschied.</span> <span class='ocrx_word' id='word_1_245' title='bbox 971 4002 1081 4057; x_wconf 86' lang='lat' dir='ltr'>Pnnkte</span> <span class='ocrx_word' id='word_1_246' title='bbox 1115 4003 1165 4058; x_wconf 87' lang='lat' dir='ltr'>des</span> <span class='ocrx_word' id='word_1_247' title='bbox 1192 4005 1318 4074; x_wconf 81' lang='lat' dir='ltr'>Systems</span> <span class='ocrx_word' id='word_1_248' title='bbox 1347 4003 1398 4058; x_wconf 87' lang='lat' dir='ltr'>der</span> 
     </span>
     <span class='ocr_line' id='line_1_33' title="bbox 303 4084 1398 4156; baseline 0.005 -18"><span class='ocrx_word' id='word_1_249' title='bbox 303 4084 352 4138; x_wconf 80' lang='lat' dir='ltr'>lat.</span> <span class='ocrx_word' id='word_1_250' title='bbox 376 4085 560 4154; x_wconf 85' lang='lat' dir='ltr'>Sprechlehre</span> <span class='ocrx_word' id='word_1_251' title='bbox 586 4105 612 4155; x_wconf 94' lang='lat' dir='ltr'>p.</span> <span class='ocrx_word' id='word_1_252' title='bbox 635 4085 692 4155; x_wconf 82' lang='lat'>64),</span> <span class='ocrx_word' id='word_1_253' title='bbox 721 4085 811 4140; x_wconf 84' lang='lat' dir='ltr'>secuti</span> <span class='ocrx_word' id='word_1_254' title='bbox 838 4093 903 4141; x_wconf 90' lang='lat' dir='ltr'>sunt</span> <span class='ocrx_word' id='word_1_255' title='bbox 924 4087 1170 4144; x_wconf 80' lang='lat' dir='ltr'>Weissenbornius</span> <span class='ocrx_word' id='word_1_256' title='bbox 1198 4095 1227 4144; x_wconf 90' lang='lat' dir='ltr'>et</span> <span class='ocrx_word' id='word_1_257' title='bbox 1249 4089 1398 4156; x_wconf 82' lang='lat' dir='ltr'>Hertzius;</span> 
     </span>
     <span class='ocr_line' id='line_1_34' title="bbox 305 4170 880 4241; baseline 0.007 -19"><span class='ocrx_word' id='word_1_258' title='bbox 305 4170 402 4238; x_wconf 86' lang='lat' dir='ltr'>itaque</span> <span class='ocrx_word' id='word_1_259' title='bbox 419 4171 515 4226; x_wconf 81' lang='lat' dir='ltr'>iterari</span> <span class='ocrx_word' id='word_1_260' title='bbox 533 4172 653 4227; x_wconf 82' lang='lat' dir='ltr'>cenibil</span> <span class='ocrx_word' id='word_1_261' title='bbox 672 4188 742 4241; x_wconf 83' lang='lat' dir='ltr'>opus</span> <span class='ocrx_word' id='word_1_262' title='bbox 760 4171 880 4227; x_wconf 81' lang='lat' dir='ltr'>videtur.</span> 
     </span>
    </p>
   </div>
   <div class='ocr_carea' id='block_1_6' title="bbox 0 0 1534 5272">
    <p class='ocr_par' dir='ltr' id='par_1_7' title="bbox 0 0 1534 5272">
     <span class='ocr_line' id='line_1_35' title="bbox 0 0 1534 5272; baseline 0 1"><span class='ocrx_word' id='word_1_263' title='bbox 0 0 1534 5272; x_wconf 95' lang='lat' dir='ltr'> </span> 
     </span>
    </p>
   </div>
  </div>
 </body>
</html>
