3060 5272
237 327 300 383 ms.
318 326 405 383 xxo.
786 313 849 373 292

326 499 403 583 Cap.
432 502 480 576 13,
510 503 544 561 6:
574 519 644 580 por
666 495 888 560 Allifanum
917 494 1233 581 Calatinumque
1261 505 1303 565 ct
1325 498 1404 567 Ca·

239 608 370 672 lenum
405 628 545 689 agrum
574 603 770 686 (Hannibal)
803 604 843 667 in
877 624 1060 688 campum
1087 603 1305 672 Stellatem
1334 608 1404 676 de-

154 730 225 797 (238)
243 715 411 781 scendit.
467 715 569 779 Recte
596 712 800 777 intellectum
828 718 878 776 est
904 732 1024 795 nuper,
1059 710 1246 779 Calatinum
1275 735 1403 800 agrum,
1452 720 1457 731 ’

239 826 297 908 qui
325 824 414 888 ultra
437 822 633 887 Vulturnum
662 840 791 885 amnem
821 819 863 883 ad
885 820 1056 885 meridiem
1077 841 1191 887 versus
1214 823 1296 888 situs
1319 830 1405 905 erat,

131 923 134 927 ⁷
238 934 273 997 in
305 932 369 997 boo
402 932 518 995 itinere
546 928 767 993 Hannibalem
800 929 963 1012 attingere
992 928 1083 994 nullo
1112 929 1212 996 modo
1241 932 1403 1015 potuisse.

240 1039 305 1106 Sed
340 1038 429 1124 quod
457 1038 741 1103 Weissenbornius
771 1035 883 1101 Stierii
911 1037 1142 1124 ¹coniecturam
1176 1037 1350 1120 (Zeitscbr.
1379 1040 1402 1106 f.

239 1148 270 1213 d.
299 1125 545 1212 Altertbumsws
578 1149 659 1210 1852
694 1167 725 1209 n.
757 1144 812 1225 26)
846 1151 978 1210 secutus
1012 1144 1245 1211 Caiatinum
1278 1148 1403 1232 posuit,

239 1257 310 1340 ipse
338 1256 455 1334 sensit,
491 1255 592 1319 etiam
622 1251 785 1317 Caiatiam
812 1252 944 1336 longius
973 1254 1016 1318 ad
1046 1253 1217 1319 meridiem
1237 1261 1405 1321 remotam

241 1385 313 1430 esse
342 1385 402 1429 nec
430 1364 560 1428 itIneris
588 1363 751 1426 rationem
779 1369 946 1440 constare,
979 1367 1013 1425 et
1042 1360 1136 1426 aliud
1163 1361 1266 1427 multo
1288 1364 1403 1448 aptius

239 1493 359 1538 nomen
392 1473 538 1555 ipsorum
572 1469 723 1535 codicum
752 1467 835 1551 (Pu)
868 1468 1007 1552 vestigia
1039 1470 1215 1535 manifesta
1247 1469 1404 1549 offerunt,

235 1581 273 1669 in
307 1579 428 1662 quibus
462 1584 526 1644 est:
568 1600 637 1661 per
680 1576 879 1642 alifanum
919 1577 1217 1661 allifanumque
1257 1584 1298 1644 et
1333 1586 1403 1646 cet.

240 1687 425 1769 Scripserat
446 1687 548 1769 igitur
564 1686 679 1749 ‘Livius
702 1706 768 1750 una
790 1685 904 1750 littera
926 1705 943 1746 c
965 1685 1054 1767 plus:
1084 1706 1154 1769 per
1175 1686 1406 1755 Allifanum

240 1792 571 1877 Callifanumque
600 1801 658 1859 aut
686 1794 729 1875 (si
758 1794 809 1858 cui
838 1792 873 1857 id
896 1793 1006 1876 aptius
1028 1792 1173 1874 videtur,
1208 1791 1406 1862 Callifanum

240 1904 340 1967 situm
361 1924 427 1967 non
449 1922 595 1985 prorsus,
617 1910 655 1966 ut
677 1903 803 1985 opinor,
826 1908 954 1967 certum
976 1900 1206 1983 coniectanti):
1229 1922 1302 1986 per
1318 1900 1406 1969 Cal·

239 2010 409 2074 lifanum
437 2009 757 2094 Allifanumque,
787 2009 967 2076 eorundem
996 2009 1193 2092 oppidorum
1221 2010 1406 2078 vicinorum

240 2118 427 2184 nominibus
451 2119 643 2197 coniunctio,
668 2139 740 2200 quae
769 2120 869 2184 etiam
893 2117 980 2197 VIII,
1005 2121 1054 2198 25,
1077 2123 1098 2181 4
1122 2119 1375 2202 coniunguntur.

328 2226 427 2309 *Cap
461 2232 515 2299 14,
559 2231 598 2290 14
633 2225 680 2306 (in
716 2227 866 2292 oratione
894 2225 937 2290 M.
967 2225 1103 2291 Minucii
1133 2225 1170 2303 Q.
1200 2226 1297 2292 Fabii
1323 2226 1406 2293 belli

240 2334 375 2418 gerendi
397 2336 561 2400 rationem
579 2334 807 2415 exagitantis):
833 2332 1025 2398 Stultitia
1048 2340 1109 2400 est
1131 2334 1309 2401 sedendo
1332 2344 1407 2402 aut

240 2443 345 2507 votis
368 2441 572 2506 debellari
595 2442 762 2507 credere
785 2464 922 2525 posse3
944 2443 1093 2506 armari
1116 2442 1257 2526 copias
1284 2463 1407 2527 opor-

242 2555 314 2627 tet,
338 2549 602 2614 deducendas
624 2551 664 2614 in
687 2571 849 2632 aequum,
873 2556 916 2614 ut
938 2551 997 2614 vir
1021 2571 1105 2616 cum
1128 2552 1213 2616 viro
1238 2571 1406 2634 congro-

242 2657 382 2721 diaris.
423 2657 531 2736 Posui,
556 2658 678 2722 omissa
695 2656 895 2723 Alschefskii
917 2659 1143 2741 perversitate,
1168 2678 1242 2723 eam
1264 2659 1406 2742 scriptu-

241 2785 327 2844 ram,
361 2785 434 2848 quae
463 2765 560 2848 vulgo
585 2766 893 2846 circumferebatur,
922 2767 1112 2831 coniectura
1134 2766 1266 2846 adiuta,
1295 2772 1333 2831 ut
1355 2767 1406 2830 ln-

242 2872 354 2956 tellegi
383 2880 550 2956 utcunque
572 2881 702 2958 posset,
736 2874 770 2937 in
799 2894 866 2957 qna
892 2880 1003 2938 tamen
1032 2873 1083 2954 (ut
1111 2875 1260 2940 omittam
1290 2874 1406 2957 copias

241 2981 304 3046 boo
336 2981 410 3046 loco
443 2982 648 3074 incommode
683 3004 742 3067 pro
777 2982 936 3046 militibus
970 2981 1259 3063 commemoratas)
1295 3002 1404 3065 neque

310 3253 422 3307 Livium
455 3255 485 3308 in
518 3255 712 3324 superioribus
736 3253 914 3324 significatio
943 3259 998 3320 est,
1030 3272 1120 3322 neque
1153 3253 1201 3306 vis
1228 3251 1313 3306 Fabii
1339 3270 1406 3308 cum

311 3338 461 3408 prudentia
484 3341 564 3408 quasi
588 3340 674 3395 animi
696 3341 817 3409 qualitas
842 3340 936 3409 aliqua
953 3340 1110 3409 comparari
1128 3343 1235 3408 potest3
1263 3355 1405 3407 quumque

312 3430 341 3478 et
363 3441 398 3478 ex
420 3430 483 3479 tota
505 3427 645 3481 sententia
667 3430 697 3479 ct
721 3443 756 3480 ex
780 3426 848 3495 ipsis
866 3426 959 3478 verbio
978 3424 1206 3493 (prudentiam
1224 3424 1404 3493 extemplo

254 3533 262 3547 ·
311 3538 345 3548 -
372 3511 609 3565 constentiam
641 3509 815 3565 hauddum
845 3510 1023 3579 expertus)
1050 3509 1230 3565 manifestum
1257 3509 1307 3575 sit,
1340 3525 1405 3578 quas

312 3596 388 3650 inter
411 3613 441 3649 se
464 3596 608 3650 contraria
626 3595 797 3663 referantur,
825 3614 858 3650 ea
883 3596 1091 3650 contrariorum
1116 3595 1218 3651 relatio
1241 3593 1352 3648 tollitur
1375 3598 1406 3649 st

311 3681 495 3750 perturbatur
516 3681 573 3734 illis
598 3698 666 3735 non
691 3683 766 3734 vim.
809 3680 864 3736 Sed
887 3679 963 3750 quod
981 3680 1139 3734 Gronovius
1163 3685 1304 3750 practerea
1322 3678 1402 3735 duc·

313 3766 400 3819 toris
419 3766 505 3822 scribi
525 3766 594 3833 vult,
613 3765 689 3834 quod
707 3767 779 3819 nulli
798 3767 958 3836 superiores
977 3766 1132 3820 dictatores
1151 3766 1217 3831 sint,
1236 3765 1405 3835 quibuscum

311 3850 417 3904 Fabius
435 3852 595 3919 comparari
612 3852 712 3920 possit,
730 3845 788 3905 non
806 3856 876 3921 puto
894 3852 1083 3906 necessarium
1098 3869 1167 3907 esse.
1190 3850 1310 3905 Novus
1328 3850 1405 3904 enim

312 3935 435 3990 dictator
454 3937 493 3989 air
512 3936 618 3991 ‹lIcitur
636 3953 726 4006 nuper
743 3941 868 4003 creatus,
896 3941 928 3991 ut
950 3937 1033 3990 simul
1055 3938 1146 3992 subsit
1164 3935 1333 4005 significatio
1351 3952 1404 4005 pro

313 4022 375 4076 eliis
402 4022 613 4091 magistratibus
641 4020 795 4077 substituti.
842 4020 869 4092 [ξ
894 4026 910 4076 b
934 4041 969 4078 ex
990 4040 1040 4090 eo,
1067 4023 1144 4091 quod
1166 4024 1196 4077 iu
1213 4022 1236 4076 P
1254 4021 1404 4077 scribitur:

312 4106 768 4177 Flsminissempronioque,
792 4107 824 4162 fit
843 4109 928 4164 duce
952 4108 1219 4178 haudquaquam
1236 4106 1404 4162 FlsmInii

313 4190 580 4262 Semproniique
598 4193 717 4247 simili.
757 4191 845 4261 Issa]
