3060 5272
222 330 351 393 Lissus.
777 322 823 384 90

223 510 319 575 uobis
341 500 534 592 corrigenda
555 507 674 572 relicte
696 511 782 586 sunt,
806 526 847 570 ne
870 502 996 571 in'aliis
1015 504 1157 589 quidem
1168 505 1382 591 locismagui

151 623 160 680 ἴ
223 617 378 701 ponderis
400 637 473 681 esse
497 615 605 694 debet,
627 613 717 698 quod
739 633 834 678 nemo
857 610 967 678 adhuc
989 610 1174 695 offendit.¹)
1248 618 1251 625 '
1353 616 1371 631 '⁴

154 738 209 806 (74)
314 722 392 807 Cap.
405 727 456 802 27,
474 728 492 786 6
510 722 731 805 suspicionem
751 740 872 804 ponam
895 718 1095 800 dubitanter,
1116 740 1239 805 ponam
1260 722 1380 789 tam'eia

223 831 308 896 Nam
336 830 425 913 quod
454 832 502 894 sic
523 829 695 895 scribitur:
728 827 829 893 Inde
858 827 1090 911 composito
1117 828 1276 911 agmine
1302 830 1381 895 non

222 940 368 1003 itineri
391 939 517 1021 magis
539 937 628 1020 apti
651 956 766 1020 quam
789 935 957 1020 proelio,
980 935 1014 999 si
1036 955 1102 1000 res
1119 935 1179 1000 ita
1196 936 1380 1017 tulisset,

223 1045 406 1129 legiones
445 1046 532 1129 ipse
572 1044 774 1121 dictator,
820 1043 1022 1125 magister
1061 1043 1246 1126 equitum
1284 1064 1381 1109 suos

224 1154 387 1236 equites
411 1153 533 1232 ducit,
562 1151 689 1229 dubito,
719 1151 834 1233 ipsene
857 1148 933 1229 dux,
956 1150 1014 1232 qui
1036 1150 1217 1215 exercitum
1239 1150 1284 1216 ad
1304 1171 1381 1235 pro·

223 1260 436 1344 gredieudum
476 1257 726 1343 pugnandumve
767 1258 968 1340 composuit,
1007 1256 1133 1341 proelio
1171 1264 1230 1323 aut
1267 1259 1380 1325 itineri

223 1374 346 1451 aptus
368 1373 458 1432 recte
482 1367 626 1445 dicatum
656 1385 732 1429 nam
755 1364 999 1442 instructus,
1028 1366 1289 1448 compositus,
1316 1388 1379 1450 pa·

223 1481 342 1539 ratus
370 1474 435 1538 dici
462 1480 589 1557 potest,
622 1473 701 1556 quic
729 1492 769 1536 ea
796 1471 897 1537 verba
924 1470 1074 1537 habitum
1102 1471 1146 1537 ad
1167 1478 1298 1557 tempus
1321 1472 1380 1539 ali-

222 1582 312 1665 quod
335 1587 501 1664 sumptum
525 1579 685 1659 indicant,
718 1585 858 1662 aptus,
893 1600 992 1660 quum
1021 1578 1062 1644 de
1090 1577 1231 1645 homine·
1247 1579 1379 1659 dicitas,

223 1695 417 1773 perpetuum
445 1687 594 1753 habitum
623 1693 656 1752 et
683 1687 850 1768 ingenium
874 1685 1049 1769 significat.
1099 1685 1168 1751 Nec
1189 1686 1300 1771 placet
1320 1687 1379 1753 ab·

223 1795 331 1861 solute
369 1797 417 1860 sic
458 1795 523 1859 dici
563 1792 761 1860 dictatorem
800 1800 833 1858 et
866 1794 1059 1876 magistrum
1092 1794 1240 1876 equitum
1273 1814 1380 1861 com·

222 1903 362 1988 posito
384 1903 542 1985 agmine
565 1903 639 1981 isse,
668 1902 762 1985 quasi
786 1900 965 1965 carendum
987 1900 1158 1981 fueritne
1180 1900 1380 1986 dissolutum

223 2018 258 2076 et
297 2010 470 2075 disiectum
510 2008 667 2073 habuisse
701 2015 907 2091 putarentur.
943 2007 1155 2074 'Videndum
1187 2009 1304 2092 igitur,
1338 2030 1379 2075 nc

223 2119 332 2183 Livius
356 2117 541 2200 scripserit:
576 2116 672 2180 Inde
695 2117 924 2199 composito
948 2116 1109 2198 agmine
1130 2137 1208 2181 nou
1229 2117 1379 2183 itineri

222 2227 349 2309 magis
377 2230 462 2306 apte
491 2245 607 2306 quam
635 2222 810 2306 proelio,
840 2224 874 2286 si
902 2242 967 2287 res
995 2224 1055 2288 ita
1087 2222 1274 2303 tulisset,
1304 2230 1377 2304 cet,

222 2335 333 2399 dativo
352 2334 394 2398 ad
407 2332 600 2397 adverbium
618 2329 877 2410 accommodato,
896 2331 1062 2414 quomodo
1074 2330 1193 2410 XXXI,
1205 2336 1234 2409 5,
1247 2336 1266 2395 5
1278 2331 1377 2397 dixit:

223 2446 455 2524 opportune
490 2437 712 2503 irritandis
741 2437 896 2502 animis.
953 2436 1127 2519 Similiter,
1161 2458 1319 2504 conversa
1344 2440 1379 2505 in

222 2546 323 2611 aliam
345 2554 474 2629 partem
497 2547 668 2625 sententia,
696 2543 859 2624 XXXVII,
889 2548 939 2625 21,
962 2549 982 2608 2
1004 2544 1201 2611 Macedones
1223 2545 1380 2612 dicuntur

223 2654 333 2719 abisse
378 2654 537 2736 agmine
582 2653 630 2717 ad
671 2654 753 2717 iter
790 2653 920 2735 magis
960 2674 1075 2737 quam
1115 2653 1164 2719 ad
1203 2676 1379 2739 pugnam

225 2760 505 2845 composit0.²)

310 2867 359 2933 Ne
393 2867 427 2931 id
460 2866 592 2952 quidem
626 2867 858 2946 omittendum,
894 2868 1021 2932 Livium
1053 2868 1087 2932 in
1116 2868 1180 2934 boc
1207 2868 1293 2934 libro
1316 2869 1378 2949 bis,

221 2975 288 3040 ‘hoc
318 2976 427 3059 capite
450 2974 467 3058 ξ
492 2978 510 3038 3
534 2982 568 3039 et
591 2995 617 3039 c.
642 2979 697 3054 63,
728 2979 747 3039 6
769 2976 961 3041 Martium
990 2996 1173 3060 campum
1200 2975 1379 3060 appellare,

223 3104 323 3167 quem
345 3082 425 3148 alibi
449 3103 577 3165 semper
600 3081 646 3163 (iu
669 3082 732 3147 hoc
755 3084 828 3167 ipso
851 3083 936 3148 libro
961 3087 1010 3162 10,
1044 3089 1058 3147 l
1084 3088 1118 3148 et
1140 3087 1191 3163 69,
1219 3087 1250 3164 6,
1279 3083 1305 3166 1,
1326 3089 1379 3164 44,

228 3196 259 3271 l,
287 3190 347 3270 IV,
377 3194 433 3271 22,
462 3189 496 3271 7)
527 3209 600 3254 cum
623 3190 697 3254 aliis
721 3211 827 3273 prosse
851 3191 1009 3255 orationis
1033 3191 1253 3275 scriptoribus
1275 3212 1381 3258 cam·

225 3346 452 3354 -n-——-....

253 3408 275 3473 ¹)
293 3408 336 3464 De
354 3425 377 3463 c.
395 3411 443 3476 24,
473 3413 506 3463 10
532 3408 590 3463 dixi
613 3407 715 3478 Opusc.
739 3409 827 3463 Acad
850 3408 878 3462 11
904 3427 931 3479 p.
953 3411 1003 3464 221
1029 3408 1177 3479 secutique
1202 3415 1270 3465 runt
1291 3410 1382 3466 Weis-

292 3494 460 3550 senbornius
478 3499 505 3548 et
523 3494 663 3549 Hertaius.

250 3577 276 3645 ²)
296 3577 373 3647 [Quae
392 3579 426 3633 de
445 3577 462 3648 ξ
479 3582 492 3631 1
510 3579 593 3634 huius
612 3578 712 3648 capitis
731 3578 898 3648 scripseram
913 3577 1082 3649 (patricias
1100 3581 1219 3650 gentis
1237 3580 1296 3635 sed
1314 3582 1381 3650 qui,
1423 3610 1427 3617 ·

291 3681 344 3733 pro
364 3681 419 3733 quo
440 3669 474 3718 et
491 3664 549 3732 qui
566 3664 752 3732 requirebam)
771 3669 939 3732 secutusque
958 3665 1043 3719 etiam
1063 3667 1130 3721 1876
1149 3684 1235 3734 eram,
1253 3666 1310 3721 iam
1323 3682 1382 3722 non

291 3756 376 3805 teneo
399 3748 585 3818 concedoquc
602 3749 715 3803 Livium
732 3748 855 3819 primum
876 3749 984 3805 abbae
1004 3750 1156 3807 sententias
1175 3750 1269 3807 forma
1285 3752 1381 3807 animo

293 3838 444 3904 concepta:
463 3834 621 3903 patricias
641 3834 766 3902 gentis,
787 3835 847 3890 scd
859 3836 918 3903 qui
934 3836 1112 3906 stipendia
1126 3836 1270 3907 pedibus
1283 3853 1382 3909 prop·

292 3924 346 3974 ter
356 3924 597 3988 paupertatem
610 3918 764 3987 iecisset,
775 3920 877 3976 deinde
891 3920 1249 3990 suoillomorssicquum
1259 3922 1382 3993 interpo-

293 4004 390 4070 suisse,
408 4010 440 4058 ut
457 4007 553 4061 tamen
571 4006 632 4059 sed
648 4005 791 4061 retineret.
824 4005 896 4061 Nam
915 4022 1061 4076 quousque
1078 4006 1201 4061 licentia
1220 4012 1249 4061 et
1266 4006 1380 4063 duritiae

293 4089 322 4142 in
355 4088 408 4143 hoc
438 4106 541 4159 genere
571 4090 757 4160 processerit,
788 4091 906 4161 exposui
932 4108 1022 4161 nuper
1047 4090 1148 4147 Kleine
1174 4091 1382 4163 philologirche

293 4173 435 4228 Schrittcn
453 4192 480 4244 p.
499 4176 550 4230 ³59
568 4180 596 4229 et
614 4173 684 4243 871.]
