3060 5272
223 325 285 380 Lib.
304 325 324 379 L
778 311 820 373 48

224 499 321 564 funus
354 497 388 562 P.
422 498 522 563 Decio
556 496 679 562 iactum
713 496 833 561 dicitur
872 492 1121 561 celebrante
1147 495 1310 593 collega
1343 504 1377 562 et

225 605 345 672 similia
367 605 493 687 alibi.¹)

310 712 389 799 Cap.
405 719 454 779 12.
494 714 592 778 Initio
614 734 721 797 operae
739 720 812 779 toto
829 734 948 796 genere
965 714 1073 779 tenuis
1092 713 1378 779 commemoranda

224 830 274 889 est
304 845 355 888 res
384 823 435 888 vel
457 822 524 902 hic,
559 821 615 887 ubi
644 822 726 887 nihil
750 827 801 886 est
823 842 991 904 magnum,
1026 822 1143 886 ceteris
1167 821 1210 886 ad
1233 822 1376 905 speciem

154 951 209 1020 (41)
226 934 342 1012 minor,
364 954 431 997 non
454 932 546 1013 parri
569 937 679 995 tamen
702 929 866 994 interdum
888 929 931 994 ad
955 951 1087 994 sensurn
1110 931 1306 1014 scriptorum
1328 930 1377 994 in-

223 1040 441 1124 tellegendum
477 1045 510 1104 et
538 1038 579 1103 ad
607 1038 763 1103 iudicium
791 1038 831 1103 de
861 1039 1033 1121 scriptura
1055 1039 1194 1103 veritate
1216 1039 1375 1104 momenti

225 1157 258 1214 et
281 1149 323 1214 ad
347 1168 446 1232 quarn
469 1148 588 1231 saepins
612 1153 729 1231 postea
751 1145 953 1211 redeundum
976 1146 1055 1225 erit,
1091 1147 1252 1212 orationis
1275 1147 1378 1212 inter·

224 1259 359 1342 punctio
389 1262 422 1321 et
451 1257 688 1321 sententiarum
710 1263 801 1321 recta
825 1255 1002 1337 separatio.
1053 1254 1238 1339 Apparebit
1260 1254 1377 1321 saltem

225 1367 347 1445 statim,
370 1387 470 1449 quam
487 1365 577 1447 ,leves
602 1386 730 1428 errores
753 1363 916 1428 interdum
938 1361 1055 1428 fallant
1078 1370 1378 1447 propagenturque.

225 1474 308 1538 Nam
337 1475 371 1537 in
399 1472 462 1538 hoc
490 1474 607 1556 capite,
638 1479 857 1555 preterquam
882 1471 986 1553 quod,
1020 1471 1077 1535 ubi
1100 1470 1209 1536 Livius
1232 1469 1263 1554 (ἕ
1286 1471 1321 1554 2)
1344 1472 1378 1537 in

224 1581 390 1646 narrando
414 1581 545 1645 Romuli
569 1588 602 1645 et
624 1579 690 1643 Titi
713 1578 800 1644 Tatii
824 1577 950 1661 proelio
975 1580 1183 1663 principes
1205 1601 1377 1663 pugnam

225 1691 389 1768 civisne,
419 1689 481 1753 hoc
504 1695 569 1767 est,
598 1689 723 1771 primos
747 1694 779 1752 et
803 1694 879 1751 ante
903 1692 1030 1751 ceteros
1053 1708 1224 1772 pugnasse,
1253 1687 1294 1754 ab
1319 1686 1379 1753 Sa·

226 1799 312 1862 binis
335 1797 471 1861 Metinm
495 1795 660 1874 Curtium,
690 1817 710 1859 a
733 1795 889 1860 Romanis
912 1793 1065 1860 Hostium
1087 1794 1266 1861 Hostilium
1290 1796 1380 1875 dicit,

226 1905 515 1988 (quemadmodum
544 1903 606 1970 hoc
634 1905 706 1987 ipso
736 1905 843 1987 capite
866 1903 988 1967 Metius
1011 1903 1060 1967 ab
1084 1902 1253 1969 Sabinis
1277 1906 1379 1989 prin·

226 2036 318 2098 ceps
342 2013 389 2078 ab
413 2035 503 2079 aree
527 2013 814 2077 decucurrisse
838 2011 980 2093 dicitur),
1003 2012 1276 2095 interpunctionis
1298 2019 1381 2079 nota

226 2130 304 2205 post
332 2121 496 2187 ciebant
525 2122 650 2204 posita,
684 2122 769 2185 rnale
798 2143 818 2184 a
846 2120 1011 2204 plerisque
1034 2119 1156 2185 Metius
1185 2126 1219 2186 et
1240 2120 1380 2188 Hostius

226 2232 389 2314 principes
413 2230 620 2295 substantivo
645 2229 805 2313 appellari
828 2234 988 2312 putantur
1011 2227 1115 2312 (quod
1133 2229 1186 2293 rix
1203 2228 1381 2310 crederem,

225 2341 289 2403 nisi
318 2341 418 2403 etiam
441 2337 698 2403 admonitionem
721 2338 922 2421 adscriptam
945 2336 1117 2418 viderem),
1152 2335 1268 2402 deinde
1291 2336 1322 2421 (ξ
1346 2338 1380 2421 3)

227 2448 333 2511 irratio
367 2448 413 2511 sic
436 2445 649 2511 describitur:
679 2445 729 2510 Ut
756 2444 926 2510 Hostius
957 2445 1125 2524 cecidit,
1161 2445 1379 2512 confestim

227 2556 405 2619 Romana
439 2554 666 2619 inclinatur
700 2555 807 2618 acies
836 2553 1007 2637 fusaque
1037 2561 1100 2618 est
1128 2552 1176 2618 ad
1203 2560 1379 2619 veterem

227 2669 384 2747 portam
402 2662 565 2727 Palatii.
600 2662 794 2728 Romulus
817 2662 967 2745 etipse
990 2660 1380 2743 turbafugientium

228 2777 357 2850 actus,
392 2793 501 2835 arma
535 2770 583 2834 ad
617 2771 755 2834 caelum
784 2768 952 2847 tollens,
993 2768 1197 2852 Iuppiter,
1231 2772 1380 2854 inquit,

227 2885 303 2943 cett.
345 2878 418 2943 Non
442 2878 490 2943 ad
512 2885 688 2943 veterem
705 2877 859 2942 Palatii
882 2882 1039 2961 portam
1063 2877 1137 2942 fusa
1160 2886 1212 2943 est
1228 2878 1381 2944 Romana

227 2987 313 3050 acies
348 2986 395 3067 (id
430 2993 494 3065 est,
528 2986 616 3070 apud
651 2976 722 3052 eam
753 2992 901 3069 portam,
934 3006 1039 3067 neque
1070 2988 1155 3050 enim
1183 2985 1302 3052 fundi
1331 2988 1381 3052 ad

229 3101 388 3177 portam
411 3101 462 3159 est
483 3094 614 3159 susurri
637 3093 738 3159 alibi
761 3092 903 3176 fugere
926 3093 975 3157 ad
997 3092 1179 3177 portam),
1204 3094 1262 3159 sed
1279 3117 1380 3179 quum

228 3204 261 3266 in
284 3203 399 3268 collem
423 3202 643 3287 Capitolinum
666 3210 783 3268 contra
807 3201 946 3268 Sabinos
970 3203 1157 3285 erigeretur,
1187 3224 1292 3287 neque
1315 3202 1380 3277 hie,

229 3309 346 3394 proelii
374 3319 491 3377 eventu
519 3313 585 3376 ianr
616 3312 797 3390 declarato,
830 3309 1082 3394 superaddenda
1106 3318 1177 3375 erat
1199 3311 1279 3391 loci,
1314 3333 1380 3395 quo

229 3427 408 3502 pugnatum
431 3428 528 3499 esset,
551 3421 688 3485 notatio
734 3419 816 3484 Livii
840 3420 1005 3484 sententia
1026 3418 1213 3485 huiusmodi
1236 3418 1314 3484 fuit:
1336 3455 1380 3465 —

229 3529 407 3593 Romana
429 3527 654 3592 inclinatur
676 3529 786 3592 acies
810 3525 982 3608 fusaque
1005 3532 1075 3590 est.
1126 3527 1182 3592 Ad
1204 3535 1381 3593 veterem

230 3643 387 3719 portam
410 3634 562 3699 Palatii
587 3635 781 3699 Romulus
810 3641 849 3698 et
877 3635 965 3717 ipse
994 3634 1115 3699 turba
1135 3634 1381 3719 fugientium

260 3856 280 3915 Ι)
302 3854 410 3923 [W.„ut
424 3852 530 3922 aliquid
545 3853 742 3920 contradicat,
755 3854 842 3908 verba
856 3858 984 3922 quanto
1000 3871 1118 3925 appar.
1136 3859 1203 3910 tum
1220 3857 1380 3913 sciebant

296 3960 320 3994 a.
330 3959 357 4010 p.
368 3940 464 3994 vertit:
483 3938 593 3993 seriel
608 3940 700 3993 aeine
713 3939 821 3993 Leute
835 3939 995 4007 konnten,
1014 3957 1076 4008 quea
1090 3941 1258 4011 significare:
1278 3950 1381 4014 sogut

297 4043 370 4079 man
389 4025 516 4079 damels
536 4024 700 4080 verstand
718 4023 784 4080 und
797 4024 926 4079 konnte
940 4033 1064 4096 apparet.
1092 4028 1152 4082 Hoc
1167 4028 1301 4098 inprime
1315 4029 1379 4084 loco

298 4111 419 4180 exempli
437 4129 520 4167 cansa
539 4111 702 4166 adnotatum
722 4111 803 4178 satis,
827 4111 939 4179 opinor,
962 4112 1101 4180 declarat,
1125 4131 1176 4169 cur
1193 4115 1296 4169 similia
1312 4132 1378 4184 per·

298 4197 385 4251 mulla
402 4198 504 4252 tacitus
523 4194 756 4267 praetermittam]
