3060 5272
240 317 303 373 Lib.
320 316 414 372 xxm·
786 304 853 366 284

240 511 344 573 aquas
378 489 420 553 ad
453 488 563 554 locum
596 493 704 554 totum
737 486 936 571 explendum
969 489 1229 568 conficerentur3
1262 507 1338 570 quse
1361 487 1403 564 'itu

239 618 401 680 aquarum
422 596 568 678 undique
590 596 932 679 circumstrepentium
948 597 1067 680 exiguo
1083 596 1156 662 loco
1173 601 1403 676 exstruuntur,

240 726 280 770 ea
301 706 342 770 in
364 723 472 787 aqua
492 704 712 770 cumulantur.
759 703 930 770 Postremo
953 702 1097 769 Greverii
1120 723 1255 788 quoque
1276 703 1313 768 in
1334 702 1401 769 hoe

239 814 349 896 capite
395 813 513 877 scitam
552 811 816 876 emendationem
854 812 1136 892 commendemus3
1180 831 1259 877 nam
1295 830 1403 895 supra

240 918 271 1002 (ᾖ
295 920 339 1001 6),
362 919 421 985 ubi
443 918 514 984 haec
536 919 707 1001 leguntur:
731 917 842 983 Galli
863 939 994 1000 neque
1017 920 1225 985 sustinere
1247 938 1289 984 se
1310 937 1401 1002 pro-

239 1027 349 1111 lapsi
383 1047 515 1109 naque
549 1045 770 1109 assurgere
804 1015 1152 1108 ex'voraginibus
1185 1032 1400 1111 poterant,

239 1135 267 1199 is
305 1135 483 1214 intellexit,
528 1134 677 1200 homines
724 1134 871 1199 nondum
909 1131 1083 1217 prolapsos
1123 1155 1196 1199 sese
1236 1133 1400 1199 sustinere

241 1243 390 1323 studere,
423 1265 524 1326 quum
552 1243 700 1326 prolapsi
729 1241 809 1320 sint,
842 1246 912 1305 tum
942 1261 1132 1322 assurgere;
1165 1241 1279 1324 itaque
1306 1240 1399 1307 iacta

238 1351 498 1435 transpositione
526 1348 734 1414 scribendum
764 1369 852 1413 esse:
886 1368 1015 1429 neque
1037 1350 1244 1414 sustinere
1266 1370 1309 1414 se
1329 1369 1399 1417 ue·

239 1479 313 1541 que
346 1457 535 1541 prolapsi
564 1476 780 1538 assurgere
809 1458 907 1536 cetll
964 1454 1135 1521 Immutati
1162 1457 1278 1522 eodem
1299 1456 1399 1523 modo

239 1565 448 1648 apertissime
469 1585 588 1629 vocum
611 1562 736 1628 ordinis
759 1562 875 1645 (quum
897 1562 1053 1627 librarius
1077 1564 1234 1629 omissam
1255 1564 1400 1648 primum
1514 1617 1519 1629 .

238 1672 369 1736 incuria
406 1691 519 1735 vocem
558 1676 635 1753 post
668 1670 852 1753 proximam
884 1668 1059 1751 insereret)
1092 1672 1127 1734 in
1159 1671 1330 1737 Puteaneo
1364 1676 1401 1737 et

240 1779 316 1844 inde
350 1779 384 1842 in
418 1779 536 1842 ceteris
566 1776 643 1859 (nisi
669 1777 728 1842 ubi
757 1778 918 1842 correctio
947 1777 1098 1858 accessit)
1127 1777 1292 1862 permulta
1320 1783 1400 1845 sunt

240 1886 404 1969 exempla,
438 1885 528 1951 velut
561 1886 594 1948 in
629 1885 692 1950 hoc
726 1885 798 1968 ipso
828 1884 912 1949 libro
942 1905 969 1948 c.
999 1889 1035 1963 7,
1073 1890 1112 1949 14
1146 1885 1230 1966 (aut
1263 1886 1398 1970 copiis

240 1994 392 2078 quibus
414 2014 474 2077 pro
493 1999 564 2057 aut
583 1992 728 2077 quibus
746 1991 853 2076 cop),
876 1996 895 2056 8
914 1998 995 2056 extr.
1009 1990 1069 2073 (ac
1085 1992 1307 2075 penatibus
1324 2014 1399 2078 pro

240 2101 355 2181 urbe,
384 2122 485 2185 quum
507 2100 716 2166 scribendum
739 2105 825 2165 esset
857 2120 927 2183 pro
955 2098 1054 2164 urbe
1083 2119 1128 2164 ac
1155 2100 1266 2184 pen),
1296 2103 1347 2180 24,
1377 2103 1398 2164 6

240 2208 360 2291 (haud
389 2210 486 2291 quia
514 2207 636 2273 dubie
664 2228 725 2292 pro
755 2207 852 2291 quia
878 2206 909 2270 h.
934 2205 995 2288 d),
1025 2211 1081 2287 27,
1109 2212 1128 2271 7
1152 2206 1298 2289 (solum
1318 2228 1398 2273 non

238 2339 299 2402 pro
330 2340 361 2382 n.
381 2315 467 2397 sol.)
491 2322 524 2380 et
549 2320 588 2378 10
612 2313 669 2396 (se
699 2315 810 2379 inter
837 2336 898 2397 pro
927 2315 1035 2380 inter
1057 2314 1121 2395 se),
1151 2318 1201 2395 35,
1225 2319 1244 2378 7
1268 2313 1397 2397 (quem

238 2426 314 2489 iam
353 2445 429 2489 non
463 2429 602 2501 antea,
638 2421 727 2503 quod
760 2422 794 2484 in
829 2420 1029 2487 editionibus
1062 2423 1241 2502 retinetur,
1280 2442 1398 2505 quam·

239 2551 338 2614 quam
348 2529 633 2598 Weissenbornius
645 2549 782 2612 pravum
794 2549 865 2593 esse
878 2531 991 2609 sensit,
1009 2550 1069 2613 pro
1087 2551 1205 2613 quem
1221 2550 1302 2596 non
1319 2530 1397 2595 iam

153 2637 397 2719 (232)antea),
434 2640 489 2716 39,
520 2641 559 2700 ll
588 2636 710 2717 (cives
746 2635 823 2700 tibi
856 2656 972 2717 quam
1007 2639 1137 2720 magis
1167 2636 1306 2703 hostes
1334 2658 1397 2721 pro

240 2745 347 2809 cives
376 2743 456 2808 tibi
485 2745 612 2825 magis
642 2764 757 2825 quam
779 2742 950 2824 hostes),
980 2749 1038 2823 52,
1070 2749 1085 2806 1
1111 2743 1298 2826 (brachio
1321 2743 1396 2809 flu-

240 2852 342 2916 mine
387 2850 551 2916 obiecto
592 2873 653 2934 pro
693 2851 859 2917 obiecto
898 2850 1094 2933 flumine).
1155 2852 1206 2916 Ex
1237 2852 1397 2936 proximis

241 2959 350 3024 tribus
382 2958 475 3024 libris
508 2959 580 3023 heac
601 2959 631 3023 'e
659 2959 812 3042 pluribus
845 2959 972 3025 notavi:
1005 2958 1132 3038 XXIII,
1169 2963 1223 3038 16,
1257 2964 1277 3022 4
1305 2957 1398 3040 (Ro-

239 3085 450 3132 manorum
489 3073 658 3151 coeptae,
698 3066 787 3149 quod
819 3065 1048 3131 Alschefskius
1081 3063 1218 3147 tenuit),
1259 3069 1314 3145 32,
1357 3071 1399 3131 14

241 3174 304 3257 (ad
337 3175 441 3240 diem
475 3173 821 3255 conveniendum),
855 3173 976 3253 XXIV,
1011 3178 1067 3253 28,
1096 3180 1115 3238 9
1143 3180 1177 3239 et
1205 3162 1262 3252 69,
1292 3177 1310 3237 9
1340 3172 1397 3254 (de

241 3282 361 3364 quibus
383 3282 468 3347 locis
491 3282 623 3364 dicam),
651 3282 752 3361 XXV,
778 3285 826 3359 13,
849 3285 869 3344 8
893 3280 1020 3362 (circa
1042 3281 1090 3345 ad
1113 3280 1303 3346 consules
1326 3280 1397 3346 Bo·

240 3391 400 3455 vianum
433 3411 493 3474 pro
527 3388 577 3454 ad
610 3410 708 3454 coss.
732 3389 842 3453 circa
868 3388 921 3470 Β.)
951 3396 984 3453 et
1005 3394 1062 3467 40,
1095 3394 1110 3451 1
1138 3387 1398 3471 (ornamenta

242 3499 357 3580 signa
379 3497 494 3561 urbis
517 3518 576 3581 pro
599 3503 838 3562 ornamenta
859 3495 972 3561 urbis
995 3496 1219 3579 signaque).

327 3603 407 3688 Cap.
432 3609 460 3685 3,
486 3608 540 3668 13:
575 3604 653 3683 abi,
674 3605 829 3682 nuntia,
853 3602 1058 3669 effodiant
1080 3603 1245 3685 signum,
1267 3603 1301 3668 si
1322 3622 1397 3667 ma-

241 3733 316 3777 nus
334 3746 378 3757 -
395 3733 474 3796 pree
495 3718 603 3777 metu
627 3711 903 3796 obtorpuerit.
937 3710 1052 3792 Neque
1074 3709 1223 3775 futurum
1244 3714 1397 3775 exactum

240 3840 347 3903 neque
370 3820 597 3884 coniunctivus
618 3817 699 3883 ferri
714 3824 828 3903 potest
846 3817 991 3900 (effodi
1013 3819 1180 3901 signum,
1203 3818 1237 3882 si
1258 3836 1396 3883 manus

269 4073 293 4139 ¹)
312 4037 410 4139 [Recte
433 4077 528 4126 tumen
545 4071 722 4127 Woelfflinus
745 4070 875 4125 ordinem
893 4073 924 4126 in
942 4071 1087 4127 codicibus
1104 4070 1242 4126 traditum
1260 4068 1396 4138 defendit,

310 4157 420 4211 collatis
438 4157 482 4211 bis
500 4158 582 4213 locis:
601 4156 625 4224 I,
643 4158 686 4224 56,
706 4158 738 4210 12
756 4161 784 4210 et
803 4158 845 4223 56,
866 4160 906 4224 ll,
923 4156 957 4224 V,
975 4158 1017 4224 21,
1037 4159 1069 4210 16
1087 4162 1116 4211 et
1133 4158 1177 4224 4⁷,
1195 4153 1232 4224 5.]
