3060 5272
219 352 283 408 Lib.
301 352 334 408 V.
769 341 830 403 136

221 525 382 609 praeteriti
408 524 584 591 verborum
606 524 839 610 deponentium
863 526 902 592 de
926 527 1055 593 actione
1078 528 1243 613 primaria
1261 526 1380 593 eodem

221 639 370 718 tempore
392 633 566 714 adiuncta;
598 632 665 698 ibd.
689 631 706 716 ἓ
729 637 790 698 431
810 633 831 699 b
854 635 921 716 -.)
964 634 1013 698 Ac
1036 636 1179 720 priorem
1203 634 1381 701 difficulta-

221 748 289 807 tem
310 741 399 807 tollit
421 741 611 806 coniectura
628 741 767 826 Hauptii
797 742 997 825 quondam
1024 764 1085 827 pro
1108 743 1274 829 quidam
1297 744 1379 809 scri·

220 849 342 929 bentis,
359 854 398 914 ut
414 848 657 932 intellegantur,
674 871 747 934 quae
764 847 822 929 111,
841 853 883 914 64
900 856 982 916 extr.
995 857 1029 917 et
1046 855 1087 916 65
1106 852 1176 917 init.
1188 857 1376 918 narrantur.

222 955 288 1023 Sed
300 963 334 1022 et
346 957 487 1023 obscura
504 963 555 1022 est
571 958 645 1042 ipsa
654 957 817 1023 brevitate
829 957 900 1023 haec
911 957 1000 1023 illius
1011 959 1171 1043 temporis
1183 958 1382 1043 significatio

222 1071 257 1131 et
278 1087 396 1149 parum
419 1072 508 1150 apta,
536 1067 622 1151 quia,
650 1087 723 1148 quae
746 1066 815 1131 illic
836 1074 1023 1147 narrantur,
1046 1073 1123 1133 ante
1145 1067 1250 1133 latam
1272 1067 1380 1151 legem

221 1173 420 1239 Treboniam
452 1174 656 1254 acciderunt,
689 1174 858 1255 multoque
891 1176 1001 1259 aptius
1034 1175 1132 1240 huius
1164 1175 1271 1260 ipsius
1300 1176 1378 1240 anni

223 1289 361 1347 conatus
384 1283 634 1348 commemorari
656 1282 800 1363 videtur3
834 1283 994 1348 orationis
1022 1284 1138 1349 vitium
1159 1283 1194 1348 in
1214 1281 1376 1366 repulsi

221 1390 280 1455 illa
308 1391 496 1456 coniectura
523 1412 589 1457 non
617 1390 755 1456 tollitur.
810 1390 923 1457 Redeo
950 1392 1054 1475 igitur
1075 1413 1130 1472 eo,
1159 1392 1279 1475 saepius
1302 1411 1378 1455 sen-

221 1499 330 1564 tentia
362 1504 506 1577 mutata,
540 1505 579 1563 ut
612 1498 822 1563 scribendum
855 1505 986 1582 putem:
1021 1499 1073 1578 Is,
1108 1499 1214 1584 quod
1247 1499 1376 1582 petis·

224 1613 317 1672 sent
344 1612 500 1691 patres,
541 1606 630 1684 qula
662 1606 700 1668 Ιι
736 1607 867 1690 primo
903 1607 1068 1691 incepto
1102 1606 1260 1691 repulsi
1288 1606 1376 1686 slat,

223 1715 373 1777 tardem
406 1714 600 1780 tribunos
635 1715 809 1779 militum
836 1735 1111 1798 expugnasse,
1145 1713 1383 1781 vociferans

223 1829 285 1887 eet.
347 1820 453 1899 Quam
492 1820 588 1888 facile
626 1823 713 1889 inter
746 1822 780 1884 sl
813 1828 847 1889 et
879 1828 892 1884 t
924 1822 1074 1888 excidere
1107 1823 1255 1907 potuerit
1288 1822 1380 1902 sint,

223 1935 377 2014 apparet3
411 1937 444 1995 et
466 1929 607 1996 fortasse
630 1952 671 1996 ea
693 1930 756 1995 fuit
778 1951 896 2010 causa,
931 1952 989 2001 cur
1011 1930 1179 2015 quidam
1200 1952 1261 2014 pro
1284 1931 1382 2013 quia

222 2039 262 2103 in
296 2038 505 2104 scriberetur.
566 2038 740 2104 Tandem
768 2038 1035 2104 Weissenbornio
1071 2036 1233 2120 debetur]
1289 2036 1384 2104 Infra

222 2147 287 2212 hoc
309 2148 418 2231 capite
436 2143 467 2229 (ἓ
488 2147 541 2227 14)
558 2145 681 2212 frustra
705 2146 892 2211 defenditur
914 2147 985 2212 haec
1008 2147 1211 2212 coniunctio:
1234 2146 1382 2230 plenus

223 2255 431 2320 vulnerum
454 2276 498 2320 ac
520 2276 669 2339 pavore
688 2256 845 2339 exemplis
864 2255 1095 2335 dissimilibus,
1118 2275 1195 2319 nam
1213 2275 1254 2319 ne
1273 2252 1381 2319 Sallu-

161 2403 164 2406 <
224 2365 369 2429 stianum
398 2363 531 2448 quidem
560 2385 577 2429 e
607 2361 703 2428 Catil.
728 2367 784 2442 33,
822 2367 836 2425 1
862 2363 968 2428 simile
992 2368 1058 2443 est,
1094 2363 1226 2427 etiamsi
1255 2369 1383 2426 certum

138 2496 210 2566 (llo)
229 2477 327 2551 esset,
350 2471 438 2553 quod
461 2477 577 2536 contra
599 2478 660 2536 est.
699 2471 817 2555 Itaque
838 2471 912 2555 ipsi,
936 2471 993 2553 qui
1016 2469 1191 2535 defendere
1213 2476 1383 2547 conantur,

227 2579 324 2645 simul
362 2579 429 2643 alia
467 2576 594 2644 ratione
634 2580 742 2645 locum
782 2578 929 2663 expediri
968 2599 1066 2663 posse
1105 2576 1306 2662 significant,
1345 2583 1384 2643 ut

225 2708 374 2772 pavore
408 2708 482 2752 cum
515 2686 763 2753 incidentem
796 2687 932 2771 portis
965 2687 1192 2770 coniungatur.
1251 2685 1317 2751 Sed
1344 2691 1385 2750 ut

226 2796 376 2861 omittam
398 2796 645 2861 vitiosissimam
668 2795 927 2879 copulationem,
961 2815 1028 2876 qua
1050 2815 1198 2878 pavore
1222 2799 1383 2878 tanquam

225 2904 361 2969 tertium
383 2902 575 2985 adiungitur
598 2903 727 2968 duobus
749 2901 815 2967 his:
849 2900 944 2986 fuga
966 2902 1188 2986 trepidum,
1221 2901 1383 2986 plenum

225 3011 435 3076 vulnerum
475 3010 566 3092 (nam
604 3012 675 3076 haec
713 3032 845 3094 quoque
885 3010 929 3075 ad
962 3002 1212 3075 incidentem
1247 3011 1382 3094 portis

226 3118 416 3203 pertinent),
439 3119 561 3184 dieitur
573 3119 690 3184 Latine
707 3140 851 3201 magno
873 3140 1022 3203 pavore
1044 3118 1225 3183 incidere
1248 3118 1383 3202 portis

226 3227 281 3309 (de
298 3229 395 3294 modo
413 3234 446 3293 et
462 3226 568 3292 forma
585 3226 657 3310 rei),
680 3248 828 3311 pavore
852 3227 1036 3292 incidere
1059 3227 1192 3310 portis
1214 3226 1298 3291 nihil
1321 3233 1381 3293 est.

225 3334 268 3400 Ni
301 3335 414 3415 fallor,
454 3336 565 3400 Livius
598 3336 789 3419 scripserat:
831 3334 926 3417 suga
963 3334 1182 3419 trepidum,
1222 3335 1383 3418 plenum

227 3444 448 3522 vulnerum,
485 3463 562 3506 cn·
595 3464 746 3527 pavore
779 3443 1031 3509 incidentem
1063 3443 1207 3526 portis.
1259 3440 1382 3524 (Medio

227 3552 350 3636 cupite,
385 3550 401 3634 ἐ
436 3557 473 3631 6,
504 3551 562 3615 ubi
592 3551 714 3616 editur:
755 3572 827 3617 nec
859 3551 900 3616 id
933 3557 1221 3616 accusatorem
1254 3550 1383 3632 magis

227 3681 399 3744 arguere
447 3681 563 3742 quam
601 3659 727 3724 fateri
767 3680 873 3737 reos,
925 3659 989 3722 nisi
1028 3658 1140 3723 Livius
1181 3658 1381 3738 dormitavit,

228 3769 326 3833 scribi
350 3767 449 3833 debet
471 3775 748 3847 accusatorem
771 3773 840 3832 tres
863 3767 950 3832 enim
972 3772 1076 3830 erant.
1125 3767 1231 3848 1873.)

313 3874 393 3961 Cap.
420 3879 474 3954 12,
504 3880 538 3939 b:
579 3876 607 3939 Α
635 3875 678 3940 Μ.
703 3874 826 3940 Furio
855 3876 895 3939 in
922 3873 1103 3939 Faliscis
1132 3879 1172 3939 et
1200 3871 1263 3938 Gn.
1288 3871 1383 3939 Gor·

227 3985 337 4050 uelio
366 3985 404 4048 in
428 3981 637 4068 Capenate
667 4003 762 4066 agro
790 3984 930 4048 hostes
959 3982 1062 4047 nulli
1085 3989 1202 4047 extra
1223 3983 1384 4047 moenia

228 4093 401 4172 inventi3
423 4092 563 4176 praedae
582 4098 692 4170 actae,
716 4090 1003 4172 incendiisque
1021 4090 1214 4155 villarum
1232 4111 1276 4155 ac
1293 4087 1382 4154 frn-

228 4208 317 4285 gum
345 4201 500 4266 vastati
528 4200 652 4281 fines,
681 4199 832 4284 oppida
860 4204 1097 4284 oppugnata
1119 4219 1191 4263 nec
1213 4197 1385 4264 obsessa
