3060 5272
241 303 303 358 Lib.
323 303 409 357 XXII.
788 293 850 353 310

240 474 386 554 laudem)
415 476 449 539 in
478 477 547 541 acie
576 497 708 560 quoque
736 475 866 540 fortiter
893 476 1001 539 locum
1029 476 1173 540 tenuisse
1202 475 1398 558 significari3

241 582 340 647 debet
377 589 488 648 autem
521 583 715 666 significari,
748 604 804 648 eos
839 585 969 648 omnino
1004 584 1085 648 aciei
1116 582 1266 666 fugaeque
1293 585 1398 665 parti·

241 691 329 772 cipes
352 711 418 755 non
439 691 558 771 fuisse,
591 712 651 755 neo
679 691 746 756 ullo
775 690 873 757 modo
902 698 991 755 recte
1020 691 1142 755 dicitur
1165 692 1206 755 in
1228 693 1316 756 acie
1339 714 1398 758 re·

240 797 390 881 fugere.
447 798 562 880 Itaque
585 799 873 864 Weissenbornius
902 806 1036 864 secutus
1066 799 1206 863 alteram
1234 799 1398 866 Perizonii

240 906 463 970 coniecturam
487 927 504 970 e
528 905 658 972 duabus
682 928 728 971 ex
750 909 837 971 acie
862 908 1003 990 scripsit,
1026 907 1202 987 violenter;
1224 927 1264 972 ac
1286 929 1327 972 ne
1351 910 1399 973 sic

240 1013 375 1096 quidem
396 1034 475 1078 vera
497 1012 639 1078 efficitur
660 1016 840 1093 sententia3
870 1036 976 1099 neque
1000 1016 1086 1080 enim
1109 1016 1282 1099 quaeritur,
1310 1017 1399 1082 unde

240 1120 400 1202 fugerint,
430 1122 488 1204 qui
517 1122 649 1188 omnino
678 1143 743 1187 non
766 1122 931 1205 fugerunt.
984 1122 1093 1188 Unum
1116 1124 1227 1188 Livius
1251 1123 1398 1190 scribere

240 1229 352 1312 potuit
370 1230 577 1312 scripsitque,
596 1230 685 1314 quod
704 1251 805 1313 quum
817 1229 1024 1295 Alschefskio
1043 1232 1077 1294 in
1089 1237 1233 1296 mentem
1244 1232 1398 1311 venisset,

240 1359 306 1402 non
335 1338 456 1402 tenuit:
490 1358 537 1401 ne
572 1338 611 1401 in
640 1338 728 1401 acie
756 1337 916 1420 quidem
945 1338 1103 1401 luerunt
1134 1338 1185 1420 (ut
1213 1339 1254 1404 de
1282 1361 1398 1406 eorum

240 1445 274 1509 in
297 1444 424 1528 proelio
447 1446 569 1510 virtute
592 1446 760 1528 ignaviave
785 1447 918 1510 omnino
940 1468 1006 1511 non
1028 1447 1169 1529 agatur).
1216 1446 1247 1530 [5
1273 1451 1312 1511 17
1335 1448 1399 1514 tol·

141 1539 143 1544 *
239 1552 374 1617 lendum
403 1560 521 1617 sante
549 1552 678 1631 vobis,
713 1553 804 1635 quod
837 1555 1023 1619 necessario
1058 1576 1132 1619 oum
1160 1556 1240 1621 visi
1271 1557 1399 1622 simus

241 1661 458 1742 coniungitur.
508 1659 615 1742 1862]

153 1785 224 1851 (254)
278 1798 281 1803 ·
329 1767 377 1832 De
401 1788 472 1851 cap.
497 1772 553 1847 60,
586 1772 618 1830 11
653 1768 700 1848 (in
728 1770 878 1834 oratione
902 1770 937 1834 T.
961 1770 1077 1834 Manlii
1099 1770 1259 1854 Torquati
1282 1777 1399 1837 contra

240 1874 411 1958 captivos),
435 1876 492 1940 ubi
515 1898 574 1959 pro
599 1878 709 1942 siout
732 1876 782 1940 bis
805 1877 1046 1943 restituendum
1065 1885 1115 1943 est
1134 1880 1177 1958 si,
1199 1885 1251 1957 ut,
1274 1878 1400 1944 dictum

240 1991 291 2048 est
313 1984 356 2048 ad
378 1983 452 2048 libr.
475 1983 546 2062 VH,
572 1989 619 2065 13,
642 1989 671 2049 8.
719 1984 783 2050 Sed
805 1985 900 2068 plura
922 1987 959 2050 in
982 1986 1045 2051 hoc
1068 1988 1178 2070 capite
1202 2006 1399 2052 commemo-

239 2091 344 2155 randa
367 2098 452 2170 sunt,
483 2093 624 2176 primum
647 2095 681 2157 in
704 2092 720 2175 ἓ
747 2098 794 2172 15,
819 2094 875 2159 ubi
899 2095 945 2159 sic
969 2094 1139 2159 scribitur:
1175 2093 1272 2159 Sero
1295 2116 1399 2160 nunc

241 2199 507 2280 desideratis,
542 2200 742 2266 deminuti
770 2203 920 2284 capite,
956 2201 1190 2267 abalienati
1220 2203 1311 2268 iure
1340 2204 1399 2267 ci·

240 2309 351 2386 vium,
376 2310 484 2373 servi
507 2306 914 2392 Carthaginiensium
936 2309 1048 2374 facti.
1080 2310 1218 2375 Etiamsi
1236 2310 1394 2376 Latinum

240 2416 283 2480 sit
316 2415 550 2480 abalienari
584 2417 671 2481 iure
705 2439 764 2500 pro
799 2439 854 2493 eo,
896 2418 984 2500 quod
1023 2424 1073 2482 est
1107 2418 1343 2484 abalienari
1376 2442 1397 2484 a

239 2524 341 2599 iure,
371 2523 411 2587 de
441 2546 506 2606 quo
534 2523 630 2589 valde
653 2524 777 2604 dubito,
799 2533 923 2604 tamen,
952 2526 1009 2608 qui
1033 2526 1082 2590 ius
1106 2524 1243 2610 aliquod
1265 2528 1396 2607 amittit,

239 2650 345 2712 neque
369 2631 599 2695 abalienari
623 2654 668 2697 eo
691 2634 780 2697 iure
803 2654 909 2714 neque
933 2633 980 2697 ab
1005 2654 1049 2698 eo
1073 2634 1160 2699 iure
1183 2632 1249 2698 dici
1271 2641 1395 2716 potest3

239 2737 336 2820 longe
365 2745 415 2802 est
443 2740 528 2802 enim
556 2739 646 2803 aliud
675 2739 723 2804 ab
752 2740 892 2822 aliqua
920 2762 962 2806 re
992 2742 1226 2807 abalienari
1249 2742 1396 2822 (veluta

240 2845 350 2911 studio
373 2846 509 2930 aliquo).
565 2847 647 2927 Ius,
675 2855 712 2913 ut
735 2869 859 2931 agrum,
889 2849 1038 2933 vectigal,
1068 2849 1198 2929 similia,
1226 2850 1397 2916 abaliena-

239 2975 324 3032 muS,
353 2955 416 3019 hoo
440 2962 500 3032 est,
530 2956 711 3021 amittimus
735 2976 839 3041 eoque
863 2958 1019 3022 cedimus.
1074 2956 1193 3038 Itaque
1216 2980 1283 3024 non
1306 2958 1397 3024 aba·

239 3062 403 3141 lienati,
427 3064 484 3127 sed
509 3063 747 3129 abalienato
771 3066 861 3130 iure
884 3067 1032 3130 civium
1055 3065 1165 3130 Livius
1189 3066 1338 3149 scripsit3
1362 3066 1396 3131 id

240 3177 377 3255 propter
410 3171 597 3255 praecedens
632 3172 830 3237 deminuti
864 3173 1000 3256 capite
1030 3174 1207 3237 mutationi
1238 3180 1396 3258 opportu-

239 3300 318 3344 num
341 3278 413 3344 fuit.
464 3278 495 3362 [ἓ
521 3284 569 3359 17,
596 3281 653 3346 ubi
676 3280 798 3345 editur:
829 3281 952 3359 Quam
975 3301 1047 3363 ego
1070 3282 1276 3363 ignaviam
1298 3283 1396 3346 isto·

240 3408 323 3451 rum
353 3408 513 3465 accuso,
549 3410 666 3471 quum
700 3388 837 3453 scelus
872 3389 1023 3471 possim
1052 3391 1292 3469 accusarel,
1334 3390 1396 3456 Ue·

241 3495 365 3577 singius
393 3496 490 3574 vidit,
519 3515 642 3578 neque,
671 3516 744 3578 quae
771 3497 901 3578 ignavia
924 3501 1114 3573 accusetur,
1143 3502 1233 3561 recte
1256 3499 1396 3564 interro·

239 3604 311 3687 gari
344 3625 441 3687 posse
474 3623 582 3684 neque
615 3603 677 3667 hoc
711 3602 890 3686 quidquam
924 3605 1089 3687 pertinere
1125 3604 1168 3668 ad
1196 3606 1334 3687 ignavia
1363 3611 1397 3670 et

238 3709 373 3776 sceleris
391 3711 680 3794 comparationem,
698 3711 820 3792 requiri
838 3717 950 3776 autem
961 3713 1176 3778 correctionis
1194 3713 1342 3796 figuram,
1360 3720 1398 3778 ut

240 3820 310 3903 ipse
333 3840 368 3884 se
385 3818 529 3884 Manlius
546 3818 777 3903 reprehendat,
801 3819 890 3902 quod
909 3819 1033 3885 leniore
1050 3822 1180 3887 nomine
1197 3827 1325 3901 utatur;
1342 3842 1397 3904 ge·
1452 3814 1455 3819 ’

240 3927 365 3991 minata
380 3926 481 4008 igitur
498 3926 625 4011 syllaba
642 3926 866 3992 scribendum:
883 3948 1118 4010 quamquam
1136 3949 1267 4012 ego-,
1280 3949 1398 4011 quum

239 4035 448 4117 -possim
466 4036 687 4100 accusare?
706 4033 723 4116 ᾗ
739 4039 786 4113 19,
806 4035 863 4099 ubi
881 4035 1004 4101 editur:
1024 4057 1152 4120 neque
1169 4035 1234 4103 his
1252 4035 1398 4118 XL(aut

241 4139 316 4221 tot)
346 4140 477 4206 millia
500 4140 679 4208 hostium
703 4144 915 4221 obstitere,
939 4166 957 4209 e
980 4145 1147 4227 scriptura
1169 4146 1319 4211 codicum
1342 4143 1396 4225 (Pt
