<?xml version="1.0" encoding="UTF-8"?>
<!DOCTYPE html PUBLIC "-//W3C//DTD XHTML 1.0 Transitional//EN"
    "http://www.w3.org/TR/xhtml1/DTD/xhtml1-transitional.dtd">
<html xmlns="http://www.w3.org/1999/xhtml" xml:lang="en" lang="en">
 <head>
  <title>
</title>
<meta http-equiv="Content-Type" content="text/html;charset=utf-8" />
  <meta name='ocr-system' content='tesseract 3.04.00' />
  <meta name='ocr-capabilities' content='ocr_page ocr_carea ocr_par ocr_line ocrx_word'/>
</head>
<body>
  <div class='ocr_page' id='page_1' title='image "./emendationesliv01madvgoog_0725.png"; bbox 0 0 3060 5272; ppageno 0'>
   <div class='ocr_carea' id='block_1_1' title="bbox 241 350 851 416">
    <p class='ocr_par' dir='ltr' id='par_1_1' title="bbox 241 350 851 416">
     <span class='ocr_line' id='line_1_1' title="bbox 241 350 851 416; baseline -0.01 0"><span class='ocrx_word' id='word_1_1' title='bbox 241 360 302 416; x_wconf 82' lang='lat' dir='ltr'>Lib.</span> <span class='ocrx_word' id='word_1_2' title='bbox 321 360 417 416; x_wconf 86' lang='lat' dir='ltr'><strong>XLIV.</strong></span> <span class='ocrx_word' id='word_1_3' title='bbox 789 350 851 410; x_wconf 77' lang='lat'>708</span> 
     </span>
    </p>
   </div>
   <div class='ocr_carea' id='block_1_2' title="bbox 241 533 1396 729">
    <p class='ocr_par' dir='ltr' id='par_1_2' title="bbox 241 533 1396 729">
     <span class='ocr_line' id='line_1_2' title="bbox 242 533 1396 617; baseline 0.003 -20"><span class='ocrx_word' id='word_1_4' title='bbox 242 540 378 617; x_wconf 88' lang='lat' dir='ltr'>guntur:</span> <span class='ocrx_word' id='word_1_5' title='bbox 412 533 493 617; x_wconf 81' lang='lat' dir='ltr'>Ego</span> <span class='ocrx_word' id='word_1_6' title='bbox 527 540 665 599; x_wconf 89' lang='lat' dir='ltr'>autem</span> <span class='ocrx_word' id='word_1_7' title='bbox 699 554 828 617; x_wconf 90' lang='lat' dir='ltr'>neque</span> <span class='ocrx_word' id='word_1_8' title='bbox 869 555 1097 616; x_wconf 89' lang='lat' dir='ltr'>mansurum</span> <span class='ocrx_word' id='word_1_9' title='bbox 1131 556 1219 599; x_wconf 89' lang='lat' dir='ltr'>eum</span> <span class='ocrx_word' id='word_1_10' title='bbox 1252 533 1396 616; x_wconf 84' lang='lat' dir='ltr'>(hostem</span> 
     </span>
     <span class='ocr_line' id='line_1_3' title="bbox 241 641 1395 729; baseline 0.004 -24"><span class='ocrx_word' id='word_1_11' title='bbox 241 641 375 724; x_wconf 80' lang='lat' dir='ltr'>Persea)</span> <span class='ocrx_word' id='word_1_12' title='bbox 410 663 538 726; x_wconf 91' lang='lat' dir='ltr'>neque</span> <span class='ocrx_word' id='word_1_13' title='bbox 572 643 613 706; x_wconf 90' lang='lat' dir='ltr'>in</span> <span class='ocrx_word' id='word_1_14' title='bbox 646 642 770 706; x_wconf 81' lang='lat' dir='ltr'>aciem</span> <span class='ocrx_word' id='word_1_15' title='bbox 804 644 946 725; x_wconf 91' lang='lat' dir='ltr'>copias</span> <span class='ocrx_word' id='word_1_16' title='bbox 986 642 1227 729; x_wconf 70' lang='lat' dir='ltr'>educturum</span> <span class='ocrx_word' id='word_1_17' title='bbox 1264 643 1395 710; x_wconf 88' lang='lat' dir='ltr'>fuisse</span> 
     </span>
    </p>
   </div>
   <div class='ocr_carea' id='block_1_3' title="bbox 153 749 1395 3654">
    <p class='ocr_par' dir='ltr' id='par_1_3' title="bbox 153 749 1395 3111">
     <span class='ocr_line' id='line_1_4' title="bbox 242 749 1394 830; baseline 0.003 -15"><span class='ocrx_word' id='word_1_18' title='bbox 242 757 395 815; x_wconf 90' lang='lat' dir='ltr'>certum</span> <span class='ocrx_word' id='word_1_19' title='bbox 417 749 563 828; x_wconf 90' lang='lat' dir='ltr'>habeo,</span> <span class='ocrx_word' id='word_1_20' title='bbox 598 750 631 816; x_wconf 90' lang='lat' dir='ltr'>si</span> <span class='ocrx_word' id='word_1_21' title='bbox 654 749 798 815; x_wconf 84' lang='lat' dir='ltr'><strong>cedere</strong></span> <span class='ocrx_word' id='word_1_22' title='bbox 831 750 923 815; x_wconf 90' lang='lat' dir='ltr'>hinc</span> <span class='ocrx_word' id='word_1_23' title='bbox 953 753 1185 817; x_wconf 76' lang='lat' dir='ltr'>statuisset.</span> <span class='ocrx_word' id='word_1_24' title='bbox 1219 751 1394 830; x_wconf 86' lang='lat' dir='ltr'>Quanto</span> 
     </span>
     <span class='ocr_line' id='line_1_5' title="bbox 208 857 1394 953; baseline 0.002 -29"><span class='ocrx_word' id='word_1_25' title='bbox 208 869 212 877; x_wconf 87' lang='lat'>&#39;</span> <span class='ocrx_word' id='word_1_26' title='bbox 241 859 345 953; x_wconf 75' lang='lat' dir='ltr'>enim</span> <span class='ocrx_word' id='word_1_27' title='bbox 367 857 536 924; x_wconf 79' lang='lat' dir='ltr'>facilius</span> <span class='ocrx_word' id='word_1_28' title='bbox 559 857 675 923; x_wconf 92' lang='lat' dir='ltr'>abire</span> <span class='ocrx_word' id='word_1_29' title='bbox 702 858 796 936; x_wconf 87' lang='lat' dir='ltr'>fuit,</span> <span class='ocrx_word' id='word_1_30' title='bbox 832 880 949 943; x_wconf 92' lang='lat' dir='ltr'>quum</span> <span class='ocrx_word' id='word_1_31' title='bbox 976 859 1120 944; x_wconf 90' lang='lat' dir='ltr'>procul</span> <span class='ocrx_word' id='word_1_32' title='bbox 1149 859 1394 941; x_wconf 91' lang='lat' dir='ltr'>abessemus‚</span> 
     </span>
     <span class='ocr_line' id='line_1_6' title="bbox 240 967 1394 1051; baseline 0.003 -21"><span class='ocrx_word' id='word_1_33' title='bbox 240 987 357 1051; x_wconf 93' lang='lat' dir='ltr'>quam</span> <span class='ocrx_word' id='word_1_34' title='bbox 386 988 505 1046; x_wconf 91' lang='lat' dir='ltr'>nunc,</span> <span class='ocrx_word' id='word_1_35' title='bbox 540 988 655 1050; x_wconf 90' lang='lat' dir='ltr'>quum</span> <span class='ocrx_word' id='word_1_36' title='bbox 683 968 722 1031; x_wconf 94' lang='lat' dir='ltr'>in</span> <span class='ocrx_word' id='word_1_37' title='bbox 750 967 983 1032; x_wconf 87' lang='lat' dir='ltr'>cervicibus</span> <span class='ocrx_word' id='word_1_38' title='bbox 1017 969 1174 1033; x_wconf 79' lang='lat' dir='ltr'>sumus?</span> <span class='ocrx_word' id='word_1_39' title='bbox 1219 967 1297 1033; x_wconf 87' lang='lat' dir='ltr'>Nec</span> <span class='ocrx_word' id='word_1_40' title='bbox 1319 968 1394 1034; x_wconf 82' lang='lat' dir='ltr'>ial-</span> 
     </span>
     <span class='ocr_line' id='line_1_7' title="bbox 239 1071 1395 1152; baseline 0.003 -13"><span class='ocrx_word' id='word_1_41' title='bbox 239 1074 345 1142; x_wconf 88' lang='lat' dir='ltr'>leret</span> <span class='ocrx_word' id='word_1_42' title='bbox 366 1095 437 1141; x_wconf 90' lang='lat' dir='ltr'>nos</span> <span class='ocrx_word' id='word_1_43' title='bbox 460 1075 648 1141; x_wconf 87' lang='lat' dir='ltr'>interdiu</span> <span class='ocrx_word' id='word_1_44' title='bbox 669 1081 739 1140; x_wconf 91' lang='lat' dir='ltr'>aut</span> <span class='ocrx_word' id='word_1_45' title='bbox 761 1082 881 1141; x_wconf 90' lang='lat' dir='ltr'>nocte</span> <span class='ocrx_word' id='word_1_46' title='bbox 904 1074 1098 1141; x_wconf 90' lang='lat' dir='ltr'>abeundo.</span> <span class='ocrx_word' id='word_1_47' title='bbox 1134 1071 1235 1152; x_wconf 88' lang='lat' dir='ltr'>Quid</span> <span class='ocrx_word' id='word_1_48' title='bbox 1259 1082 1395 1142; x_wconf 91' lang='lat' dir='ltr'>autem</span> 
     </span>
     <span class='ocr_line' id='line_1_8' title="bbox 240 1183 1394 1268; baseline 0.002 -20"><span class='ocrx_word' id='word_1_49' title='bbox 240 1190 303 1249; x_wconf 92' lang='lat' dir='ltr'>est</span> <span class='ocrx_word' id='word_1_50' title='bbox 326 1183 448 1250; x_wconf 93' lang='lat' dir='ltr'>nobis</span> <span class='ocrx_word' id='word_1_51' title='bbox 472 1185 658 1268; x_wconf 88' lang='lat' dir='ltr'>optatius</span> <span class='ocrx_word' id='word_1_52' title='bbox 682 1203 798 1267; x_wconf 88' lang='lat' dir='ltr'>quam</span> <span class='ocrx_word' id='word_1_53' title='bbox 832 1190 891 1262; x_wconf 91' lang='lat' dir='ltr'>ut,</span> <span class='ocrx_word' id='word_1_54' title='bbox 926 1204 1096 1266; x_wconf 91' lang='lat' dir='ltr'>quorum</span> <span class='ocrx_word' id='word_1_55' title='bbox 1126 1192 1266 1250; x_wconf 88' lang='lat' dir='ltr'>castra</span> <span class='ocrx_word' id='word_1_56' title='bbox 1293 1206 1394 1268; x_wconf 85' lang='lat' dir='ltr'>pree·</span> 
     </span>
     <span class='ocr_line' id='line_1_9' title="bbox 240 1291 1393 1376; baseline 0.001 -18"><span class='ocrx_word' id='word_1_57' title='bbox 240 1292 327 1358; x_wconf 88' lang='lat' dir='ltr'>alta</span> <span class='ocrx_word' id='word_1_58' title='bbox 349 1291 536 1358; x_wconf 89' lang='lat' dir='ltr'>fluminis</span> <span class='ocrx_word' id='word_1_59' title='bbox 559 1293 649 1376; x_wconf 88' lang='lat' dir='ltr'>ripa</span> <span class='ocrx_word' id='word_1_60' title='bbox 671 1300 813 1358; x_wconf 91' lang='lat' dir='ltr'>tuta—</span> <span class='ocrx_word' id='word_1_61' title='bbox 831 1313 1068 1376; x_wconf 79' lang='lat' dir='ltr'>oppugnare</span> <span class='ocrx_word' id='word_1_62' title='bbox 1086 1292 1225 1358; x_wconf 89' lang='lat' dir='ltr'>adorti</span> <span class='ocrx_word' id='word_1_63' title='bbox 1248 1314 1393 1373; x_wconf 92' lang='lat' dir='ltr'>sumus,</span> 
     </span>
     <span class='ocr_line' id='line_1_10' title="bbox 240 1400 1389 1485; baseline 0.001 -20"><span class='ocrx_word' id='word_1_64' title='bbox 240 1421 305 1466; x_wconf 93' lang='lat' dir='ltr'>eos</span> <span class='ocrx_word' id='word_1_65' title='bbox 327 1436 370 1455; x_wconf 55' lang='grc' dir='ltr'>-ν-</span> <span class='ocrx_word' id='word_1_66' title='bbox 393 1403 549 1484; x_wconf 82' lang='lat' dir='ltr'>agmine</span> <span class='ocrx_word' id='word_1_67' title='bbox 573 1401 707 1466; x_wconf 87' lang='lat' dir='ltr'>effuso</span> <span class='ocrx_word' id='word_1_68' title='bbox 731 1401 928 1466; x_wconf 90' lang='lat' dir='ltr'>abeuntes</span> <span class='ocrx_word' id='word_1_69' title='bbox 951 1400 1063 1465; x_wconf 91' lang='lat' dir='ltr'>-ab</span> <span class='ocrx_word' id='word_1_70' title='bbox 1087 1408 1204 1485; x_wconf 89' lang='lat' dir='ltr'>tergo</span> <span class='ocrx_word' id='word_1_71' title='bbox 1228 1400 1389 1466; x_wconf 89' lang='lat' dir='ltr'>adoria-</span> 
     </span>
     <span class='ocr_line' id='line_1_11' title="bbox 239 1507 1393 1594; baseline 0.002 -22"><span class='ocrx_word' id='word_1_72' title='bbox 239 1510 347 1573; x_wconf 78' lang='lat' dir='ltr'>mur?</span> <span class='ocrx_word' id='word_1_73' title='bbox 392 1507 460 1591; x_wconf 85' lang='lat' dir='ltr'>(Sic</span> <span class='ocrx_word' id='word_1_74' title='bbox 483 1509 691 1594; x_wconf 69' lang='lat' dir='ltr'>Kreyssigius</span> <span class='ocrx_word' id='word_1_75' title='bbox 715 1516 749 1575; x_wconf 90' lang='lat' dir='ltr'>et</span> <span class='ocrx_word' id='word_1_76' title='bbox 766 1509 1068 1588; x_wconf 79' lang='lat' dir='ltr'>Weissenbornius3</span> <span class='ocrx_word' id='word_1_77' title='bbox 1092 1516 1192 1574; x_wconf 88' lang='lat' dir='ltr'>antea</span> <span class='ocrx_word' id='word_1_78' title='bbox 1215 1509 1393 1574; x_wconf 81' lang='lat' dir='ltr'>edebatur:</span> 
     </span>
     <span class='ocr_line' id='line_1_12' title="bbox 239 1616 1392 1684; baseline 0.002 -4"><span class='ocrx_word' id='word_1_79' title='bbox 239 1616 320 1682; x_wconf 90' lang='lat' dir='ltr'>Nec</span> <span class='ocrx_word' id='word_1_80' title='bbox 360 1617 532 1683; x_wconf 79' lang='lat' dir='ltr'>falleret</span> <span class='ocrx_word' id='word_1_81' title='bbox 572 1640 645 1683; x_wconf 89' lang='lat' dir='ltr'>nos</span> <span class='ocrx_word' id='word_1_82' title='bbox 674 1638 746 1682; x_wconf 91' lang='lat' dir='ltr'>nec</span> <span class='ocrx_word' id='word_1_83' title='bbox 774 1617 962 1683; x_wconf 89' lang='lat' dir='ltr'>interdiu</span> <span class='ocrx_word' id='word_1_84' title='bbox 997 1639 1066 1682; x_wconf 90' lang='lat' dir='ltr'>nec</span> <span class='ocrx_word' id='word_1_85' title='bbox 1094 1626 1213 1684; x_wconf 89' lang='lat' dir='ltr'>nocte</span> <span class='ocrx_word' id='word_1_86' title='bbox 1247 1618 1392 1683; x_wconf 90' lang='lat' dir='ltr'>abeun-</span> 
     </span>
     <span class='ocr_line' id='line_1_13' title="bbox 239 1724 1392 1804; baseline 0.001 -14"><span class='ocrx_word' id='word_1_87' title='bbox 239 1726 297 1790; x_wconf 93' lang='lat' dir='ltr'>do.</span> <span class='ocrx_word' id='word_1_88' title='bbox 343 1726 446 1804; x_wconf 82' lang='lat' dir='ltr'>Quid</span> <span class='ocrx_word' id='word_1_89' title='bbox 479 1733 540 1792; x_wconf 88' lang='lat' dir='ltr'>cet.</span> <span class='ocrx_word' id='word_1_90' title='bbox 586 1724 696 1792; x_wconf 85' lang='lat' dir='ltr'>Codex</span> <span class='ocrx_word' id='word_1_91' title='bbox 728 1725 844 1791; x_wconf 92' lang='lat' dir='ltr'>habet:</span> <span class='ocrx_word' id='word_1_92' title='bbox 872 1746 943 1790; x_wconf 89' lang='lat' dir='ltr'>neo</span> <span class='ocrx_word' id='word_1_93' title='bbox 965 1724 1114 1791; x_wconf 85' lang='lat' dir='ltr'>fallere</span> <span class='ocrx_word' id='word_1_94' title='bbox 1147 1747 1217 1792; x_wconf 92' lang='lat' dir='ltr'>nos</span> <span class='ocrx_word' id='word_1_95' title='bbox 1245 1747 1315 1791; x_wconf 88' lang='lat' dir='ltr'>nec</span> <span class='ocrx_word' id='word_1_96' title='bbox 1337 1727 1392 1791; x_wconf 92' lang='lat' dir='ltr'>in·</span> 
     </span>
     <span class='ocr_line' id='line_1_14' title="bbox 238 1834 1392 1923; baseline 0.001 -24"><span class='ocrx_word' id='word_1_97' title='bbox 238 1834 377 1923; x_wconf 85' lang='lat' dir='ltr'>terdiu</span> <span class='ocrx_word' id='word_1_98' title='bbox 395 1842 464 1899; x_wconf 89' lang='lat' dir='ltr'>aut</span> <span class='ocrx_word' id='word_1_99' title='bbox 484 1843 603 1900; x_wconf 91' lang='lat' dir='ltr'>nocte</span> <span class='ocrx_word' id='word_1_100' title='bbox 626 1834 867 1901; x_wconf 78' lang='lat' dir='ltr'>abeundtem</span> <span class='ocrx_word' id='word_1_101' title='bbox 890 1841 952 1900; x_wconf 91' lang='lat' dir='ltr'>est</span> <span class='ocrx_word' id='word_1_102' title='bbox 973 1834 1089 1899; x_wconf 92' lang='lat' dir='ltr'>nobis</span> <span class='ocrx_word' id='word_1_103' title='bbox 1113 1842 1277 1918; x_wconf 90' lang='lat' dir='ltr'>optatus</span> <span class='ocrx_word' id='word_1_104' title='bbox 1300 1855 1392 1916; x_wconf 90' lang='lat' dir='ltr'>qua·</span> 
     </span>
     <span class='ocr_line' id='line_1_15' title="bbox 239 1943 1394 2027; baseline 0.001 -21"><span class='ocrx_word' id='word_1_105' title='bbox 239 1964 321 2006; x_wconf 93' lang='lat' dir='ltr'>rum</span> <span class='ocrx_word' id='word_1_106' title='bbox 349 1949 392 2008; x_wconf 92' lang='lat' dir='ltr'>ut</span> <span class='ocrx_word' id='word_1_107' title='bbox 425 1965 594 2026; x_wconf 92' lang='lat' dir='ltr'>quorum</span> <span class='ocrx_word' id='word_1_108' title='bbox 627 1951 765 2009; x_wconf 88' lang='lat' dir='ltr'>eastra</span> <span class='ocrx_word' id='word_1_109' title='bbox 798 1950 858 2009; x_wconf 91' lang='lat' dir='ltr'>cet.</span> <span class='ocrx_word' id='word_1_110' title='bbox 904 1943 1109 2027; x_wconf 87' lang='lat' dir='ltr'>Kreyssigius</span> <span class='ocrx_word' id='word_1_111' title='bbox 1142 1964 1250 2027; x_wconf 90' lang='lat' dir='ltr'>neque</span> <span class='ocrx_word' id='word_1_112' title='bbox 1284 1945 1394 2007; x_wconf 93' lang='lat' dir='ltr'>omnia</span> 
     </span>
     <span class='ocr_line' id='line_1_16' title="bbox 237 2049 1391 2135; baseline 0 -19"><span class='ocrx_word' id='word_1_113' title='bbox 237 2050 395 2116; x_wconf 87' lang='lat' dir='ltr'>indicavit</span> <span class='ocrx_word' id='word_1_114' title='bbox 424 2059 458 2116; x_wconf 90' lang='lat' dir='ltr'>et</span> <span class='ocrx_word' id='word_1_115' title='bbox 485 2051 630 2134; x_wconf 81' lang='lat' dir='ltr'>erravit.)</span> <span class='ocrx_word' id='word_1_116' title='bbox 686 2052 832 2117; x_wconf 91' lang='lat' dir='ltr'>Primum</span> <span class='ocrx_word' id='word_1_117' title='bbox 865 2052 907 2117; x_wconf 90' lang='lat' dir='ltr'>ab</span> <span class='ocrx_word' id='word_1_118' title='bbox 935 2049 997 2116; x_wconf 88' lang='lat' dir='ltr'>hac</span> <span class='ocrx_word' id='word_1_119' title='bbox 1032 2051 1251 2135; x_wconf 89' lang='lat' dir='ltr'>descriptione</span> <span class='ocrx_word' id='word_1_120' title='bbox 1285 2058 1391 2116; x_wconf 89' lang='lat' dir='ltr'>status</span> 
     </span>
     <span class='ocr_line' id='line_1_17' title="bbox 239 2159 1391 2246; baseline 0 -22"><span class='ocrx_word' id='word_1_121' title='bbox 239 2160 317 2239; x_wconf 90' lang='lat' dir='ltr'>eius,</span> <span class='ocrx_word' id='word_1_122' title='bbox 340 2161 397 2245; x_wconf 88' lang='lat' dir='ltr'>qui</span> <span class='ocrx_word' id='word_1_123' title='bbox 419 2182 507 2226; x_wconf 91' lang='lat' dir='ltr'>nunc</span> <span class='ocrx_word' id='word_1_124' title='bbox 531 2170 597 2227; x_wconf 89' lang='lat' dir='ltr'>est:</span> <span class='ocrx_word' id='word_1_125' title='bbox 631 2182 747 2246; x_wconf 91' lang='lat' dir='ltr'>quam</span> <span class='ocrx_word' id='word_1_126' title='bbox 779 2182 899 2240; x_wconf 92' lang='lat' dir='ltr'>nunc,</span> <span class='ocrx_word' id='word_1_127' title='bbox 934 2182 1053 2243; x_wconf 90' lang='lat' dir='ltr'>quum</span> <span class='ocrx_word' id='word_1_128' title='bbox 1086 2162 1126 2224; x_wconf 93' lang='lat' dir='ltr'>in</span> <span class='ocrx_word' id='word_1_129' title='bbox 1162 2159 1391 2225; x_wconf 90' lang='lat' dir='ltr'>cervicibus</span> 
     </span>
     <span class='ocr_line' id='line_1_18' title="bbox 238 2267 1390 2352; baseline 0 -21"><span class='ocrx_word' id='word_1_130' title='bbox 238 2288 389 2347; x_wconf 89' lang='lat' dir='ltr'>sumus,</span> <span class='ocrx_word' id='word_1_131' title='bbox 412 2291 511 2352; x_wconf 87' lang='lat' dir='ltr'>prave</span> <span class='ocrx_word' id='word_1_132' title='bbox 535 2279 709 2352; x_wconf 86' lang='lat' dir='ltr'>separatur</span> <span class='ocrx_word' id='word_1_133' title='bbox 732 2276 838 2335; x_wconf 92' lang='lat' dir='ltr'>totum</span> <span class='ocrx_word' id='word_1_134' title='bbox 862 2267 958 2346; x_wconf 90' lang='lat' dir='ltr'>illud,</span> <span class='ocrx_word' id='word_1_135' title='bbox 983 2268 1072 2351; x_wconf 90' lang='lat' dir='ltr'>quod</span> <span class='ocrx_word' id='word_1_136' title='bbox 1095 2269 1210 2333; x_wconf 90' lang='lat' dir='ltr'>eodem</span> <span class='ocrx_word' id='word_1_137' title='bbox 1232 2269 1390 2351; x_wconf 85' lang='lat' dir='ltr'>pertinet:</span> 
     </span>
     <span class='ocr_line' id='line_1_19' title="bbox 239 2376 1391 2461; baseline -0.001 -20"><span class='ocrx_word' id='word_1_138' title='bbox 239 2398 311 2442; x_wconf 89' lang='lat' dir='ltr'>nec</span> <span class='ocrx_word' id='word_1_139' title='bbox 333 2377 508 2443; x_wconf 79' lang='lat' dir='ltr'>falleret</span> <span class='ocrx_word' id='word_1_140' title='bbox 531 2385 591 2443; x_wconf 92' lang='lat' dir='ltr'>cet.</span> <span class='ocrx_word' id='word_1_141' title='bbox 637 2377 762 2443; x_wconf 88' lang='lat' dir='ltr'>Deinde</span> <span class='ocrx_word' id='word_1_142' title='bbox 785 2399 851 2443; x_wconf 89' lang='lat' dir='ltr'>non</span> <span class='ocrx_word' id='word_1_143' title='bbox 874 2384 964 2442; x_wconf 89' lang='lat' dir='ltr'>reete</span> <span class='ocrx_word' id='word_1_144' title='bbox 988 2377 1027 2440; x_wconf 90' lang='lat' dir='ltr'>de</span> <span class='ocrx_word' id='word_1_145' title='bbox 1051 2398 1103 2454; x_wconf 91' lang='lat' dir='ltr'>eo,</span> <span class='ocrx_word' id='word_1_146' title='bbox 1128 2376 1217 2461; x_wconf 93' lang='lat' dir='ltr'>quod</span> <span class='ocrx_word' id='word_1_147' title='bbox 1238 2397 1339 2455; x_wconf 90' lang='lat' dir='ltr'>nunc,</span> <span class='ocrx_word' id='word_1_148' title='bbox 1363 2378 1391 2441; x_wconf 95' lang='lat' dir='ltr'>si</span> 
     </span>
     <span class='ocr_line' id='line_1_20' title="bbox 238 2483 1388 2569; baseline -0.001 -20"><span class='ocrx_word' id='word_1_149' title='bbox 238 2491 345 2550; x_wconf 91' lang='lat' dir='ltr'>tentet</span> <span class='ocrx_word' id='word_1_150' title='bbox 367 2486 524 2565; x_wconf 90' lang='lat' dir='ltr'>Perseus,</span> <span class='ocrx_word' id='word_1_151' title='bbox 558 2487 628 2550; x_wconf 89' lang='lat' dir='ltr'>fieri</span> <span class='ocrx_word' id='word_1_152' title='bbox 651 2492 807 2568; x_wconf 88' lang='lat' dir='ltr'>nequeat,</span> <span class='ocrx_word' id='word_1_153' title='bbox 836 2487 968 2569; x_wconf 92' lang='lat' dir='ltr'>ponitur</span> <span class='ocrx_word' id='word_1_154' title='bbox 990 2506 1063 2549; x_wconf 90' lang='lat' dir='ltr'>nec</span> <span class='ocrx_word' id='word_1_155' title='bbox 1096 2483 1266 2549; x_wconf 83' lang='lat' dir='ltr'>falleret</span> <span class='ocrx_word' id='word_1_156' title='bbox 1299 2484 1388 2568; x_wconf 87' lang='lat' dir='ltr'>(pro:</span> 
     </span>
     <span class='ocr_line' id='line_1_21' title="bbox 153 2592 1391 2677; baseline 0.002 -21"><span class='ocrx_word' id='word_1_157' title='bbox 153 2601 226 2667; x_wconf 79' lang='lat' dir='ltr'>(tae)</span> <span class='ocrx_word' id='word_1_158' title='bbox 245 2612 317 2657; x_wconf 89' lang='lat' dir='ltr'>nec</span> <span class='ocrx_word' id='word_1_159' title='bbox 341 2592 464 2658; x_wconf 86' lang='lat' dir='ltr'>fallet</span> <span class='ocrx_word' id='word_1_160' title='bbox 486 2600 545 2658; x_wconf 90' lang='lat' dir='ltr'>aut</span> <span class='ocrx_word' id='word_1_161' title='bbox 567 2595 601 2658; x_wconf 91' lang='lat' dir='ltr'>in</span> <span class='ocrx_word' id='word_1_162' title='bbox 624 2593 790 2677; x_wconf 88' lang='lat' dir='ltr'>fingendo:</span> <span class='ocrx_word' id='word_1_163' title='bbox 812 2614 884 2658; x_wconf 92' lang='lat' dir='ltr'>nec</span> <span class='ocrx_word' id='word_1_164' title='bbox 906 2592 1051 2675; x_wconf 87' lang='lat' dir='ltr'>fallat).</span> <span class='ocrx_word' id='word_1_165' title='bbox 1082 2592 1251 2658; x_wconf 81' lang='lat' dir='ltr'>Accedunt</span> <span class='ocrx_word' id='word_1_166' title='bbox 1268 2592 1391 2658; x_wconf 88' lang='lat' dir='ltr'>codicis</span> 
     </span>
     <span class='ocr_line' id='line_1_22' title="bbox 239 2700 1389 2784; baseline -0.001 -20"><span class='ocrx_word' id='word_1_167' title='bbox 239 2703 391 2784; x_wconf 88' lang='lat' dir='ltr'>vestigia,</span> <span class='ocrx_word' id='word_1_168' title='bbox 426 2723 465 2766; x_wconf 82' lang='lat' dir='ltr'>ex</span> <span class='ocrx_word' id='word_1_169' title='bbox 498 2702 619 2784; x_wconf 91' lang='lat' dir='ltr'>quibus</span> <span class='ocrx_word' id='word_1_170' title='bbox 647 2702 857 2767; x_wconf 83' lang='lat' dir='ltr'>manifestum</span> <span class='ocrx_word' id='word_1_171' title='bbox 888 2708 953 2779; x_wconf 88' lang='lat' dir='ltr'>est,</span> <span class='ocrx_word' id='word_1_172' title='bbox 984 2702 1031 2765; x_wconf 90' lang='lat' dir='ltr'>sie</span> <span class='ocrx_word' id='word_1_173' title='bbox 1060 2700 1270 2765; x_wconf 90' lang='lat' dir='ltr'>scribendum</span> <span class='ocrx_word' id='word_1_174' title='bbox 1303 2722 1389 2766; x_wconf 90' lang='lat' dir='ltr'>esse:</span> 
     </span>
     <span class='ocr_line' id='line_1_23' title="bbox 239 2809 1391 2892; baseline -0.001 -18"><span class='ocrx_word' id='word_1_175' title='bbox 239 2831 357 2892; x_wconf 93' lang='lat' dir='ltr'>quum</span> <span class='ocrx_word' id='word_1_176' title='bbox 379 2810 420 2873; x_wconf 93' lang='lat' dir='ltr'>in</span> <span class='ocrx_word' id='word_1_177' title='bbox 444 2811 675 2875; x_wconf 87' lang='lat' dir='ltr'>cervicibus</span> <span class='ocrx_word' id='word_1_178' title='bbox 699 2832 836 2876; x_wconf 90' lang='lat' dir='ltr'>sumus</span> <span class='ocrx_word' id='word_1_179' title='bbox 860 2831 933 2874; x_wconf 91' lang='lat' dir='ltr'>nec</span> <span class='ocrx_word' id='word_1_180' title='bbox 950 2809 1097 2874; x_wconf 79' lang='lat' dir='ltr'>fallere</span> <span class='ocrx_word' id='word_1_181' title='bbox 1121 2809 1220 2890; x_wconf 84' lang='lat' dir='ltr'>(cod.)</span> <span class='ocrx_word' id='word_1_182' title='bbox 1243 2830 1314 2873; x_wconf 90' lang='lat' dir='ltr'>nos</span> <span class='ocrx_word' id='word_1_183' title='bbox 1336 2811 1391 2873; x_wconf 91' lang='lat' dir='ltr'>in·</span> 
     </span>
     <span class='ocr_line' id='line_1_24' title="bbox 238 2917 1390 3003; baseline -0.001 -21"><span class='ocrx_word' id='word_1_184' title='bbox 238 2917 375 2982; x_wconf 92' lang='lat' dir='ltr'>terdiu</span> <span class='ocrx_word' id='word_1_185' title='bbox 398 2926 466 2984; x_wconf 90' lang='lat' dir='ltr'>aut</span> <span class='ocrx_word' id='word_1_186' title='bbox 489 2926 608 2984; x_wconf 92' lang='lat' dir='ltr'>nocte</span> <span class='ocrx_word' id='word_1_187' title='bbox 642 2919 828 2984; x_wconf 91' lang='lat' dir='ltr'>abeundo</span> <span class='ocrx_word' id='word_1_188' title='bbox 853 2925 998 3003; x_wconf 91' lang='lat' dir='ltr'>potest.</span> <span class='ocrx_word' id='word_1_189' title='bbox 1044 2917 1148 2996; x_wconf 82' lang='lat' dir='ltr'>Quid</span> <span class='ocrx_word' id='word_1_190' title='bbox 1171 2924 1305 2982; x_wconf 89' lang='lat' dir='ltr'>autem</span> <span class='ocrx_word' id='word_1_191' title='bbox 1328 2924 1390 2981; x_wconf 90' lang='lat' dir='ltr'>est</span> 
     </span>
     <span class='ocr_line' id='line_1_25' title="bbox 238 3026 904 3111; baseline 0.006 -21"><span class='ocrx_word' id='word_1_192' title='bbox 238 3026 356 3092; x_wconf 90' lang='lat' dir='ltr'>nobis</span> <span class='ocrx_word' id='word_1_193' title='bbox 381 3028 576 3111; x_wconf 91' lang='lat' dir='ltr'>optatius</span> <span class='ocrx_word' id='word_1_194' title='bbox 599 3049 716 3111; x_wconf 90' lang='lat' dir='ltr'>quam</span> <span class='ocrx_word' id='word_1_195' title='bbox 740 3036 783 3093; x_wconf 89' lang='lat' dir='ltr'>ut</span> <span class='ocrx_word' id='word_1_196' title='bbox 806 3028 904 3108; x_wconf 85' lang='lat' dir='ltr'>cet.¹)</span> 
     </span>
    </p>

    <p class='ocr_par' dir='ltr' id='par_1_4' title="bbox 237 3133 1389 3654">
     <span class='ocr_line' id='line_1_26' title="bbox 324 3133 1387 3220; baseline -0.002 -21"><span class='ocrx_word' id='word_1_197' title='bbox 324 3133 402 3220; x_wconf 89' lang='lat' dir='ltr'>Cap.</span> <span class='ocrx_word' id='word_1_198' title='bbox 426 3141 476 3215; x_wconf 74' lang='lat'>41,</span> <span class='ocrx_word' id='word_1_199' title='bbox 503 3142 517 3200; x_wconf 94' lang='lat'>1</span> <span class='ocrx_word' id='word_1_200' title='bbox 544 3142 618 3202; x_wconf 84' lang='lat' dir='ltr'>eta</span> <span class='ocrx_word' id='word_1_201' title='bbox 654 3136 701 3219; x_wconf 85' lang='lat' dir='ltr'>(in</span> <span class='ocrx_word' id='word_1_202' title='bbox 730 3137 951 3220; x_wconf 84' lang='lat' dir='ltr'>descriptione</span> <span class='ocrx_word' id='word_1_203' title='bbox 985 3135 1101 3219; x_wconf 90' lang='lat' dir='ltr'>proelii</span> <span class='ocrx_word' id='word_1_204' title='bbox 1136 3135 1179 3199; x_wconf 91' lang='lat' dir='ltr'>ad</span> <span class='ocrx_word' id='word_1_205' title='bbox 1212 3133 1387 3219; x_wconf 85' lang='lat' dir='ltr'>Pydnam):</span> 
     </span>
     <span class='ocr_line' id='line_1_27' title="bbox 238 3242 1389 3330; baseline -0.001 -23"><span class='ocrx_word' id='word_1_206' title='bbox 238 3242 520 3323; x_wconf 82' lang='lat' dir='ltr'>Intervallum,</span> <span class='ocrx_word' id='word_1_207' title='bbox 563 3245 667 3330; x_wconf 92' lang='lat' dir='ltr'>quod</span> <span class='ocrx_word' id='word_1_208' title='bbox 706 3246 816 3310; x_wconf 91' lang='lat' dir='ltr'>inter</span> <span class='ocrx_word' id='word_1_209' title='bbox 856 3252 1039 3310; x_wconf 90' lang='lat' dir='ltr'>cetratos</span> <span class='ocrx_word' id='word_1_210' title='bbox 1078 3250 1119 3308; x_wconf 92' lang='lat' dir='ltr'>et</span> <span class='ocrx_word' id='word_1_211' title='bbox 1159 3242 1389 3327; x_wconf 80' lang='lat' dir='ltr'>phalanges</span> 
     </span>
     <span class='ocr_line' id='line_1_28' title="bbox 238 3349 1389 3438; baseline -0.003 -21"><span class='ocrx_word' id='word_1_212' title='bbox 238 3349 352 3432; x_wconf 83' lang='lat' dir='ltr'>(Gron.</span> <span class='ocrx_word' id='word_1_213' title='bbox 377 3352 631 3438; x_wconf 88' lang='lat' dir='ltr'>phalangem)</span> <span class='ocrx_word' id='word_1_214' title='bbox 655 3359 753 3433; x_wconf 88' lang='lat' dir='ltr'>erat,</span> <span class='ocrx_word' id='word_1_215' title='bbox 777 3354 963 3437; x_wconf 86' lang='lat' dir='ltr'>implevit</span> <span class='ocrx_word' id='word_1_216' title='bbox 984 3353 1095 3435; x_wconf 90' lang='lat' dir='ltr'>legio</span> <span class='ocrx_word' id='word_1_217' title='bbox 1115 3359 1237 3435; x_wconf 90' lang='lat' dir='ltr'>atque</span> <span class='ocrx_word' id='word_1_218' title='bbox 1261 3352 1389 3415; x_wconf 91' lang='lat' dir='ltr'>aciem</span> 
     </span>
     <span class='ocr_line' id='line_1_29' title="bbox 237 3457 1388 3545; baseline -0.002 -21"><span class='ocrx_word' id='word_1_219' title='bbox 237 3459 413 3527; x_wconf 90' lang='lat' dir='ltr'>hostium</span> <span class='ocrx_word' id='word_1_220' title='bbox 446 3463 682 3545; x_wconf 90' lang='lat' dir='ltr'>interrupit.</span> <span class='ocrx_word' id='word_1_221' title='bbox 726 3464 754 3526; x_wconf 77' lang='lat' dir='ltr'><strong>A</strong></span> <span class='ocrx_word' id='word_1_222' title='bbox 787 3469 905 3545; x_wconf 90' lang='lat' dir='ltr'>tergo</span> <span class='ocrx_word' id='word_1_223' title='bbox 940 3462 1114 3526; x_wconf 86' lang='lat' dir='ltr'>cetratis</span> <span class='ocrx_word' id='word_1_224' title='bbox 1150 3466 1252 3538; x_wconf 91' lang='lat' dir='ltr'>erat,</span> <span class='ocrx_word' id='word_1_225' title='bbox 1282 3457 1388 3523; x_wconf 88' lang='lat' dir='ltr'>fron-</span> 
     </span>
     <span class='ocr_line' id='line_1_30' title="bbox 237 3567 1389 3654; baseline -0.003 -21"><span class='ocrx_word' id='word_1_226' title='bbox 237 3576 315 3634; x_wconf 93' lang='lat' dir='ltr'>tem</span> <span class='ocrx_word' id='word_1_227' title='bbox 338 3569 534 3636; x_wconf 85' lang='lat' dir='ltr'>adversus</span> <span class='ocrx_word' id='word_1_228' title='bbox 558 3570 762 3654; x_wconf 88' lang='lat' dir='ltr'>clipeatos</span> <span class='ocrx_word' id='word_1_229' title='bbox 785 3570 966 3635; x_wconf 89' lang='lat' dir='ltr'>habebat</span> <span class='ocrx_word' id='word_1_230' title='bbox 988 3567 1236 3654; x_wconf 87' lang='lat' dir='ltr'>(aglaspides</span> <span class='ocrx_word' id='word_1_231' title='bbox 1254 3567 1389 3650; x_wconf 88' lang='lat' dir='ltr'>appel·</span> 
     </span>
    </p>
   </div>
   <div class='ocr_carea' id='block_1_4' title="bbox 266 3880 1388 4297">
    <p class='ocr_par' dir='ltr' id='par_1_5' title="bbox 266 3880 1388 4297">
     <span class='ocr_line' id='line_1_31' title="bbox 266 3880 1387 3953; baseline -0.005 -15"><span class='ocrx_word' id='word_1_232' title='bbox 266 3889 286 3951; x_wconf 60' lang='grc' dir='ltr'>Ι)</span> <span class='ocrx_word' id='word_1_233' title='bbox 307 3884 371 3953; x_wconf 87' lang='lat' dir='ltr'>Cap.</span> <span class='ocrx_word' id='word_1_234' title='bbox 392 3887 434 3951; x_wconf 83' lang='lat'>40,</span> <span class='ocrx_word' id='word_1_235' title='bbox 452 3887 469 3939; x_wconf 90' lang='lat'>8</span> <span class='ocrx_word' id='word_1_236' title='bbox 486 3883 558 3938; x_wconf 90' lang='lat' dir='ltr'>nihil</span> <span class='ocrx_word' id='word_1_237' title='bbox 576 3888 639 3937; x_wconf 84' lang='lat' dir='ltr'>erat</span> <span class='ocrx_word' id='word_1_238' title='bbox 657 3881 732 3951; x_wconf 89' lang='lat' dir='ltr'>quod</span> <span class='ocrx_word' id='word_1_239' title='bbox 750 3889 932 3951; x_wconf 88' lang='lat' dir='ltr'>sperneretur</span> <span class='ocrx_word' id='word_1_240' title='bbox 953 3886 1054 3935; x_wconf 89' lang='lat' dir='ltr'>tenus</span> <span class='ocrx_word' id='word_1_241' title='bbox 1078 3898 1141 3935; x_wconf 90' lang='lat' dir='ltr'>cnm</span> <span class='ocrx_word' id='word_1_242' title='bbox 1162 3880 1291 3950; x_wconf 79' lang='lat' dir='ltr'>genetivo</span> <span class='ocrx_word' id='word_1_243' title='bbox 1309 3880 1387 3933; x_wconf 88' lang='lat' dir='ltr'>iunc-</span> 
     </span>
     <span class='ocr_line' id='line_1_32' title="bbox 306 3963 1388 4041; baseline -0.006 -17"><span class='ocrx_word' id='word_1_244' title='bbox 306 3976 367 4024; x_wconf 90' lang='lat' dir='ltr'>tum</span> <span class='ocrx_word' id='word_1_245' title='bbox 387 3977 504 4041; x_wconf 83' lang='lat' dir='ltr'>(genus</span> <span class='ocrx_word' id='word_1_246' title='bbox 521 3969 634 4035; x_wconf 88' lang='lat' dir='ltr'>tenus)</span> <span class='ocrx_word' id='word_1_247' title='bbox 652 3968 780 4038; x_wconf 88' lang='lat' dir='ltr'>exemplo</span> <span class='ocrx_word' id='word_1_248' title='bbox 799 3968 885 4037; x_wconf 90' lang='lat' dir='ltr'>ipsius</span> <span class='ocrx_word' id='word_1_249' title='bbox 903 3967 978 4021; x_wconf 82' lang='lat' dir='ltr'>Livii</span> <span class='ocrx_word' id='word_1_250' title='bbox 995 3966 1113 4034; x_wconf 85' lang='lat' dir='ltr'>(XXVI,</span> <span class='ocrx_word' id='word_1_251' title='bbox 1131 3969 1173 4033; x_wconf 77' lang='lat'>24,</span> <span class='ocrx_word' id='word_1_252' title='bbox 1196 3963 1238 4034; x_wconf 91' lang='lat' dir='ltr'>ll)</span> <span class='ocrx_word' id='word_1_253' title='bbox 1262 3970 1290 4020; x_wconf 89' lang='lat' dir='ltr'>et</span> <span class='ocrx_word' id='word_1_254' title='bbox 1308 3963 1388 4018; x_wconf 85' lang='lat' dir='ltr'>Caelii</span> 
     </span>
     <span class='ocr_line' id='line_1_33' title="bbox 307 4048 1385 4124; baseline -0.006 -15"><span class='ocrx_word' id='word_1_255' title='bbox 307 4056 345 4123; x_wconf 78' lang='lat' dir='ltr'>(in</span> <span class='ocrx_word' id='word_1_256' title='bbox 369 4055 511 4110; x_wconf 89' lang='lat' dir='ltr'>Ciceronis</span> <span class='ocrx_word' id='word_1_257' title='bbox 539 4055 620 4124; x_wconf 85' lang='lat' dir='ltr'>epist.</span> <span class='ocrx_word' id='word_1_258' title='bbox 645 4055 681 4108; x_wconf 82' lang='lat' dir='ltr'>ad</span> <span class='ocrx_word' id='word_1_259' title='bbox 706 4052 783 4106; x_wconf 86' lang='lat' dir='ltr'>Fam.</span> <span class='ocrx_word' id='word_1_260' title='bbox 813 4051 891 4122; x_wconf 87' lang='lat' dir='ltr'>VIII,</span> <span class='ocrx_word' id='word_1_261' title='bbox 922 4057 945 4122; x_wconf 95' lang='lat'>1,</span> <span class='ocrx_word' id='word_1_262' title='bbox 974 4052 1001 4119; x_wconf 76' lang='lat'>2)</span> <span class='ocrx_word' id='word_1_263' title='bbox 1029 4057 1058 4107; x_wconf 90' lang='lat' dir='ltr'>et</span> <span class='ocrx_word' id='word_1_264' title='bbox 1076 4051 1241 4119; x_wconf 82' lang='lat' dir='ltr'>Quintiliani</span> <span class='ocrx_word' id='word_1_265' title='bbox 1268 4048 1341 4116; x_wconf 83' lang='lat' dir='ltr'>(XII,</span> <span class='ocrx_word' id='word_1_266' title='bbox 1360 4052 1385 4118; x_wconf 82' lang='grc'>2,</span> 
     </span>
     <span class='ocr_line' id='line_1_34' title="bbox 309 4136 1387 4209; baseline -0.005 -15"><span class='ocrx_word' id='word_1_267' title='bbox 309 4142 359 4209; x_wconf 83' lang='grc'>17),</span> <span class='ocrx_word' id='word_1_268' title='bbox 377 4147 409 4195; x_wconf 94' lang='lat' dir='ltr'>ut</span> <span class='ocrx_word' id='word_1_269' title='bbox 426 4142 546 4196; x_wconf 91' lang='lat' dir='ltr'>Plinium</span> <span class='ocrx_word' id='word_1_270' title='bbox 566 4140 612 4207; x_wconf 79' lang='lat' dir='ltr'>(II</span> <span class='ocrx_word' id='word_1_271' title='bbox 631 4138 662 4193; x_wconf 87' lang='lat' dir='ltr'>N.</span> <span class='ocrx_word' id='word_1_272' title='bbox 682 4138 808 4204; x_wconf 80' lang='lat' dir='ltr'>XXXIV,</span> <span class='ocrx_word' id='word_1_273' title='bbox 827 4139 871 4206; x_wconf 80' lang='lat'>58)</span> <span class='ocrx_word' id='word_1_274' title='bbox 894 4144 923 4193; x_wconf 89' lang='lat' dir='ltr'>et</span> <span class='ocrx_word' id='word_1_275' title='bbox 939 4144 1039 4208; x_wconf 85' lang='lat' dir='ltr'>poetas</span> <span class='ocrx_word' id='word_1_276' title='bbox 1063 4137 1240 4204; x_wconf 74' lang='lat' dir='ltr'>omittamus,</span> <span class='ocrx_word' id='word_1_277' title='bbox 1268 4153 1334 4190; x_wconf 86' lang='lat' dir='ltr'>nam</span> <span class='ocrx_word' id='word_1_278' title='bbox 1352 4136 1387 4190; x_wconf 87' lang='lat' dir='ltr'>de</span> 
     </span>
     <span class='ocr_line' id='line_1_35' title="bbox 306 4222 1178 4297; baseline -0.005 -17"><span class='ocrx_word' id='word_1_279' title='bbox 306 4226 397 4281; x_wconf 77' lang='lat' dir='ltr'>forme</span> <span class='ocrx_word' id='word_1_280' title='bbox 415 4227 538 4297; x_wconf 85' lang='lat' dir='ltr'>genetivi</span> <span class='ocrx_word' id='word_1_281' title='bbox 557 4230 656 4280; x_wconf 83' lang='lat' dir='ltr'>nostro</span> <span class='ocrx_word' id='word_1_282' title='bbox 674 4231 801 4295; x_wconf 88' lang='lat' dir='ltr'>tempore</span> <span class='ocrx_word' id='word_1_283' title='bbox 819 4243 877 4280; x_wconf 90' lang='lat' dir='ltr'>non</span> <span class='ocrx_word' id='word_1_284' title='bbox 896 4225 1050 4279; x_wconf 87' lang='lat' dir='ltr'>dubitatur.</span> <span class='ocrx_word' id='word_1_285' title='bbox 1077 4222 1178 4290; x_wconf 72' lang='lat' dir='ltr'>(laet.)</span> 
     </span>
    </p>
   </div>
   <div class='ocr_carea' id='block_1_5' title="bbox 0 0 1534 5272">
    <p class='ocr_par' dir='ltr' id='par_1_6' title="bbox 0 0 1534 5272">
     <span class='ocr_line' id='line_1_36' title="bbox 0 0 1534 5272; baseline 0 2"><span class='ocrx_word' id='word_1_286' title='bbox 0 0 1534 5272; x_wconf 95' lang='lat' dir='ltr'> </span> 
     </span>
    </p>
   </div>
  </div>
 </body>
</html>
