3060 5272
711 786 749 847 15

153 977 222 1042 iam
243 975 280 1040 in
303 973 416 1038 codice
437 969 615 1055 archetypo
635 969 868 1054 interpolando
891 970 1092 1036 occultatum
1109 977 1191 1051 erat,
1215 973 1310 1038 cuius

156 1085 206 1150 rei
234 1082 441 1150 manifestum
470 1077 655 1163 exemplum
687 1086 738 1145 est
765 1080 799 1144 in
821 1078 851 1160 l,
880 1082 936 1159 56,
969 1083 1023 1158 11,
1052 1080 1110 1145 ubi
1138 1101 1241 1164 quum
1270 1103 1309 1146 ex

159 1189 372 1276 Tarquinii
399 1193 442 1252 ut
463 1184 618 1252 Sextus
645 1193 755 1252 ortum
783 1195 870 1253 esset
896 1187 1052 1254 facillimo
1075 1209 1186 1255 errore
1208 1188 1304 1274 (prae·
1323 1194 1379 1262 (14)

161 1301 272 1367 sertim
308 1296 336 1362 si
374 1293 572 1377 Tarquini
611 1294 826 1377 scriberetur)
865 1294 1112 1378 Tarquinius
1152 1295 1308 1378 Sextus,

159 1414 233 1493 post
258 1406 397 1471 suerat
425 1401 574 1468 additum
602 1409 654 1468 est
682 1410 726 1469 ut
753 1402 1018 1487 (Tarquinius
1047 1404 1207 1485 Sextus,
1241 1407 1309 1490 qui

157 1516 283 1580 Roma
306 1511 483 1577 relictus
503 1510 654 1591 iuerat,
676 1517 720 1577 ut
740 1511 910 1596 ignarus
933 1513 1121 1597 responsi
1142 1513 1309 1596 esset)¹);

155 1621 296 1686 alterum
334 1640 401 1685 non
442 1619 548 1685 minus
593 1619 803 1685 manifestum
840 1620 965 1685 notabo
1005 1625 1039 1686 et
1078 1622 1240 1705 corrigam
1275 1623 1309 1687 in

155 1729 285 1809 1v,ao,
314 1726 547 1808 7(oonsilia
574 1727 621 1793 de
650 1727 843 1793 movendo
865 1726 990 1808 bello,
1021 1729 1309 1795 consiliadmo·

153 1837 283 1903 vendo
304 1834 431 1915 bello,
460 1835 537 1901 inde
565 1836 745 1901 consilia
766 1836 817 1901 ad
839 1836 1033 1902 movenda
1054 1835 1188 1919 bella),
1211 1838 1309 1922 paulo

155 1945 351 2012 obscuriora
371 1945 406 2009 in
428 1943 492 2024 111,
526 1948 580 2024 38,
617 1948 656 2008 10
678 1950 713 2009 et
734 1943 793 2024 IV,
826 1948 856 2025 ⁷,
893 1949 929 2007 ll
955 1950 997 2024 et,
1021 1943 1122 2029 [quod
1145 1946 1310 2030 corrigere

154 2075 261 2138 nuper
283 2050 445 2135 contigit]
468 2052 521 2133 IV,
545 2056 596 2132 43,
619 2057 649 2118 5.

242 2161 308 2229 Sed
323 2161 405 2240 haec,
428 2167 467 2226 ut
483 2160 560 2239 dixi,
583 2180 663 2225 rara
680 2166 757 2225 sunt
773 2159 922 2244 exempla
938 2159 1026 2225 illius
1043 2160 1309 2245 interpolationis

155 2270 299 2355 generis,
328 2268 415 2352 quod
443 2270 476 2334 in
503 2268 743 2335 recentioribus
772 2267 942 2333 codicibus
970 2267 1080 2333 multis
1102 2271 1252 2352 partibus
1275 2277 1310 2337 et

155 2379 359 2462 frequentius
388 2383 422 2441 et
449 2375 609 2442 audacius
632 2384 697 2457 est;
725 2376 828 2442 multo
850 2375 951 2441 latius
972 2377 1039 2441 iam
1062 2377 1096 2441 in
1120 2376 1233 2443 codice
1255 2399 1308 2443 ar·

157 2487 297 2571 chetypo
326 2484 435 2569 patuit
456 2483 598 2549 alterum
620 2483 703 2550 illud
725 2506 842 2568 genus,
871 2484 958 2566 quod
986 2484 1094 2550 verbis
1123 2487 1309 2552 continetur

157 2595 201 2660 ad
218 2595 402 2660 orationem
419 2592 616 2676 explendam
627 2593 865 2657 sententiamve
878 2591 1110 2658 declarandam
1122 2594 1308 2679 adscriptis,

158 2702 275 2769 deinde
298 2721 409 2766 errore
432 2699 551 2783 (neque
575 2700 662 2765 enim
684 2699 853 2765 eonsilium
875 2698 938 2765 tuit
959 2707 1017 2765 aut
1038 2700 1204 2782 iudicium,
1228 2703 1306 2785 quid

158 2811 242 2878 Livii
264 2815 368 2890 esset,
398 2807 477 2891 quid
504 2806 584 2889 non)
611 2808 645 2873 in
667 2809 769 2892 ipsam
793 2808 974 2874 orationem
997 2809 1147 2892 receptis.
1197 2810 1307 2892 Atque

156 2906 342 2986 huiusmodi
370 2917 520 3000 quaedam
548 2937 619 2981 esse
646 2916 955 3000 interpretamenta,
984 2937 1056 3001 quoe
1083 2918 1228 2982 omnium
1250 2939 1306 2983 co·

157 3029 267 3094 dicum
306 3045 466 3091 consensu
506 3023 752 3102 confirmentur,
791 3025 920 3090 ratione
959 3026 1143 3090 certissima
1175 3027 1306 3092 convin-

158 3141 290 3213 cantur,
325 3132 509 3199 concedunt
536 3132 723 3199 necessario
753 3133 854 3198 etiam
881 3133 919 3213 ii,
953 3135 1008 3216 qui
1031 3154 1106 3199 raro
1130 3136 1305 3219 quicquam

156 3241 344 3309 huiusmodi
373 3241 573 3321 concedunt3
607 3240 665 3306 sed
693 3248 730 3306 ut
753 3242 875 3306 certius
897 3263 951 3307 res
972 3242 1152 3322 iudicetur,
1184 3265 1305 3327 ponam

156 3352 297 3436 primum
318 3350 352 3414 in
376 3356 554 3433 conspectu
578 3348 731 3427 collecta,
765 3369 839 3433 qua
867 3349 909 3414 ab
938 3349 1010 3415 aliis
1038 3351 1073 3415 in
1100 3350 1163 3416 hoc
1186 3373 1304 3435 genere

159 3488 385 3497 ..—-——.

225 3553 306 3607 mihi
333 3554 505 3620 miserius,
532 3554 579 3608 ubi
607 3559 685 3609 recte
707 3553 851 3608 Bekkerns
880 3558 991 3610 secutus
1013 3559 1056 3610 est
1079 3556 1304 3612 emendationem

226 3640 281 3693 iam
299 3639 328 3692 in
347 3638 444 3693 codice
464 3638 662 3693 Geertneriano
681 3638 798 3693 iactam:
822 3656 883 3693 uec
901 3640 968 3694 tibi
986 3641 1123 3710 turpius
1142 3659 1203 3696 nee
1222 3643 1304 3697 mihi

224 3724 397 3778 miserius.
439 3723 625 3792 Quaerebatnr
642 3723 761 3779 alterum
779 3725 996 3793 comparationis
1012 3726 1178 3780 membrum.
1214 3726 1305 3794 (Quod

225 3826 314 3878 nuper
342 3827 438 3877 quam
466 3808 607 3863 sublatum
630 3826 682 3863 nec
705 3816 798 3863 tamen
821 3825 881 3863 neo
904 3809 1032 3864 additum
1056 3815 1111 3876 est,
1137 3810 1204 3866 ferri
1226 3811 1304 3866 nullo

224 3893 309 3948 modo
331 3893 445 3963 potest.)
492 3891 609 3962 [Contra
630 3892 669 3960 X,
697 3895 744 3962 45,
773 3896 804 3948 12
826 3894 856 3949 in
873 3893 895 3948 P
914 3895 1071 3962 cctemsque
1093 3913 1157 3951 nec
1183 3925 1217 3936 -
1243 3914 1304 3952 uec

226 3981 360 4049 scriptum
381 3985 425 4035 est
442 3996 493 4049 pro
512 3995 623 4034 nec-
641 3976 719 4048 sed]

185 4066 207 4130 ¹)
226 4065 310 4120 Paene
332 4064 496 4120 incredibile
520 4069 576 4132 est,
600 4064 673 4119 hanc
698 4065 877 4134 scripturam,
899 4083 957 4121 non
979 4066 1043 4121 dico
1066 4066 1100 4121 ab
1118 4065 1306 4134 Alschefskio,

225 4150 275 4206 sed
293 4168 310 4205 a
328 4150 556 4206 Weissenbornio
575 4156 604 4204 et
621 4149 735 4204 Hertzio
752 4151 869 4220 probari
886 4152 1026 4222 potuisse;
1044 4170 1109 4208 nam
1126 4157 1158 4206 nt
1175 4152 1302 4209 omittam

224 4253 387 4306 praenomen
405 4236 510 4290 nomini
528 4236 729 4306 postpositum,
754 4237 831 4305 quod
848 4236 983 4293 feceritue
1000 4256 1122 4307 unquam
1132 4237 1237 4306 Livius,
1256 4239 1304 4294 ad·

224 4320 338 4375 modum
368 4320 483 4375 dubium
510 4327 566 4389 est,
592 4321 647 4377 hoc
671 4321 770 4376 saltem
792 4322 869 4390 loco,
897 4323 944 4377 ubi
969 4340 1050 4378 omne
1072 4323 1181 4392 pondus
1204 4331 1247 4379 est
1271 4327 1301 4381 in

224 4407 406 4475 prenomine,
431 4424 485 4476 qno
505 4407 605 4461 tertius
623 4405 709 4463 frater
727 4413 873 4478 separatur
892 4426 908 4462 a
926 4408 1043 4475 duobus,
1061 4426 1118 4462 non
1136 4410 1211 4477 fecit,
1230 4411 1302 4466 ordi·

224 4508 341 4559 nemque
371 4492 508 4561 reliquum
536 4491 697 4561 verborum,
725 4494 861 4548 evertitur
885 4495 975 4548 omnis
997 4495 1137 4548 sententia
1158 4497 1250 4565 posita
1273 4499 1302 4551 iu

225 4576 398 4630 seiunctione
421 4575 634 4646 Tarquiniorum
662 4583 690 4632 et
712 4579 804 4647 Bruti,
832 4579 910 4633 cuius
938 4596 1041 4633 nomen
1063 4583 1233 4637 contrarium
1256 4600 1299 4636 re·

223 4659 314 4715 fertur
330 4661 397 4716 hnic
415 4661 604 4731 Tarquinii.
