3060 5272
218 348 280 403 Lib.
299 347 397 402 mv.
768 335 829 395 338

305 520 383 604 Cap.
418 525 474 599 20,
517 524 551 583 5:
592 517 750 603 Oppida
787 520 823 583 vi
858 526 977 602 capte
1015 517 1301 603 Compulteria
1333 555 1378 566 —

219 628 398 712 Compsa,
423 627 515 693 inda
538 623 736 710 Fugifulae
760 634 802 691 et
824 624 1098 718 Orbitanium
1128 648 1174 692 ex
1199 628 1379 694 LuoanIs

218 737 458 802 Blandaeet
492 735 712 819 Apulorum
747 735 846 799 AEoae
889 743 1142 819 oppugnatae.
1205 736 1378 820 Temporis
1472 802 1475 806 ,

169 858 172 866 ’
218 845 385 928 (1161116116
409 844 515 926 (inde
542 843 593 925 F.)
629 845 662 908 in
695 844 757 908 hac
786 843 885 908 celeri
914 845 1162 909 enumeratione
1185 845 1376 927 exiguorum

218 953 449 1038 oppidulorum
476 954 590 1037 inepta
618 959 683 1031 est,
711 953 823 1034 itaque
852 950 944 1016 inde
974 950 1016 1016 ad
1045 952 1154 1016 locum
1175 953 1320 1035 pertinet
1342 959 1379 1018 et

217 1063 260 1127 ad
289 1061 413 1146 oppida
436 1060 631 1125 Samnitium
654 1082 674 1124 a
697 1060 838 1124 Lucanis
868 1060 1067 1144 separanda,
1101 1060 1376 1141 quemadmodum

218 1170 340 1235 dicitur
368 1190 514 1252 capere
538 1190 583 1233 ex
605 1168 797 1233 hostibus
821 1168 859 1247 (l,
883 1172 935 1246 46,
958 1168 1015 1247 III,
1039 1172 1089 1248 68,
1112 1168 1165 1248 IV,
1188 1173 1238 1247 48,
1264 1173 1313 1249 51,
1336 1168 1376 1245 V,

218 1284 269 1358 20,
298 1277 353 1354 Vl,
385 1277 448 1359 14),
478 1298 523 1341 ex
546 1276 804 1354 Tiburtibus,
834 1299 879 1341 ex
903 1276 1066 1341 Volscis
1094 1276 1179 1355 (Vll,
1212 1281 1259 1354 18,
1288 1277 1377 1355 VIII,

219 1387 289 1466 23),
319 1387 427 1469 ipsum
449 1385 541 1450 inde
564 1385 625 1465 IX,
654 1389 704 1462 20,
734 1390 768 1465 93
793 1384 910 1449 deinde
934 1385 999 1450 duo
1022 1392 1098 1450 sunt
1121 1385 1262 1462 ordinae,
1291 1385 1379 1450 alter

219 1494 416 1578 oppidorum
445 1502 630 1578 captorum,
666 1501 930 1577 oppugnatorum
960 1494 1053 1558 alter.
1110 1491 1281 1571 Blanda,
1308 1513 1375 1557 non

217 1601 392 1679 Blandae,
422 1608 455 1667 61
482 1603 572 1684 opud
601 1600 722 1666 Melam
753 1609 786 1667 61
814 1602 903 1685 apud
926 1601 1067 1666 Plinium
1097 1607 1132 1666 et
1154 1600 1243 1685 apud
1266 1599 1377 1665 Ptole·

216 1731 333 1774 maeum
351 1709 555 1794 appellatur,
575 1697 751 1775 61611161.
776 1710 894 1792 ltaque
906 1717 995 1775 totus
1007 1710 1100 1774 loeus
1112 1711 1160 1774 sio
1172 1709 1375 1792 distinguen-

218 1818 278 1882 dus
301 1824 334 1881 61
356 1817 549 1882 scribendus
573 1825 637 1882 est:
661 1818 813 1902 oppida
834 1820 871 1882 vi
895 1824 1015 1900 capta
1037 1816 1317 1902 Compulteria
1333 1851 1378 1862 -

218 1924 389 2008 Compsa
408 1925 509 2004 inde,
528 1926 838 2009 Fugifulae—ex
853 1924 1207 2003 Lucania,Blanda
1223 1924 1375 2009 etApu·

218 2034 346 2098 lorum
366 2034 464 2098 AEoae
489 2042 740 2118 oppugnata.
761 2034 885 2118 (1862.)
914 2033 1174 2114 6961161116
1198 2033 1251 2114 (Ρ)
1274 2033 1312 2096 fit
1335 2033 1374 2095 in

218 2141 533 2226 aliisproaliis.
580 2143 703 2224 (1862.)

304 2251 383 2336 Cap.
420 2255 475 2328 22,
515 2256 534 2313 2
570 2251 693 2316 multos
734 2252 855 2316 abhinc
895 2272 1000 2316 annos
1039 2251 1185 2316 videram
1218 2247 1376 2313 mendose

216 2359 333 2424 scribi:
379 2359 653 2424 servitudinis
698 2359 1045 2443 indignitatisqne
1085 2359 1269 2423 homines
1309 2377 1376 2421 ex·

219 2475 373 2551 pertos,
412 2467 544 2546 iisdem,
583 2488 655 2549 quae
689 2468 993 2533 Weissenbornium
1026 2473 1212 2544 moverunt,
1246 2464 1378 2529 indiciis

217 2583 415 2650 commotus,
449 2575 598 2639 inaudito
636 2576 912 2641 servitudinis
948 2577 1092 2654 nomine,
1127 2597 1227 2660 quum
1256 2580 1377 2657 praesto

217 2689 304 2746 66661
346 2683 598 2747 usitatissimum
639 2686 874 2763 servitutis,
914 2691 948 2748 et
981 2685 1147 2768 participii
1181 2687 1378 2766 expertus

217 2812 291 2854 oum
316 2792 467 2872 genetivo
492 2793 737 2872 coniunctione3
772 2793 993 2875 corrigebam:
1028 2793 1248 2857 servitutis
1277 2810 1377 2856 onus

216 2899 579 2980 indignitatesque
608 2900 639 2964 h.
664 2908 866 2983 expertos,
895 2921 956 2964 neo
977 2908 1088 2964 tamen
1111 2900 1144 2964 id
1169 2899 1377 2983 supplemen-

216 3014 286 3071 tum
309 3008 382 3071 aliis
405 3008 554 3091 praefero.
596 3007 626 3090 [ᾗ
649 3015 669 3072 4
692 3010 725 3072 in
748 3010 798 3087 iis,
822 3030 894 3090 quae
918 3009 1156 3074 Andranodoro
1179 3007 1378 3073 denuntian-

216 3123 285 3179 tur:
321 3122 481 3199 portum
511 3115 658 3181 Insulae
682 3118 860 3200 aperiat,
890 3116 1035 3182 reddat
1058 3116 1301 3201 praesidium,
1323 3114 1377 3177 viu

218 3222 292 3287 lieri
323 3229 449 3307 potest,
489 3232 525 3288 ut
560 3247 625 3289 non
656 3225 864 3290 scribendum
892 3227 935 3291 sit
962 3226 1104 3292 tradat
1132 3225 1380 3308 (aperiatra-

217 3331 316 3413 dat);
339 3353 415 3397 nam
438 3353 543 3414 neque
567 3332 736 3398 reddare
759 3340 809 3398 661
832 3334 982 3399 dedere
1005 3355 1111 3418 neque
1134 3332 1202 3397 ulla
1219 3314 1376 3397 aliared·

216 3440 313 3504 dendi
337 3441 534 3524 significatio
557 3441 588 3505 h.
613 3441 633 3505 l.
657 3463 730 3506 esse
752 3449 873 3525 potest.
912 3440 1017 3524 1872]
1062 3441 1244 3507 Certiorem
1267 3459 1377 3504 emen·

215 3549 384 3613 (lationem
409 3555 554 3613 extremo
579 3550 680 3633 capiti
704 3548 734 3631 (ἕ
756 3550 809 3630 17)
828 3549 952 3627 adfero,
974 3550 1032 3614 ubi
1055 3552 1102 3614 sio
1126 3549 1249 3614 editur:
1271 3547 1376 3631 peri·

216 3657 433 3740 culumque
467 3658 609 3740 ingens
644 3665 794 3736 manet,
829 3659 906 3724 nisi
941 3658 1032 3741 paci
1066 3666 1105 3723 et
1138 3657 1377 3725 concordia>

216 3765 455 3844 consulitis,
483 3787 531 3829 ne
560 3765 698 3830 libera
726 3765 928 3831 efferatur
955 3766 1219 3851 respublica.
1271 3767 1377 3831 Nimis

215 3875 301 3937 enim
330 3875 465 3938 ineerta
494 3880 528 3937 et
558 3881 617 3938 aut
645 3875 771 3956 ignavae
802 3881 860 3938 6111
889 3896 998 3958 pravae
1028 3874 1276 3957 signifieat-ionis
1303 3895 1374 3939 ver·

214 3981 292 4045 bum
328 3987 378 4046 est
413 3981 630 4061 efferatur,
665 3982 753 4065 quod
788 3981 844 4046 alii
882 3982 922 4047 de
951 3984 1105 4049 insolenti
1135 3983 1293 4069 superbia
1321 4003 1375 4047 ao·

216 4090 356 4174 cipiunt,
385 4092 418 4154 in
448 4110 514 4172 qna
543 4091 784 4174 significatione
814 4099 872 4157 aut
901 4092 1067 4157 ablativus
1096 4099 1154 4157 aut
1182 4091 1374 4157 adverbium

214 4198 401 4263 addendum
425 4206 511 4277 erat,
539 4219 600 4263 neo
629 4208 740 4264 tamen
763 4201 845 4265 satis
869 4201 1064 4285 exprimitur
1087 4201 1226 4283 periculi
1248 4200 1374 4283 magni·
