3060 5272
200 322 262 378 Lib.
280 320 380 376 XXVI.
745 307 807 370 390

200 494 331 579 pondo
362 499 514 576 pater‘ae
538 513 683 570 aurea,
711 491 775 556 nisi
798 489 887 573 quod
909 485 962 550 hic
984 478 1155 568 praecedit,
1183 472 1272 557 quod
1293 493 1352 555 ap·

201 602 342 686 ponitur,
367 608 400 666 et
422 601 556 685 pondo
578 606 720 684 utroque
741 599 814 664 loco
836 619 897 680 pro
919 593 1035 659 librae
1058 584 1191 673 pondo
1215 582 1352 661 dicitur3

201 709 383 792 eodemque
405 708 504 773 modo
526 708 616 792 apud
638 708 725 773 Fest.
750 728 777 770 v.
803 705 994 769 trientem
1018 696 1189 763 scribitur:
1217 691 1353 757 Trien-

200 822 277 881 tem
306 816 472 880 tertium
503 814 635 898 pondo
664 834 853 879 coronam
877 828 1039 877 auream
1061 802 1234 869 dedisse.
1285 797 1353 866 Ita-

201 944 264 1006 que
292 925 424 988 minime
450 922 677 1006 imprudenter
705 942 762 987 eos
784 920 901 984 iecisse
923 915 1051 994 iudico,
1084 911 1141 994 qui
1169 914 1246 974 aute
1269 906 1353 971 Gro-

200 1032 343 1109 novium,
361 1051 426 1094 una
437 1030 551 1095 littera
561 1036 700 1108 mutata,
714 1030 926 1112 scripserant:
945 1024 1061 1089 librae
1078 1018 1200 1084 ferme
1219 1037 1353 1084 omues

199 1138 340 1222 pondo.
375 1138 533 1202 Varronis
555 1135 664 1202 locum
685 1143 774 1200 recte
793 1133 986 1218 Spengelius
1005 1128 1198 1207 emendavit,
1222 1126 1352 1193 sublato

201 1252 332 1324 erant,
367 1251 405 1309 ut
439 1266 552 1310 asses
585 1243 720 1309 libras
754 1242 887 1326 pondo
915 1239 1059 1324 pendeat
1086 1262 1106 1305 a
1135 1236 1352 1318 ponebant.

199 1352 296 1436 Apud
326 1352 466 1418 Paulum
494 1351 630 1417 Ursinus
663 1359 751 1416 recte
788 1350 1045 1434 transpositione
1079 1367 1159 1410 usus
1187 1351 1253 1424 est,
1287 1344 1353 1409 nisi

201 1459 289 1543 quod
312 1460 465 1543 singuli
487 1460 621 1526 libras
644 1459 776 1542 pondo
795 1456 999 1523 retinendum
1018 1464 1098 1534 erat,
1122 1476 1186 1520 uon
1204 1454 1352 1523 libram

200 1568 397 1651 ponendum,
421 1589 482 1633 nec
504 1567 692 1632 addendum
714 1574 856 1631 autem.

288 1675 366 1759 Cap.
391 1681 442 1754 51,
470 1680 500 1739 1;
526 1674 666 1758 Scipio
688 1674 851 1739 Laelium
874 1673 1034 1738 -data
1057 1674 1353 1757 quinquereme

201 1785 466 1867 captivisque
495 1782 661 1866 Magone
695 1790 735 1848 et
769 1781 1001 1864 quindecim
1033 1780 1118 1846 lere
1147 1761 1353 1850 senatori-

200 1891 290 1969 bus,
320 1892 387 1975 qui
416 1891 535 1956 simul
564 1912 649 1956 cum
677 1911 722 1955 eo
751 1890 865 1972 capti
893 1898 1028 1968 erant,
1058 1892 1098 1954 in
1120 1910 1258 1959 navem
1280 1896 1352 1959 im-

201 1999 363 2082 positis,
386 2000 573 2064 nuntium
597 1999 779 2063 victoria
801 1999 959 2061 Romam
982 1998 1120 2062 mittit.
1165 1999 1248 2066 Mire
1271 2001 1351 2068 dici:

201 2108 378 2191 captivis
402 2109 533 2190 —qui
562 2107 673 2190 capti
702 2113 834 2183 erant,
864 2104 1149 2171 Weissenbornius
1172 2111 1277 2175 sensit
1310 2112 1353 2194 (si

200 2215 361 2298 captivo
384 2214 552 2297 Magone
574 2215 685 2280 Livius
707 2214 907 2296 scripsisset,
938 2233 1212 2296 supervacaneum
1240 2224 1351 2286 tamen

199 2321 396 2387 vocabulum
418 2323 522 2406 primo
544 2321 626 2401 loco,
655 2322 751 2405 quasi
774 2322 808 2384 in
830 2342 869 2385 eo
892 2320 1022 2403 pondus
1044 2329 1138 2400 esset,
1162 2330 1352 2415 posuisset).

200 2429 351 2508 Accedit,
387 2430 474 2514 quod
503 2430 673 2513 Appianas
708 2429 808 2509 (Iber.
840 2429 894 2509 23)
923 2428 1043 2511 praedse
1071 2438 1199 2513 partem
1226 2445 1272 2501 tut
1299 2450 1354 2504 tar

200 2541 364 2616 εἰλημμένων
397 2547 464 2599 νεὼν
494 2538 631 2603 Romam
664 2538 798 2601 missam
832 2536 955 2602 scribit.
1011 2537 1055 2603 Et
1088 2561 1188 2605 unam
1220 2547 1354 2629 quidem

201 2645 470 2728 quinqueremem
492 2646 573 2708 satis
596 2643 751 2727 Polybius
774 2651 886 2709 tuetur
909 2643 969 2726 (X,
1001 2651 1054 2725 19,
1082 2647 1127 2727 8),
1157 2652 1220 2716 etsi
1242 2652 1355 2722 Liuius

199 2751 285 2816 libro
318 2753 468 2835 proximo
503 2772 529 2816 c.
554 2756 572 2815 7
602 2775 622 2817 a
650 2772 684 2816 se
713 2751 909 2818 dissentiens
938 2753 1073 2819 Laelium
1104 2775 1178 2821 cum
1205 2758 1355 2843 pluribus

201 2859 339 2924 navibus
375 2860 511 2924 Romam
539 2861 666 2924 venisse
696 2860 826 2940 scribit,
856 2861 912 2924 sed
940 2862 1032 2926 illam
1060 2884 1078 2927 e
1106 2866 1213 2947 captis
1241 2866 1354 2950 fuisse,

201 2967 306 3050 ipsam
333 2969 479 3032 victoria
506 2967 660 3046 indicem,
688 2967 838 3050 Appiano
862 2968 1038 3048 credimus,
1067 2970 1220 3055 idemque
1244 2975 1355 3042 Livius

201 3074 302 3153 dicet,
342 3083 469 3140 remoto
510 3075 605 3140 simul
639 3077 798 3141 orationis
832 3078 926 3156 vitio,
967 3079 995 3141 si
1030 3079 1077 3142 sic
1110 3080 1353 3162 scripserimus:

201 3182 298 3247 data
327 3185 620 3267 quinquereme
648 3185 867 3267 ecaptivis
896 3191 1008 3262 atque
1030 3185 1199 3269 Magone
1228 3196 1267 3253 et
1289 3189 1354 3254 XV

200 3289 285 3355 fere
309 3290 585 3371 senatoribus,
614 3292 748 3374 qui-
771 3294 881 3375 capti
904 3301 1029 3370 erant,
1058 3295 1099 3358 iu
1121 3315 1259 3361 navem
1281 3298 1355 3362 im-

201 3399 353 3481 positis
382 3407 443 3465 cet.
499 3399 607 3476 Quum
635 3417 651 3460 e
681 3401 870 3482 praepositio
899 3401 1020 3467 hausta
1048 3407 1134 3466 esset
1163 3401 1205 3467 ob
1234 3425 1356 3487 prace-

201 3504 332 3571 dentem
355 3507 510 3585 litteram,
535 3506 694 3588 scriptum
717 3513 769 3572 est
791 3528 864 3589 que
886 3528 947 3591 pro
970 3515 1104 3593 atque.
1141 3507 1357 3593 Captivam

200 3615 414 3696 pecuniam
434 3614 545 3679 Livius
565 3613 647 3678 dixit
664 3613 688 3691 I,
708 3617 758 3693 53,
779 3617 806 3693 3,
826 3617 1029 3698 captivum
1047 3638 1184 3699 agrum
1201 3616 1243 3697 11,
1260 3622 1313 3697 48,
1326 3622 1355 3699 2,

135 3710 138 3715 ’
201 3740 310 3786 arma
326 3721 396 3800 VM,
424 3727 471 3801 14,
496 3725 526 3798 7,
549 3720 604 3799 IX,
627 3725 678 3800 40,
704 3725 751 3800 15,
775 3723 891 3805 signa
909 3721 979 3801 VII,
998 3726 1048 3801 37,
1071 3727 1118 3802 13,
1136 3726 1298 3807 navigia
1315 3725 1356 3807 X,

200 3832 230 3907 2,
257 3832 304 3909 12,
327 3850 451 3894 naves
475 3829 591 3905 XXVI,
614 3832 666 3905 47,
690 3832 718 3892 3.
