3060 5272
238 358 301 413 Lib.
319 358 366 413 VI.
788 343 848 406 160

239 537 278 597 ut
316 531 407 614 prius
445 529 628 594 membrum
666 529 832 612 passivam
871 528 1011 594 formam
1050 526 1174 592 habeat
1214 525 1262 606 (in
1295 546 1396 592 causa

239 637 455 721 significanda
478 644 511 701 et
534 658 585 714 eo,
614 637 704 719 quod
726 637 823 700 vitari
847 637 1007 720 optimum
1029 637 1134 701 visum
1158 633 1224 716 sii),
1253 634 1396 700 alterum

239 748 380 812 activam
405 745 459 826 (de
483 766 532 824 eo,
557 745 645 828 quod
668 747 776 808 tacere
798 744 903 808 visum
926 743 993 826 sit).
1038 744 1164 809 Trudi
1186 749 1236 809 est
1258 744 1292 808 in
1316 743 1394 809 Lov.

239 861 268 935 4,
293 854 405 919 codice
428 875 493 919 non
515 874 592 917 raro
617 853 699 917 scite
723 852 907 917 emendato.
955 850 1078 933 (1875.)

326 959 403 1045 Cap.
435 964 491 1039 27,
527 965 544 1024 3
580 960 649 1041 (ubi
685 960 725 1024 de
760 960 832 1023 aeris
867 960 967 1025 alieni
1001 962 1130 1024 incerta
1156 959 1245 1024 fama
1272 958 1395 1043 agitur)

239 1092 304 1135 non
333 1076 423 1134 reete
453 1069 567 1134 scribi:
603 1067 927 1150 aggravantibus
963 1089 1151 1132 summam
1186 1067 1307 1131 etiam
1335 1067 1395 1130 in-

152 1191 225 1260 (134)
243 1178 363 1241 vidiae
387 1178 474 1242 eius
496 1176 677 1240 tribunis
700 1176 844 1259 plebis,
868 1196 985 1257 quum
1007 1175 1056 1240 ab
1079 1177 1131 1239 iis
1155 1175 1396 1254 elevaretur,

240 1284 388 1368 quibus
417 1283 499 1348 fide
528 1285 655 1366 magis
685 1305 801 1366 quam
829 1282 997 1349 fortuna
1020 1283 1258 1348 debentium
1280 1282 1396 1349 labo·

239 1414 332 1458 rare
368 1392 568 1456 creditum
597 1391 729 1455 videri
759 1391 1023 1474 expediebat,
1057 1391 1201 1456 Antonio
1223 1390 1395 1456 Perizonio

133 1509 134 1512 ’
240 1507 274 1565 et
296 1500 428 1565 Dukero
453 1500 632 1578 assentior3
655 1520 761 1582 neque
784 1500 869 1563 enim
893 1499 1054 1564 invidiae
1077 1520 1204 1564 summa
1227 1498 1397 1565 coniicitur

240 1614 493 1691 aggravaturve,
527 1607 585 1671 sed
615 1608 687 1671 aeris
717 1607 816 1671 alieni
844 1629 971 1672 summa
999 1629 1072 1672 oum
1095 1607 1218 1672 invidia
1240 1626 1397 1690 aggrava·

240 1716 350 1781 batur.
405 1714 535 1798 Neque,
571 1716 599 1778 si
630 1736 777 1778 summa
804 1715 966 1779 invidiae
990 1715 1148 1794 cohaeret,
1182 1720 1271 1780 recte
1294 1715 1397 1779 inter·

241 1824 377 1906 ponitur
400 1824 532 1886 etiem.
569 1821 930 1905 Scribendumopinor:
955 1823 1278 1905 aggravantibus
1297 1844 1395 1887 sum-

240 1952 337 1994 mam
360 1932 483 1994 etiam
506 1929 745 1992 luvldleslus
765 1929 878 2013 (quam
895 1952 956 2014 pro
974 1932 1021 1995 rei
1039 1927 1191 2011 veritate)
1214 1930 1396 1996 tribunis

241 2038 386 2122 plebis.
447 2038 599 2102 Dukerus
640 2038 847 2102 invidiose
889 2038 989 2102 scribi
1022 2038 1187 2118 voluerat,
1227 2059 1294 2103 non
1327 2043 1397 2103 tam

241 2168 344 2230 prope
375 2146 417 2210 ad
444 2146 575 2211 traditae
605 2147 775 2229 scripturae
804 2147 959 2227 vestigia;
991 2167 1052 2211 nee
1082 2148 1204 2211 etiam
1226 2151 1304 2231 apte
1325 2152 1397 2211 tum

241 2260 430 2338 poneretur.

328 2359 407 2445 Cap.
432 2366 488 2440 29,
524 2368 543 2424 4
578 2361 632 2442 (de
665 2361 878 2426 Praenestinis
909 2383 930 2425 a
957 2360 992 2426 T.
1018 2359 1171 2438 QuinctIo
1202 2358 1396 2427 Cincinnato

241 2469 406 2534 dictatore
437 2469 561 2551 victis):
596 2469 658 2533 Ibi
694 2469 741 2550 (in
770 2475 947 2552 conspectu
975 2469 1185 2534 Praenestinae
1213 2467 1320 2550 urbis)
1350 2490 1398 2533 ex

240 2576 335 2659 fuga
376 2576 570 2660 dissipati
609 2576 756 2654 locum,
801 2597 919 2658 quem
963 2577 1234 2643 tumultuario
1274 2598 1397 2661 opere

242 2686 545 2763 communirent,
574 2686 755 2768 capiunt.
807 2683 911 2748 Video
934 2685 1135 2768 comparari,
1164 2684 1255 2769 quod
1275 2684 1398 2768 legitur

242 2792 327 2871 VIII,
352 2796 402 2870 24,
430 2796 483 2855 10:
519 2792 849 2874 contrahensque
873 2813 967 2857 suos
991 2814 1036 2856 ex
1058 2791 1153 2875 fuga
1175 2793 1339 2876 palatos
1363 2799 1398 2859 et

242 2901 333 2983 quod
346 2898 455 2964 Caesar
472 2899 508 2963 B.
522 2900 559 2965 G.
572 2900 625 2979 VI,
649 2905 689 2964 35
713 2901 860 2983 scripsit:
884 2900 1032 2966 multos
1057 2923 1101 2966 ex
1124 2901 1222 2982 luga
1244 2901 1397 2985 disper·

242 3029 307 3072 sos
344 3009 570 3090 excipiunt3
606 3009 664 3073 sed
697 3014 837 3089 utroque
872 3007 947 3074 loco
982 3009 1151 3091 exsuge
1180 3006 1322 3073 refertur
1353 3009 1397 3074 ad

242 3116 416 3198 colligendi
441 3122 473 3180 et
496 3115 711 3180 contrahendi
735 3117 918 3195 notionem,
948 3138 1019 3199 quae
1042 3118 1077 3181 in
1099 3117 1198 3182 verbo
1221 3117 1398 3200 principali

242 3222 357 3304 (etiam
391 3225 424 3287 in
459 3225 684 3308 excipiunt)
718 3223 863 3307 inest¹);
897 3245 942 3290 ex
976 3225 1072 3308 fuga
1106 3225 1304 3308 dissipari
1337 3225 1397 3291 ho·

240 3332 343 3395 mines
373 3332 436 3395 dici
464 3353 563 3415 posse
586 3353 669 3415 nego
692 3332 756 3396 nisi
779 3332 840 3411 ita,
874 3338 911 3397 ut
938 3339 1015 3418 post
1042 3335 1151 3417 ipsam
1179 3333 1320 3417 primam
1347 3332 1397 3397 f-

241 3460 316 3521 gam
340 3440 469 3522 lougius
494 3438 612 3503 deinde
636 3439 775 3523 dispersi
799 3441 1026 3522 significentur
1050 3439 1101 3523 (ut
1123 3439 1232 3520 XXII,
1262 3445 1317 3520 55,
1347 3438 1398 3522 4);

241 3549 355 3630 itaque
389 3569 576 3631 perversum
610 3553 676 3627 est,
710 3569 766 3612 eos
801 3548 927 3632 aliquid
961 3569 1006 3613 ex
1039 3548 1133 3629 fuga
1166 3549 1397 3632 dissipatos

240 3653 348 3719 facere
373 3658 420 3719 ita
443 3656 522 3734 dici,
550 3659 588 3718 ut
616 3654 649 3718 id
678 3662 755 3739 post
783 3653 895 3738 fugam
923 3677 945 3721 a
967 3655 1197 3737 colligentibus
1229 3677 1302 3721 sese
1329 3654 1398 3721 fac·

240 3770 311 3827 tum
335 3763 552 3845 intellegatur.
600 3762 726 3826 Livium
750 3764 850 3846 igitur
872 3765 926 3828 hic
947 3765 1118 3847 scripsisse
1140 3770 1238 3848 puto:
1267 3762 1329 3829 Ibi
1352 3784 1399 3829 ex

240 3869 335 3954 fuga
368 3870 560 3951 dlsslpata
592 3870 724 3936 locum
750 3872 1002 3955 -capiunt,
1035 3871 1311 3954 quemadmodum
1338 3871 1397 3938 lib.

270 4125 292 4192 ¹)
311 4125 401 4179 Aliter
423 4125 527 4193 XLIII,
558 4127 601 4193 10,
628 4125 785 4185 8dicitur:
818 4128 854 4179 ut
877 4141 958 4180 suos
980 4125 1169 4196 dissipatos
1191 4125 1271 4196 fuga
1293 4125 1396 4182 colli·

310 4216 421 4278 geret,
439 4229 505 4264 nam
523 4210 603 4279 fuga
622 4210 790 4281 dissipari
808 4215 916 4266 rectum
934 4216 984 4266 est
