3008 4756
714 362 776 424 207
1161 342 1164 350 ’
1193 379 1255 433 nio.
1274 379 1320 435 n.

169 569 245 613 non
274 544 435 610 hiscere
464 549 526 610 cet.
576 545 613 609 In
643 546 713 612 solo
736 546 823 612 libro
847 555 961 613 octavo
985 557 1104 631 quater
1127 550 1188 616 hoe
1211 552 1320 618 mendi

170 678 273 741 genus
301 656 343 720 ab
367 653 549 719 editoribus
572 652 705 737 (prater
729 655 984 739 Alschefskium)
1013 665 1072 722 aut
1100 662 1320 725 recentiorum

171 767 319 832 codicum
348 762 614 827 emendatoribus
638 771 822 828 correctum
845 787 918 829 esse
941 766 1070 830 ostendi
1094 768 1127 831 in
1151 769 1320 851 prooemio

170 902 200 962 p.
228 875 312 955 12¹)
366 871 521 936 Extremo
552 871 660 955 capite
689 872 720 955 (ᾗ
746 872 798 954 13)
823 873 932 938 Livius
960 897 1026 939 nou
1050 877 1197 960 scripsit,
1231 878 1319 960 quod

169 988 202 1051 in
225 982 393 1049 codicibus
416 987 480 1045 est:
512 982 672 1064 cepisse
696 982 799 1045 enim
823 1003 890 1047 cos
913 1004 989 1046 non
1013 984 1181 1063 Romam,
1211 986 1320 1052 sicut

170 1100 262 1159 ante
296 1089 454 1169 Gallos,
494 1089 563 1155 sed
596 1089 704 1173 quod
738 1088 865 1154 multo
900 1090 1147 1157 bellicosius
1182 1093 1317 1174 fuerit,

170 1207 387 1270 Romanam
432 1198 624 1261 virtutem
670 1196 965 1281 ferociamque3
1011 1222 1117 1284 neque
1157 1203 1243 1266 enirn
1283 1211 1320 1267 ut

169 1312 411 1377 bellicosum
450 1304 581 1369 laudari
615 1311 726 1388 potest
759 1326 905 1389 capere
941 1309 1154 1373 Romanam
1188 1309 1319 1374 virtu·

169 1428 261 1497 tem,
295 1437 401 1498 neque
436 1414 477 1493 (si
506 1414 578 1494 quis
607 1435 646 1477 eo
678 1415 809 1478 trahere
838 1436 1017 1498 pronomen
1048 1416 1152 1497 quod
1182 1417 1319 1499 mavult)

170 1526 362 1610 comparari,
387 1529 496 1586 utrum
516 1522 619 1585 Roma
642 1543 684 1586 an
703 1520 852 1588 Romana
875 1525 977 1588 virtus
1001 1523 1189 1589 bellicosior
1211 1527 1318 1591 fuerit.

170 1634 402 1702 Gloriosius
431 1652 473 1694 an
496 1629 584 1694 aliud
607 1630 800 1695 vocabulum
824 1631 966 1696 fructum
989 1635 1132 1698 victoria
1156 1643 1213 1698 aut
1236 1634 1319 1699 diffi-

170 1746 327 1810 cultatem
352 1738 538 1821 significans
561 1738 671 1801 Livius
695 1741 851 1821 posuerit,
873 1761 938 1804 non
962 1741 1128 1822 definiol)

255 1850 330 1934 Cap.
354 1854 383 1927 e,
407 1852 442 1910 9:
472 1847 552 1910 Nec
575 1869 595 1910 a
623 1868 679 1911 me
708 1869 810 1912 nnnc
840 1850 1051 1932 quisquam
1075 1853 1319 1933 quaesiverit,

170 1959 265 2044 quid
300 1959 357 2021 ita
391 1955 694 2039 spoponderim,
735 1978 852 2040 quum
882 1956 920 2019 id
949 1979 1019 2022 nec
1049 1960 1232 2026 consulis
1257 1964 1318 2027 ius

170 2075 286 2146 esset,
319 2085 390 2129 nec
415 2064 503 2127 illis
528 2064 728 2147 spondere
751 2086 895 2148 pacem,
925 2088 1007 2147 qum
1031 2069 1104 2131 mei
1129 2092 1203 2133 non
1228 2079 1318 2135 erat

169 2175 350 2252 arbitrii,
390 2193 462 2236 nec
495 2194 564 2255 pro
597 2171 727 2248 vobis,
763 2174 834 2254 qui
865 2174 967 2238 nihil
1002 2176 1318 2257 mandaveratis,

170 2306 339 2371 possem.
396 2281 469 2344 lluo
498 2281 662 2344 contraria
689 2288 765 2345 sunt
795 2281 953 2361 membra,
988 2304 1047 2346 nec
1076 2286 1218 2350 consulis
1248 2288 1318 2352 iure

168 2395 378 2480 sponsionem
411 2389 483 2453 fieri
510 2389 655 2472 potuisse
683 2410 744 2453 nec
771 2412 830 2473 pro
859 2391 981 2474 populo
1010 2392 1138 2476 (populi
1166 2397 1320 2478 nomine),

169 2506 225 2587 qui
254 2502 334 2566 nihil
364 2497 568 2575 mandasset,
602 2518 674 2560 eom
703 2518 815 2581 pacem
846 2499 915 2562 lieri
946 2502 1108 2582 potuisse,
1144 2525 1216 2585 qum
1240 2526 1317 2569 con-

169 2612 250 2676 sulis
272 2611 374 2693 ipsius
398 2606 525 2670 arbitrii
550 2606 668 2670 iurisve
691 2628 755 2669 non
779 2612 877 2671 esset.
922 2607 958 2671 In
982 2609 1131 2674 codicum
1155 2613 1320 2695 scriptura

168 2719 332 2784 sententia
354 2717 511 2779 evertitur
535 2717 774 2796 significarique
799 2716 936 2790 videtur,
958 2718 990 2779 in
1015 2718 1216 2784 Samnitibus
1241 2723 1319 2803 ipsis

168 2827 291 2910 aliquid
328 2824 549 2906 impedimenti
578 2824 677 2886 luisse
707 2824 791 2903 (nec
821 2825 935 2905 illis),
970 2834 1003 2888 et
1026 2827 1109 2890 salso
1133 2832 1226 2910 quasi
1252 2830 1318 2894 dno

168 2944 201 3000 et
223 2933 389 2998 contraria
412 2938 578 3014 ponuntur
600 2952 670 2994 nec
693 2932 779 2994 illis
804 2941 837 2995 et
856 2955 927 2996 nec
946 2957 1017 3010 pro
1037 2958 1052 2997 r
1063 2937 1158 3014 obis,
1184 2961 1255 3021 quse
1276 2941 1317 3003 ad

168 3063 266 3105 unam
286 3063 352 3103 rem
372 3040 538 3122 pertinent
555 3039 641 3118 (nec
665 3039 748 3102 illis
768 3062 836 3122 pro
857 3041 968 3105 vobis
987 3046 1208 3125 spondere).
1244 3049 1319 3113 Tol·

168 3149 300 3213 lendum
324 3155 468 3212 estnec
492 3154 568 3209 ante
591 3167 661 3228 pro
685 3147 807 3220 robis,
836 3149 950 3212 eodem
974 3169 1085 3216 errore
1108 3154 1140 3215 in
1164 3155 1318 3219 membris

170 3255 391 3340 dispesocndis
410 3252 567 3331 additum,
590 3275 655 3334 quo
668 3253 784 3332 XXIX,
802 3260 851 3332 21,
873 3260 911 3317 10
924 3256 1061 3321 alterum
1087 3281 1133 3322 au
1143 3266 1164 3325 t.
1194 3260 1317 3343 (lael.)

168 3364 427 3446 Eodem‘capite
446 3367 527 3426 extr.
547 3360 593 3442 (in
612 3363 761 3426 oratione
781 3361 834 3445 Sp.
855 3363 1024 3444 Postumii,
1043 3389 1076 3431 se
1094 3369 1318 3452 collegamque

169 3481 202 3538 et
230 3473 394 3548 tribunos,
429 3472 485 3553 qui
515 3469 671 3534 Caudinae
706 3472 778 3554 poci
807 3472 1037 3554 interfuerant,
1072 3475 1146 3540 dedi
1175 3478 1318 3542 iubentis

172 3580 388 3660 Samnitibus)
428 3585 516 3643 recte
557 3581 588 3643 in
628 3580 822 3661 ‹pribusdam
863 3582 970 3645 saculi
1007 3583 1078 3648 XVI
1118 3586 1319 3650 editionibus

170 3691 327 3773 scriptum
352 3709 423 3751 esse
448 3694 543 3770 puto:
578 3710 649 3751 nos
678 3689 840 3752 interim
862 3725 904 3733 -
928 3691 1028 3757 vilia
1077 3691 1156 3757 hirc
1180 3696 1318 3777 capita

167 3797 321 3862 luenda
352 3797 559 3879 sponsioni
590 3797 775 3875 seramus,
805 3805 843 3861 ot
872 3807 1012 3864 nostro
1036 3802 1245 3884 supplicio
1270 3803 1318 3866 li·

197 4078 219 4143 ¹)
239 4075 328 4144 [llane
346 4076 546 4139 coniecturam,
561 4081 699 4128 commate
715 4082 780 4129 ante
795 4078 1030 4131 salutantibus
1046 4079 1139 4147 posito
1149 4086 1319 4149 corruptam,

238 4161 478 4214 Weissenbornius
497 4161 550 4214 sibi
568 4159 738 4231 adscripsit]

195 4245 220 4312 ¹)
239 4244 280 4300 De
298 4263 322 4298 c.
341 4249 366 4313 8,
385 4249 397 4299 l
420 4248 448 4300 in
467 4247 613 4316 prooemio
631 4266 656 4316 p,
676 4251 693 4300 9
711 4248 841 4314 breviter,
860 4249 927 4316 quid
946 4250 1088 4318 sentirem,
1109 4250 1272 4319 significavi,
