3060 5272
239 300 303 355 Lib.
321 299 369 354 IV.
789 288 851 349 120

240 493 285 538 ae
308 470 533 554 colloquia)
556 470 627 551 VII,
650 476 702 550 40,
726 475 745 536 2
770 472 983 556 corrigendus
1007 474 1079 537 erit.
1124 471 1213 540 Vera
1235 476 1403 560 scriptura

240 582 275 646 in
298 580 409 645 codIce
430 580 606 645 Loveliano
631 584 649 644 5
673 585 783 646 exstat
805 582 996 646 coniectura
1017 587 1161 664 reperta.

327 687 406 772 Gap.
430 691 485 768 35,
515 692 545 751 6.
596 685 827 770 Obiurgabant
849 688 973 753 tribuni
995 688 1257 769 multitudinem,
1292 693 1401 776 quod

239 831 283 842 —
304 819 383 862 non
410 796 528 861 modo
558 796 607 861 ad
636 817 747 880 spem
775 796 1020 863 consulatus
1042 797 1082 861 in
1104 804 1263 881 partem
1284 821 1400 867 revo-

240 905 410 970 candam
439 904 656 987 adspirare
677 924 755 968 non
778 904 962 984 auderet,
992 903 1130 977 sedne
1153 907 1193 971 in
1215 906 1400 974 tribunis

240 1013 402 1096 quidem
434 1013 611 1079 militum
644 1012 835 1078 creandis
863 1047 907 1058 -
935 1018 1006 1077 aut
1039 1014 1100 1078 sui
1133 1020 1203 1079 aut
1235 1035 1400 1082 suorum

239 1121 504 1186 meminisset.
561 1120 749 1186 Ridiculum
779 1127 831 1185 est
861 1128 895 1186 et
921 1121 992 1185 sine
1022 1141 1121 1186 sensu
1145 1122 1266 1187 dicitnr
1288 1145 1399 1207 spem

239 1249 433 1295 revocare
457 1230 496 1295 in
518 1236 675 1313 partem
697 1236 732 1294 et
753 1229 972 1312 adspirare
991 1228 1039 1293 ad
1058 1230 1225 1313 spemin
1243 1237 1400 1314 partem

154 1360 225 1428 (100)
243 1338 525 1417 revocandsm3
557 1357 635 1401 nam
663 1337 854 1421 adspiratur
875 1337 918 1402 ad
940 1358 1031 1420 spem
1053 1335 1193 1403 alicuius
1215 1339 1265 1404 rei
1286 1361 1401 1406 conse·

240 1446 393 1527 quenda,
433 1467 473 1511 ea
505 1466 557 1511 res
590 1452 664 1510 erat
697 1445 888 1510 consulatus
921 1447 1009 1509 inter
1041 1451 1218 1527 utrumque
1251 1447 1401 1512 ordinem

239 1556 376 1638 partItio
401 1555 468 1619 sive
490 1554 525 1618 in
547 1559 675 1637 partem
697 1554 878 1633 revocati03
908 1552 965 1618 cfr.
989 1553 1043 1631 VI,
1067 1558 1119 1632 40,
1145 1558 1200 1618 18:
1234 1554 1274 1619 in
1296 1576 1400 1621 eom·

239 1685 354 1728 mune
382 1663 560 1727 honores
588 1682 746 1740 vocare,
778 1661 851 1740 VII,
874 1665 925 1740 22,
949 1665 983 1725 9:
1013 1682 1227 1727 censuram
1250 1664 1290 1728 in
1312 1684 1399 1747 par-

239 1775 319 1835 tem
358 1772 505 1836 vocari.
532 1849 535 1855 ¹
575 1769 730 1835 Senserat
769 1771 968 1853 pravitatem
1001 1769 1099 1835 homo
1132 1770 1249 1836 Latine
1282 1792 1401 1855 parum

240 1878 356 1943 doctus
385 1884 420 1944 et
448 1880 505 1961 qui
534 1899 620 1961 saepe
642 1879 786 1962 turpiter
809 1885 912 1957 erret,
947 1877 1004 1943 sed
1027 1898 1125 1942 sensu
1149 1881 1313 1944 communi
1334 1901 1401 1946 non

239 2007 370 2065 carens,
405 1986 595 2064 Douiatius,
630 1986 700 2065 cui,
735 1992 772 2052 ut
794 1987 920 2069 opinor,
954 2007 1021 2051 non
1042 1987 1211 2052 nominato
1234 1987 1399 2054 Weissen-

238 2093 374 2160 bomius
413 2101 488 2178 post
525 2093 830 2159 Drakenborchium
862 2094 1066 2178 respondens
1099 2094 1169 2159 haec
1203 2094 1399 2180 adscripsit:

241 2204 330 2282 „Nur
362 2224 426 2268 von
454 2202 514 2267 der
540 2202 709 2285 Hoffnung
736 2202 859 2267 konnte
888 2222 1081 2269 revocare
1110 2208 1225 2286 gesagt
1252 2204 1394 2284 werden,

239 2312 283 2376 da
305 2311 365 2376 das
388 2309 546 2377 Consulat
567 2311 682 2376 immer
704 2310 789 2375 noch
812 2310 911 2376 allein
934 2311 997 2375 den
1019 2311 1205 2375 PatrIciern
1228 2312 1394 2394 gehhrte.“

239 2418 342 2496 Quasi
375 2441 452 2485 vero
476 2419 681 2502 adspiremus
704 2418 747 2482 ad
770 2439 861 2502 spem
885 2440 1013 2497 eorum,
1048 2439 1121 2501 quse
1150 2420 1217 2483 iam
1245 2420 1327 2500 sint,
1362 2441 1401 2484 ao

237 2548 304 2592 non
328 2529 371 2592 ad
393 2549 520 2608 eorum,
550 2515 622 2611 quae
644 2526 791 2592 nondum
813 2528 888 2592 sint.
939 2527 1072 2609 Itaque,
1100 2528 1226 2610 opinor,
1255 2529 1398 2612 posthac

238 2655 304 2699 non
333 2635 492 2701 dicemus:
526 2636 585 2700 Ich
612 2656 702 2717 vage
731 2635 820 2700 mich
849 2657 888 2699 zu
918 2635 976 2700 der
997 2634 1166 2718 Hoffnung
1189 2658 1228 2700 zu
1251 2636 1397 2702 erheben

239 2743 292 2807 ein
314 2744 391 2807 Amt
412 2764 451 2807 zu
474 2745 635 2823 erhalten,
659 2743 732 2809 sed:
756 2742 808 2807 ich
831 2764 922 2826 vage
944 2743 1032 2807 mich
1056 2765 1128 2807 zum
1151 2742 1311 2809 Erhalten
1335 2744 1395 2810 der

238 2850 404 2934 Hoffnung
443 2852 533 2916 eines
565 2852 680 2916 Amtes
720 2869 760 2915 zu
799 2851 942 2916 erheben
976 2850 1039 2932 (ad
1071 2872 1180 2935 spem
1214 2853 1397 2917 munerIs

238 2959 567 3041 consequendam
584 2959 810 3043 adspirare,
833 2981 901 3024 non
919 2959 967 3024 ad
984 2980 1095 3043 spem
1113 2961 1291 3024 muneris
1309 2980 1398 3025 con-

240 3067 460 3149 sequendi).
515 3067 652 3133 Miseret
679 3088 731 3131 me
759 3068 908 3132 inanium
935 3066 1188 3150 argutiarum.¹)
1239 3067 1398 3151 Apparet,

237 3177 364 3242 Livium
403 3176 588 3259 scripsisse:
634 3176 682 3240 ad
729 3197 838 3259 spem
877 3175 1117 3241 consulatus
1157 3176 1197 3239 in
1237 3182 1398 3259 partem

237 3285 464 3365 revocaudl,
498 3284 714 3366 gerundivum
742 3290 854 3350 autem
882 3305 980 3367 prave
1009 3282 1295 3349 accommodatum
1324 3304 1398 3348 esse

238 3393 281 3458 ad
313 3395 498 3477 proximum
531 3392 770 3458 substantivum
805 3392 993 3476 (partem3
1027 3390 1085 3455 cfr.
1120 3411 1264 3473 prooem.
1293 3413 1324 3475 p.
1357 3396 1396 3456 10

237 3500 310 3584 sq).
366 3503 505 3566 Prorsus
534 3500 649 3566 eodem
678 3500 775 3565 modo
804 3500 860 3565 lib.
884 3499 1039 3578 XXVIII,
1074 3502 1130 3577 33,
1168 3503 1206 3562 16
1234 3498 1395 3563 librarius

266 3730 288 3792 ¹)
308 3725 352 3795 [In
374 3727 459 3780 tertia
485 3724 610 3780 editione
640 3724 684 3778 his
708 3724 808 3779 deletis
832 3727 919 3793 negat
941 3724 1067 3793 potuisse
1090 3725 1147 3778 dici
1170 3724 1396 3779 consulatum

305 3815 338 3867 in
365 3815 498 3882 partem
524 3826 705 3878 revocare,
730 3810 786 3864 nisi
807 3811 888 3879 plebs
906 3817 972 3863 ante
990 3810 1047 3864 iarn
1065 3810 1228 3864 consulatus
1246 3810 1392 3880 particeps

303 3898 409 3953 fuisset.
435 3898 517 3951 Itane
534 3898 622 3950 vero?
642 3893 756 3949 Nihilne
774 3895 861 3948 exiis
879 3894 909 3949 in
926 3895 1291 3950 mentemWeissenbomio
1307 3898 1393 3963 venit,

305 4001 367 4053 quae
394 3984 469 4054 apud
491 3981 664 4037 Schellerum
681 3998 708 4050 p.
726 3982 795 4035 9460
816 3981 911 4050 posita
932 3981 1020 4034 sunt?
1039 3980 1227 4049 Nunquamne
1243 3983 1306 4050 ipse
1323 3998 1393 4035 rem

305 4070 345 4123 ad
376 4070 616 4134 coniecturam,
644 4068 679 4121 in
707 4065 976 4135 dubitationem,
1009 4067 1050 4120 ad
1076 4070 1206 4120 sortem
1223 4082 1394 4121 revocare

304 4155 439 4210 similiave
458 4154 549 4208 dlxit?
568 4153 607 4206 Et
623 4150 762 4206 mirantur
779 4151 910 4205 homines
928 4170 973 4207 me
992 4152 1071 4220 queri
1090 4158 1120 4207 et
1137 4148 1301 4221 indignari]
