3060 5272
785 272 848 333 246

238 455 328 520 tione
352 454 417 519 orti
439 454 670 520 demonstrabo
693 455 726 519 in
749 454 804 519 lib.
828 454 932 536 XXII,
956 459 1004 536 16,
1027 455 1071 537 4.)
1111 453 1252 521 Omnino
1273 460 1395 534 autem,

239 563 296 644 qui
322 568 412 628 recte
443 568 476 628 et
499 564 569 627 sine
593 563 828 646 superstitione
851 564 901 627 uti
925 565 1124 648 optimorum
1147 562 1297 628 codicum
1319 582 1397 627 auc·

238 670 374 735 toritate
407 670 531 749 volent,
569 670 593 733 ii
627 690 647 734 a
682 670 819 752 singulis
852 670 949 749 locis,
989 672 1023 734 in
1056 670 1176 754 quibus
1209 669 1397 750 dubitatur,
1452 678 1457 687 '

238 779 383 843 animum
416 776 539 843 referre
570 778 691 843 debent
718 778 883 843 interdum
911 778 954 843 ad
981 784 1088 844 totam
1116 779 1207 845 illam
1236 777 1397 843 orationis

238 884 394 965 formam,
424 907 496 969 quae
520 887 677 951 continua
699 887 732 949 in
755 886 924 951 codicibus
947 885 1093 968 offertur,
1120 893 1157 952 ut
1178 886 1397 967 meminerint,

154 1012 224 1079 (206)
243 998 401 1076 quantum
425 993 547 1078 ubique
566 993 712 1059 sordium
731 999 764 1059 et
781 994 940 1076 robiginis
958 995 1195 1078 detergendum
1211 995 1265 1059 sit.
1299 992 1398 1059 Velut

239 1102 329 1183 (nam
353 1102 501 1185 exemplo
524 1102 574 1166 uti
596 1101 692 1183 libet)
715 1103 846 1167 initium
868 1102 945 1168 libri
962 1102 1057 1166 XXII
1075 1102 1129 1184 (ne
1147 1103 1221 1185 quis
1239 1102 1396 1168 selectum

240 1210 387 1275 studiose
421 1209 605 1292 exemplum
639 1209 747 1293 putet)
782 1211 815 1274 in
849 1211 964 1275 codice
992 1209 1017 1273 P
1047 1211 1094 1274 sic
1128 1209 1298 1289 scribitur,
1331 1211 1397 1276 nisi

239 1317 328 1401 quod
349 1317 450 1382 verba
474 1338 513 1381 ex
535 1318 691 1381 continua
714 1318 878 1401 scriptura
901 1339 1019 1401 separo
1043 1324 1076 1383 et
1092 1319 1397 1402 interpunctionem

239 1426 340 1490 oddo:
391 1424 472 1489 Iam
512 1446 608 1508 vero
650 1424 963 1509 adpetebatque
1002 1425 1211 1490 Hannibal
1250 1447 1296 1490 ex
1334 1424 1396 1489 hi-

238 1533 378 1597 bernis
413 1533 558 1597 metuit
592 1537 632 1596 et
666 1553 795 1614 nequo
824 1554 869 1598 eo
899 1534 968 1617 qui
995 1534 1072 1597 iam
1102 1539 1196 1598 ante
1224 1538 1396 1599 conatus

239 1639 532 1704 transcendere
555 1639 835 1723 Appenninum
864 1641 1141 1705 intolerandis
1164 1640 1397 1723 frigoribus

240 1754 279 1810 et
307 1768 392 1811 cum
421 1747 581 1829 ingenti
605 1748 793 1830 periculo
817 1754 997 1812 moratus
1021 1769 1064 1812 ac
1086 1754 1200 1813 metu.
1252 1747 1395 1829 Gallis,

240 1876 340 1939 quos
381 1854 521 1938 praedae
559 1854 958 1938 populationumque
993 1857 1253 1920 consciverat
1286 1877 1395 1941 spes,

239 1968 456 2047 postquam
479 1984 550 2046 pro
574 1984 636 2041 eo,
664 1968 708 2027 ut
735 1963 815 2045 ipsi
845 1982 889 2025 ex
918 1962 1058 2027 alieno
1081 1984 1176 2046 agro
1199 1970 1396 2049 raperent

240 2075 527 2154 aegerentque,
568 2091 660 2135 suas
700 2076 835 2135 terras
869 2070 1002 2135 sedem
1035 2070 1138 2135 belli
1173 2092 1262 2137 esse
1295 2094 1397 2157 prae-

239 2180 390 2263 miique
426 2179 645 2261 utriusque
679 2177 812 2261 partis
846 2178 1098 2242 exercituum
1125 2178 1310 2244 hibernis
1337 2180 1396 2244 vi·

240 2286 392 2365 dorent,
420 2290 638 2350 verterunt
659 2290 770 2350 retro
795 2284 1068 2350 Hannibalem
1091 2285 1200 2367 odia3
1221 2308 1283 2352 nec
1305 2287 1398 2370 quio-

240 2416 339 2475 quam
369 2415 408 2456 ex
436 2392 487 2457 his
516 2392 643 2457 mendis
672 2394 705 2457 in
735 2394 868 2476 optimis
899 2393 1079 2458 secundum
1108 2393 1200 2457 illum
1229 2393 1398 2459 codicibus

240 2499 343 2580 (CM),
377 2522 397 2563 a
425 2501 531 2582 prima
564 2499 696 2581 quidem
728 2521 842 2579 manu,
877 2503 1001 2565 vitatur
1034 2507 1153 2585 prator
1187 2506 1396 2584 angerent,

241 2608 331 2690 quod
354 2608 388 2671 in
410 2606 435 2670 P
458 2607 564 2671 altera
586 2628 701 2671 manus
726 2614 921 2688 correxerat,
946 2613 979 2672 et
1001 2608 1163 2692 praemii.
1213 2608 1398 2674 Primorum

239 2713 412 2778 verborum
436 2714 623 2778 emendatio
648 2714 742 2796 (Iam
770 2737 836 2780 ver
859 2716 1100 2799 adpetebat3
1130 2717 1271 2799 itaque
1294 2716 1398 2781 Han-

238 2821 350 2886 nibal
384 2843 429 2886 ex
456 2821 639 2886 hibernis
668 2824 802 2903 movit)
827 2823 928 2888 Vallae
951 2829 984 2887 et
1005 2822 1192 2889 Woelfflino
1216 2822 1393 2905 debetur1)

240 2930 419 3013 (reperitur
452 2930 553 2993 etiam
586 2936 646 2995 aut
679 2936 751 2995 tota
784 2936 842 2995 aut
875 2953 916 2996 ex
949 2938 1045 3014 parte
1073 2932 1107 2995 in
1135 2952 1200 2995 uno
1230 2937 1264 2995 et
1290 2931 1398 2997 altero

241 3037 354 3102 codice
382 3036 486 3101 Vallae
519 3045 651 3102 aet-atem
684 3060 750 3103 non
784 3046 975 3123 superante3
1015 3060 1091 3103 nam
1127 3044 1160 3104 et
1192 3038 1334 3121 Poggius
1364 3043 1398 3104 et

243 3145 431 3210 Leonardus
461 3153 494 3210 et·
517 3144 655 3211 Carolus
678 3146 807 3212 Aretini
830 3169 948 3231 quum
971 3154 1004 3210 et
1026 3148 1149 3211 movit
1170 3147 1397 3226 rest'tuerant‚

242 3260 280 3317 ut
301 3260 476 3337 appareat,
511 3255 598 3319 uude
626 3254 659 3317 hi
688 3255 817 3319 codices
846 3254 1041 3339 pendeant),
1076 3253 1179 3318 Valla
1207 3255 1307 3318 etiam
1330 3274 1398 3318 ne·

242 3362 466 3444 quicquam.
535 3362 643 3427 Galli
689 3370 723 3426 et
763 3362 954 3427 uiderunt
993 3360 1066 3445 (pro
1106 3379 1170 3442 quo
1209 3360 1398 3426 viderent

242 3468 527 3534 Weissenbornius
567 3470 718 3548 retinuit,
757 3492 836 3534 usus
876 3470 1048 3554 exemplis,
1089 3471 1121 3533 in
1156 3467 1275 3552 quibus
1307 3468 1398 3552 plus·

242 3577 523 3661 quamperfoctum
557 3577 753 3641 coniunctivi
786 3577 874 3660 apud
907 3583 1120 3660 postquam
1149 3577 1342 3660 reperitur„
1363 3582 1398 3641 et

241 3686 322 3769 ipsis
353 3684 447 3749 valde
477 3684 599 3765 dubiis)
629 3684 662 3748 in
691 3684 762 3749 cod.
786 3682 810 3747 C
834 3685 940 3748 altera
962 3705 1077 3748 manus
1100 3685 1235 3767 scripsit
1256 3684 1398 3749 transie-

242 3799 384 3877 runtque
407 3793 626 3857 correctiones
649 3792 682 3856 in
706 3797 850 3871 ceteros3
874 3793 1110 3857 conciverat
1132 3797 1165 3857 et
1188 3792 1227 3856 in
1249 3791 1396 3856 Hanni-

241 3901 373 3967 balem
418 3901 539 3984 ignotis
583 3900 804 3965 recentiorum
843 3900 992 3965 codicum
1032 3899 1302 3965 emendatoribus
1341 3899 1397 3964 de·

271 4131 294 4199 ¹)
312 4132 393 4187 Valla
411 4134 563 4203 scripserat
582 4150 682 4201 quum
699 4132 879 4197 Hannibal,
897 4131 1073 4186 Woelfflinus
1091 4132 1211 4199 itaque
1229 4130 1361 4184 restituit.
