3060 5272
219 291 321 349 mur
774 248 816 342 ol

219 465 354 530 fanum
390 471 571 530 mercatu
608 464 818 548 frequenti
850 466 1136 548 negotiatores
1169 466 1372 532 Romanos

220 573 533 658 comprehensos
574 573 839 658 querebatur,
879 573 1021 640 Sabini
1053 595 1148 641 suos
1181 575 1297 659 prius
1331 575 1373 640 in

219 681 350 747 lucum
389 681 624 764 confugisse
663 703 709 747 ac
748 683 877 748 Romae
915 689 1140 748 renteutos.
1207 682 1286 748 Haec
1324 683 1373 748 ita

220 791 345 874 scripta
373 796 464 870 sunt,
497 811 537 856 ac
570 792 599 856 si
631 791 917 874 negotiatores
950 812 1030 857 suos
1057 791 1170 856 Romae
1202 798 1373 858 rententos

221 897 334 964 Sabini
357 900 465 983 questi
488 900 569 980 sint;
601 919 678 964 nam
700 899 734 962 in
756 899 807 964 his
830 900 996 965 contrarie
1018 898 1132 966 relatis
1155 897 1373 982 (Romanos

219 1043 263 1053 -
284 1006 391 1088 suos)
431 1006 673 1072 substantivum
710 1008 882 1092 utriusque
921 1008 1059 1073 membri
1094 1010 1265 1074 commune
1298 1030 1373 1074 esse

219 1115 364 1197 ridetur,
387 1115 446 1182 sed
466 1121 505 1181 ut
526 1115 713 1196 concedam,
738 1137 831 1181 suos
853 1117 1005 1182 universe
1028 1116 1137 1181 cives
1160 1114 1372 1199 (homines)

220 1223 381 1308 intellegi,
409 1245 516 1308 neque
545 1246 603 1290 eur
631 1224 680 1288 illi
708 1224 856 1290 homines
878 1225 912 1289 in
935 1223 1044 1289 lucum
1066 1223 1300 1308 confugisse
1324 1225 1373 1290 di-

220 1338 347 1412 cantur,
369 1340 523 1416 apparet,
550 1353 658 1416 neque
681 1354 741 1397 cur
762 1334 926 1413 retenti,
955 1333 983 1397 si
1005 1333 1070 1416 ipsi
1093 1340 1209 1416 sponte
1232 1354 1272 1400 eo
1295 1354 1374 1399 cou-

219 1442 379 1524 fugerint;
418 1462 494 1505 nam
532 1461 642 1505 rerum
675 1441 865 1524 capitalium
898 1462 974 1506 reos
1008 1440 1122 1521 fuisse,
1155 1462 1239 1524 quos
1273 1462 1375 1525 quum

221 1546 335 1615 Sabini
363 1547 455 1613 reddi
485 1548 527 1612 ad
555 1549 752 1633 supplicium
780 1550 1031 1633 postulaverint,
1066 1571 1132 1615 uon
1155 1549 1272 1614 traditi
1295 1551 1371 1629 sint,

220 1679 261 1722 ne
295 1658 429 1722 minima
457 1655 590 1740 quidem
612 1655 808 1740 significatio
832 1665 893 1722 est.
948 1657 1097 1740 Apparet
1119 1659 1172 1740 agi
1201 1657 1241 1724 de
1270 1660 1373 1724 seruis

221 1764 426 1843 Sabinorum,
454 1765 510 1848 qui
539 1764 582 1829 ad
610 1766 803 1830 servitutem
832 1764 1016 1831 exuendam
1045 1765 1079 1830 in
1101 1765 1228 1850 asylum
1250 1767 1371 1832 Roma·

221 1895 298 1938 num
337 1871 541 1955 confugerint
579 1894 638 1938 uec
678 1873 799 1939 redditi
840 1873 979 1940 dominis
1013 1874 1262 1957 reposcentibus
1297 1876 1373 1954 sint,

221 1980 311 2065 quod
349 1979 504 2064 frequens
538 1983 684 2066 antiquis
717 1981 922 2065 temporibus
954 1982 1042 2048 inter
1074 1983 1198 2048 viciuos
1232 1983 1373 2068 populos

222 2090 349 2154 iniuriae
371 2089 579 2174 querelaeque
602 2103 704 2173 genus
727 2090 804 2169 fuit,
833 2089 1085 2174 significarique,
1110 2090 1253 2157 Sabinos
1274 2092 1373 2158 huius

221 2199 349 2263 iniuriae
382 2198 473 2282 prius
507 2196 602 2263 factae
637 2198 795 2263 ultionem
823 2199 1038 2282 praetexuisse
1067 2221 1134 2264 suae
1161 2200 1195 2263 iu
1223 2201 1374 2283 negotia-

221 2307 350 2374 toribus
385 2307 542 2373 Romanis
576 2306 889 2391 comprehendendis
923 2308 1096 2373 violentiae.
1157 2307 1279 2372 Verum
1312 2309 1373 2374 sui

221 2417 269 2481 sic
302 2415 388 2480 uude
422 2416 507 2480 servi
541 2414 701 2498 appellari
734 2416 769 2480 in
801 2415 865 2481 hoc
900 2416 1061 2481 orationis
1095 2422 1252 2482 contextu
1281 2416 1374 2482 nullo

154 2540 207 2609 (45)
224 2524 323 2591 modo
346 2529 533 2607 potuerunt.
583 2523 700 2608 ltaque
729 2525 857 2607 quoties
887 2524 929 2588 ad
958 2523 1044 2589 hunc
1066 2523 1176 2590 locum
1198 2523 1291 2604 redii,
1322 2545 1376 2589 su·

223 2633 369 2716 spicatus
393 2652 479 2710 sum,
513 2651 611 2695 unam
639 2653 752 2697 vocem
776 2631 817 2697 ob
840 2632 1029 2698 litterarum
1051 2631 1299 2697 similitudinem
1321 2654 1376 2697 ex·

152 2734 155 2739 ’
223 2739 359 2819 cidisse,
387 2738 577 2821 Liviumque
601 2740 789 2822 scripsisse:
819 2740 961 2806 Sabini
990 2762 1084 2806 suos
1108 2760 1238 2803 servos
1260 2742 1376 2825 prius

223 2855 284 2914 cet.
335 2847 363 2912 Α
391 2846 556 2930 prioribus
578 2846 700 2912 litteris
722 2869 793 2912 uos
816 2847 942 2929 (suos)
965 2848 1118 2914 librarius
1142 2848 1310 2915 aberravit
1332 2850 1376 2914 ad
1431 2899 1435 2906 .

223 2956 356 3021 easdem
378 2955 483 3020 altero
506 2956 579 3020 loeo
602 2955 731 3039 positas
755 2956 937 3037 (seruos).

309 3061 407 3148 *Cap
431 3067 480 3142 32,
514 3068 567 3127 ll:
604 3061 777 3140 Quarum
798 3086 943 3145 rerum,
976 3065 1125 3144 litium,
1158 3085 1376 3130 causarum

224 3172 413 3239 condixit
440 3180 557 3255 pater
579 3179 772 3255 patratus
796 3174 937 3258 populi
961 3175 1129 3239 Romani
1153 3171 1376 3251 Quiritium

223 3283 332 3366 patri
368 3286 535 3365 patrato
566 3280 796 3346 Priscorum
825 3283 1062 3348 Latinorum
1087 3317 1145 3362 —,
1179 3302 1278 3364 quas
1311 3303 1376 3347 res

223 3390 327 3471 dari,
362 3387 470 3468 fieri,
506 3389 610 3454 solvi
639 3391 839 3474 oportuit,
872 3426 929 3471 —-,
964 3391 1044 3470 dic,
1079 3389 1178 3474 quid
1211 3390 1376 3455 censes?

224 3498 401 3565 Genetivus
440 3498 556 3576 verbo,
595 3496 683 3581 quod
716 3504 767 3563 est
800 3499 1033 3578 condicere,
1068 3498 1243 3564 adiunctus
1277 3518 1377 3582 quam

223 3607 362 3672 haberet
383 3607 561 3682 rationem,
590 3626 684 3670 nemo
708 3607 875 3689 exposuit,
910 3627 987 3671 uam
1015 3606 1103 3689 quod
1132 3628 1207 3671 eum
1235 3627 1275 3671 ex
1297 3606 1377 3672 iuris

223 3715 449 3781 consultorum
481 3713 515 3777 in
547 3711 698 3777 formulis
733 3715 972 3779 consuetudine
1005 3714 1085 3797 poni
1118 3714 1246 3795 dieunt,
1278 3715 1376 3779 nimis

223 3823 388 3889 infinitum
415 3827 480 3900 est,
514 3840 575 3885 neo
603 3826 740 3885 utuntur
770 3820 813 3885 ad
844 3841 916 3887 eam
945 3821 1215 3888 consuetudinem
1243 3823 1377 3888 demon·

224 3931 393 3997 strandam
425 3930 489 3995 nisi
523 3950 589 3993 uno
624 3927 772 4012 exemplo
807 3950 914 4015 eoque
946 3952 1012 3996 non
1044 3932 1246 4010 certissimo,
1286 3929 1377 4016 quod

225 4039 314 4124 apud
336 4037 525 4104 Ciceronem
547 4038 581 4101 in
603 4036 735 4120 Topicis
758 4036 801 4118 (4,
824 4038 880 4119 22)
902 4039 1036 4123 legitur:
1071 4039 1204 4104 damni
1231 4038 1378 4105 infecti

226 4148 483 4231 promittere,
513 4145 601 4229 apud
629 4146 720 4229 ipsos
748 4146 829 4212 iuris
851 4148 1020 4214 consultos
1043 4153 1233 4215 constanter
1256 4147 1378 4213 dicitur
