3060 5272
217 373 279 427 Lib.
297 371 420 426 XXXIV.
761 360 822 420 508

217 545 378 608 tissimam
411 542 591 607 ostendunt
624 541 696 606 illa:
738 544 826 625 pari
860 564 945 608 eum
978 541 1098 607 laude
1133 541 1271 608 eadem
1303 562 1374 608 una

218 672 293 714 oum
315 650 430 714 ordine
453 649 640 725 verborum,
670 657 707 715 ut
730 650 806 723 dixi,
835 651 964 715 inverso
988 650 1086 733 (quae
1109 649 1307 715 Seleucus
1327 684 1375 695 —

217 759 453 839 reliquerit,
483 792 524 802 -
552 757 692 821 eadem
712 792 756 801 —
778 758 985 840 receperit
1013 755 1277 838 Antiochusl3
1311 777 1372 840 ap·

217 871 313 949 paret
326 866 421 941 enim,
440 865 586 929 relativae
604 866 782 943 sententie,
805 866 838 929 in
857 887 923 947 qua
941 885 1120 947 pronomen
1140 862 1254 948 (quae)
1273 882 1375 945 gene·

216 974 314 1037 ratim
334 979 492 1056 ponatur,
516 994 580 1037 non
593 972 635 1036 ad
647 972 769 1037 urbes
788 973 960 1054 pertineat,
975 972 1265 1038 demonstrativam
1277 969 1374 1036 reddi

217 1079 497 1160 (dicanottoocem),
532 1079 621 1162 quod
654 1086 692 1143 ut
724 1078 795 1143 lieri
824 1086 913 1144 recte
941 1081 1048 1162 possit
1076 1080 1266 1161 servarique
1294 1099 1375 1144 con·

217 1190 434 1253 iunetivorum
458 1187 680 1269 (receperit
703 1186 779 1267 oet.)
803 1207 912 1267 causa,
938 1186 1090 1252 addenda
1107 1193 1156 1251 est
1174 1186 1374 1266 coniunctio,

217 1318 289 1380 quae
324 1294 540 1361 similitudine
573 1295 760 1359 litterarum
794 1295 915 1358 extrita
944 1301 1009 1374 est,
1043 1301 1076 1359 et
1104 1295 1153 1359 ita
1179 1293 1376 1359 scribendus

217 1412 306 1469 totus
328 1404 435 1467 locus:
476 1401 684 1466 Enimvero
708 1401 746 1465 id
770 1402 913 1466 auditu
938 1403 1058 1466 etiam
1081 1402 1217 1467 dicere
1239 1400 1374 1485 indig-

218 1534 305 1575 num
335 1531 423 1574 esse
451 1509 721 1591 Hegesianax,
755 1509 937 1573 Thraeiae
965 1516 1004 1574 et
1033 1508 1279 1575 Chersonesi
1307 1530 1375 1573 ur·

219 1619 340 1682 bibus
365 1618 495 1681 arceri
519 1617 776 1695 Antiochum,
805 1636 923 1695 quun,
955 1638 1041 1698 quae
1065 1616 1262 1682 Seleucus
1283 1636 1375 1699 pro·

218 1746 314 1789 orus
344 1725 444 1802 eius,
477 1723 716 1807 Lysimacho
751 1745 843 1806 rege
877 1724 986 1790 bello
1014 1726 1125 1789 victo
1153 1725 1257 1787 etin
1286 1723 1375 1788 acie

219 1852 336 1921 creso,
371 1852 441 1913 per
475 1854 666 1896 summum
701 1832 820 1896 decus
857 1839 976 1915 parta
1009 1832 1249 1915 reliquerit,
1281 1832 1375 1914 pari

113 1990 118 1998 .
219 1960 303 2002 cum
326 1939 448 2003 laude
472 1920 625 2016 eadem,
659 1938 705 2003 ab
729 1938 957 2003 Thracibus
981 1959 1190 2021 possessa,
1218 1938 1374 2022 partim

220 2047 341 2110 armis
376 2047 582 2130 receperit
611 2045 856 2124 Antiochus,
891 2048 1038 2129 partim
1069 2055 1130 2112 cet.
1186 2046 1267 2112 Post
1295 2045 1374 2110 An-

134 2167 204 2232 (408)
222 2154 403 2218 tiochum
432 2154 554 2218 excidit
583 2174 675 2217 curn.
725 2152 874 2237 Apparet
902 2175 988 2218 nnnc
1018 2156 1132 2234 etiam,
1161 2154 1311 2238 partim
1338 2153 1375 2216 in

219 2263 251 2326 ll
275 2263 397 2326 rect-ius
426 2282 524 2342 quam
547 2262 580 2324 in
605 2262 724 2325 ceteris
748 2263 838 2342 poni;
874 2283 949 2326 nam
977 2262 1044 2326 illis
1069 2258 1307 2345 Lysimacho
1331 2295 1376 2305 —

221 2391 321 2441 causo
345 2369 510 2433 contraria
534 2377 702 2451 ponuntur
724 2369 808 2432 hoec:
843 2370 889 2433 ab
913 2369 1141 2433 Thracibus
1164 2387 1374 2452 possessa,

221 2476 339 2540 deinde
361 2476 496 2559 partitio
519 2475 566 2538 fit.

307 2582 384 2666 Cap.
415 2588 465 2660 62,
501 2587 538 2644 13
570 2583 616 2661 (in
639 2582 824 2664 legatorum
847 2581 1064 2646 Numidarum
1094 2590 1210 2648 contra
1233 2580 1374 2647 Cartha·

221 2692 416 2773 giniensium
451 2689 599 2770 querelas
633 2697 667 2753 et
699 2689 866 2771 postulata
900 2690 1079 2770 orationelt
1118 2689 1254 2773 Neque
1288 2710 1375 2753 eum

222 2797 378 2880 (agrum),
417 2797 464 2860 de
505 2818 580 2878 quo
621 2798 773 2877 agitur,
813 2796 987 2879 probare
1022 2818 1090 2862 eos
1123 2818 1256 2880 posse,
1295 2816 1373 2861 non

221 2905 333 2969 modo
365 2924 536 2985 semper,
572 2924 617 2968 ex
647 2924 722 2986 quo
753 2905 978 2985 coeperint,
1013 2905 1083 2969 sed
1113 2926 1160 2969 ne
1190 2904 1260 2968 diu
1282 2904 1373 2987 qui·

220 3013 306 3081 dem
330 3033 398 3076 eos
423 3011 670 3094 possedisse.
721 3009 818 3074 Nullo
842 3011 983 3077 artificio
1007 3010 1139 3076 delendi
1161 3017 1279 3094 potest,
1308 3010 1374 3075 hoc

221 3120 386 3202 posterius
415 3139 482 3184 eos
512 3141 577 3183 non
605 3119 771 3183 soloeoum
800 3139 870 3182 esse
900 3141 960 3202 pro
990 3140 1047 3199 se;
1082 3119 1273 3202 (probare
1295 3139 1374 3183 non

222 3236 406 3310 possunt,
439 3247 571 3291 -eos
600 3225 870 3309 possedisse)
894 3227 1104 3291 manifestum
1133 3233 1199 3305 est,
1233 3226 1267 3289 id
1295 3246 1372 3307 pro·

220 3355 338 3398 nomen
361 3334 446 3398 male
470 3333 658 3416 suppletum
681 3353 764 3412 esse,
786 3355 887 3416 quum
910 3335 1092 3399 subiectum
1111 3334 1373 3411 desideraretur3

220 3449 332 3504 utrum
361 3441 472 3505 Livius
501 3441 683 3521 scripserit:
717 3441 897 3522 probare
928 3462 996 3505 eos
1025 3463 1144 3524 posse
1167 3476 1210 3485 —
1231 3460 1373 3523 posse-

221 3549 329 3612 disse
359 3569 401 3612 an
431 3547 609 3631 probare
638 3567 704 3611 eos
733 3569 853 3629 posse
883 3567 920 3610 se
947 3583 991 3593 -
1019 3549 1272 3632 possedisse,
1304 3568 1372 3612 non

220 3654 356 3734 defini03
386 3654 489 3738 magis
517 3660 628 3717 tamen
655 3655 688 3718 in
719 3653 804 3719 hanc
832 3662 960 3738 partem
988 3656 1124 3736 inclin0;
1154 3678 1229 3720 nem
1259 3655 1372 3720 omissi

219 3763 422 3847 pronominis
455 3759 599 3825 reflexivi
634 3760 715 3842 (sive
743 3763 925 3845 personalis
951 3762 1103 3828 reflexive
1130 3764 1272 3828 subiecti
1299 3761 1373 3827 loco

219 3870 375 3953 ponendi)
409 3867 559 3951 exempla
593 3868 682 3951 apud
714 3868 898 3952 perlectum
934 3870 1085 3935 infinitivi
1113 3878 1259 3955 tempus,
1294 3877 1373 3953 post

219 3977 408 4041 huiusmodi
425 3978 606 4058 praesertim
623 3976 768 4041 verbum.
789 3978 886 4058 quale
905 3985 956 4042 est
973 3979 1148 4061 probare
1166 3980 1223 4061 (-
1238 3978 1371 4043 facilius

219 4085 305 4148 enim
339 4083 445 4148 fertur
476 4084 627 4148 fecisse
659 4082 766 4149 dixit
795 4091 828 4149 et
857 4086 978 4150 similia
1004 4085 1061 4166 -)
1090 4108 1150 4152 nec
1178 4087 1282 4150 multa
1311 4106 1373 4151 nec
