3060 5272
235 375 297 432 Lib.
315 374 375 430 XL.
779 364 841 425 552

235 558 382 613 tanturn.
412 547 468 613 sed
501 569 574 613 curn
608 549 735 613 lacuna
767 550 923 632 quoniam
955 545 1103 630 pontifex
1128 549 1291 614 maximus
1320 570 1396 615 non

237 666 421 741 capitatur.
471 656 586 741 ltaque
625 658 670 722 sic
711 655 920 721 scribendum
951 656 1096 721 ridetur:
1117 690 1162 703 -
1191 656 1219 721 1²
1226 656 1395 739 laccus,

236 776 386 829 creatu
409 764 500 829 inde
522 765 706 849 pontifex
728 786 823 829 max.
867 763 966 829 Inde
988 766 1054 830 iam
1075 765 1126 828 W.
1148 764 1272 845 (1865.)

321 870 533 957 (10043.οτ
567 872 678 937 Tulit
706 876 744 937 in
773 873 980 957 triumpho
1014 871 1395 953 (0101000110οω

237 1002 276 1046 ex
304 980 479 1064 Hispania)
513 1003 684 1047 ecrronas
718 1003 864 1045 aureas
892 991 1050 1045 eentum
1083 983 1234 1064 viginti
1266 988 1394 1064 quat-

235 1098 338 1155 tuor.
358 1102 557 1173 praeterea
581 1093 669 1154 auri
686 1090 818 1175 pondo
837 1092 1011 1173 triginta
1026 1111 1154 1155 nnnm.
1172 1100 1211 1153 et
1230 1089 1393 1172 signati

236 1196 432 1263 Oscensis
454 1220 650 1263 nummum
679 1208 838 1263 centurn
861 1199 1127 1281 septuaginta
1148 1199 1229 1262 tria
1251 1197 1393 1264 millia

236 1306 446 1371 ducentos.
479 1306 583 1371 Nimis
606 1307 720 1371 leviter
742 1306 1031 1371 Drakenborchius
1052 1307 1208 1370 tractarit
1230 1304 1393 1371 Glareani

238 1414 459 1479 dubitationes
488 1438 526 1479 ex
557 1416 745 1479 iustissimis
774 1416 881 1479 causis
909 1422 1015 1481 ortas,
1049 1436 1132 1497 quas
1162 1415 1263 1478 ceteri
1289 1414 1392 1479 taciti

236 1524 472 1608 preterierant.
506 1523 589 1587 Narn
602 1522 744 1587 Oscense
762 1531 934 1605 argentum
953 1524 1199 1587 commemorari
1216 1521 1306 1606 apud
1328 1542 1391 1586 an·

236 1632 356 1715 tiques.
365 1654 429 1695 non
442 1653 567 1709 aurum,
576 1634 725 1695 convenit
737 1634 749 1691 1
751 1630 897 1709 XXXIV,
910 1635 956 1709 10,
969 1636 1091 1698 10146,
1104 1632 1390 1713 ’1100000100οω

237 1738 295 1803 illa
317 1748 413 1802 aetate
437 1761 587 1803 nummos
610 1760 745 1805 aureos.
775 1742 831 1823 qui
854 1741 964 1804 Romae
992 1761 1122 1822 queque
1146 1740 1214 1802 rari
1235 1747 1306 1802 tum
1330 1758 1390 1802 cn·

237 1846 414 1912 dabantur.
449 1868 488 1911 ex
510 1847 672 1931 Hispania
694 1848 823 1912 adlatos
851 1849 979 1912 narrari
1007 1849 1039 1910 in
1067 1846 1308 1929 triumphorum
1330 1846 1391 1912 de-

236 1953 489 2039 scriptionibus:¹
523 1958 633 2038 itaque
667 1959 765 2021 etiam
807 1956 860 2021 hic
899 1957 1058 2038 argenti
1098 1954 1205 2019 audiri
1239 1952 1391 2019 Draken-

238 2063 394 2129 borchius
416 2063 493 2129 vult.
539 2064 602 2129 Sed
626 2066 682 2149 qui
705 2065 740 2129 id
762 2065 869 2129 audiri
894 2065 1026 2148 potest?
1049 2076 1107 2128 aut
1130 2065 1203 2147 quis
1227 2083 1388 2146 umquam

237 2170 412 2239 Oscense
431 2172 580 2238 absolute
604 2174 695 2251 dixit,
717 2174 899 2257 praesertim
922 2172 1128 2256 praecedente
1146 2173 1216 2236 auri
1234 2171 1388 2236 nomine?

238 2280 362 2345 Deinde
387 2281 591 2347 desideratur
613 2283 743 2347 omnine
765 2282 893 2364 argenti
915 2303 980 2345 non
1000 2282 1121 2363 signati
1144 2281 1275 2359 mentio,
1298 2278 1389 2363 quod

153 2403 224 2472 (170)
242 2410 316 2453 curn
339 2411 419 2453 aure
441 2397 729 2455 commemoratum
751 2390 851 2455 fuisse
874 2396 1019 2473 oportet,
1048 2399 1147 2471 atque
1175 2390 1283 2472 ipsum
1305 2386 1390 2452 illud

240 2497 393 2577 signati
427 2496 567 2561 refertur
600 2500 784 2563 necessario
814 2498 856 2561 ad
889 2497 1129 2581 praecedentem
1163 2496 1291 2579 argenti
1320 2515 1388 2560 non

239 2605 357 2687 signati
381 2626 561 2669 uunrerurn.
596 2606 660 2669 lles
683 2606 858 2688 perspicua
881 2613 936 2669 est
955 2612 988 2670 et
1009 2627 1070 2690 per
1093 2628 1127 2670 se
1145 2612 1179 2669 et
1197 2626 1237 2669 ex
1258 2603 1302 2669 M.
1326 2601 1389 2669 Ca-

238 2713 325 2775 tenis
348 2711 505 2795 triumphi
531 2713 758 2795 Hispaniensis
787 2712 1007 2797 descriptione
1030 2715 1103 2778 libr.
1126 2711 1271 2791 XXXIV,
1294 2716 1344 2792 46,
1367 2716 1388 2776 2

239 2819 415 2902 (argenti
451 2818 597 2885 inlecti
631 2856 682 2890 -,
718 2821 848 2905 bigati
882 2856 933 2901 ·—,
967 2821 1157 2887 Oscensis
1191 2857 1241 2900 —,
1280 2820 1388 2902 auri3

240 2928 359 3009 signati
393 2930 520 3009 argenti
552 2929 692 2994 alterum
715 2950 833 3011 genus,
857 2930 1019 3012 bigotum,
1048 2953 1123 2995 cum
1147 2930 1284 2995 Oscensi
1311 2950 1389 2995 con·

241 3038 386 3119 iungitur
398 3038 498 3102 ctiam
512 3037 656 3117 XXXIV,
671 3044 719 3117 10,
738 3040 781 3119 4).
805 3039 921 3121 ltaque
944 3038 1007 3118 hic,
1025 3039 1065 3104 de
1089 3061 1154 3123 quo
1177 3040 1315 3121 agimus.
1337 3035 1388 3101 lo·

239 3168 296 3211 cus
319 3168 339 3211 a
359 3146 448 3212 Livio
472 3146 514 3210 nd
538 3146 622 3212 hunc
645 3147 784 3212 formam
808 3149 948 3231 scriptus
967 3157 1051 3213 erat:
1076 3154 1277 3231 praetcrea
1300 3144 1389 3210 auri

240 3254 369 3341 pondo
403 3255 582 3339 triginta
612 3277 743 3331 unuin,
778 3255 929 3337 argenti
957 3255 1135 3336 inlectlp,
1165 3262 1202 3320 et
1235 3254 1390 3336 signati

241 3362 434 3429 Oscensis
459 3371 518 3427 cct.
567 3365 706 3429 Lacunoe
741 3365 773 3427 iu
803 3364 865 3429 hac
894 3370 1039 3428 extrema
1066 3369 1161 3447 parte
1189 3369 1223 3426 et
1250 3361 1291 3427 ab
1315 3359 1389 3428 aliis

241 3472 370 3556 aliquot
401 3478 523 3537 notatae
558 3478 634 3537 sunt
663 3476 703 3545 (0.
728 3476 779 3548 46,
803 3478 821 3533 0
851 3478 884 3536 01
908 3476 956 3551 53,
980 3475 998 3534 3
1022 3478 1055 3537 ct
1084 3476 1133 3551 56,
1166 3470 1218 3551 10)
1247 3477 1280 3535 et
1308 3469 1391 3535 mihi

241 3602 308 3645 uria
330 3588 362 3645 01
385 3580 491 3644 ultera
513 3586 673 3662 praeterea
694 3579 842 3645 notanda
865 3581 936 3644 erit.

327 3690 405 3771 (lup.
430 3692 480 3761 10,
506 3692 539 3750 :'›:
565 3686 619 3751 Ob
643 3709 687 3753 ea
710 3687 887 3772 (prodigia)
911 3688 1128 3753 decemviri
1150 3687 1253 3751 iussi
1275 3684 1390 3750 adire

240 3797 373 3862 libros
397 3794 576 3873 edidere,
600 3796 748 3881 quibus
772 3796 848 3862 diis
872 3802 911 3861 et
933 3802 1030 3879 quot
1052 3796 1205 3861 hostiis
1234 3792 1391 3859 sacrifi-

241 3912 422 3982 caretur,
458 3914 496 3969 ct
531 3905 579 3969 ob
613 3903 851 3970 fulminibus
887 3904 1102 3989 complura
1129 3903 1221 3969 loca
1254 3900 1392 3968 defor-

241 4022 347 4079 mutu
369 4013 416 4079 ad
440 4012 560 4077 udum
584 4012 690 4077 Iovis
713 4021 756 4077 ut
778 4013 1033 4098 supplicatio
1063 4013 1168 4077 diem
1191 4033 1309 4076 unum
1332 4031 1390 4075 es·

242 4130 311 4186 set.
358 4122 562 4206 snpplicatio
596 4119 667 4197 illu,
700 4127 738 4186 ut
766 4144 804 4186 ex
833 4122 1005 4206 permultis
1028 4121 1111 4185 Livii
1140 4120 1220 4184 locis
1244 4119 1392 4203 intellegi

240 4236 360 4313 potest,
384 4252 449 4295 rum
472 4230 515 4294 ad
537 4230 611 4295 loca
626 4228 760 4294 fulmine
778 4236 867 4294 tacta
884 4229 1079 4313 (prasertim
1097 4228 1235 4294 aliorum
1254 4227 1392 4293 deorum
