3060 5272
228 342 291 395 Lib.
322 339 476 394 XXXVIII.
784 328 845 388 540

239 518 288 577 233.
312 518 341 589 9,
365 511 511 589 XXXIX,
536 516 584 591 35,
609 516 627 574 7
651 519 684 575 et
706 514 758 583 49,
784 515 797 571 l
825 515 944 595 prreter
967 530 1020 587 ee,
1052 528 1125 590 quee
1146 527 1246 590 supra
1267 508 1396 588 notavi,

240 620 356 699 XXXI,
390 624 419 697 9,
455 624 483 694 7,
518 618 663 691 XXXIV,
694 622 721 693 6,
754 622 802 681 10.
849 615 999 697 [Lacuna
1032 636 1071 680 eo
1104 614 1311 680 manifestior
1344 614 1396 691 fit,

242 727 328 809 quod
352 746 448 790 voces
472 746 555 790 cum
579 732 612 790 et
635 726 855 789 AEtoloruru
879 724 968 789 solus
994 722 1028 787 M
1044 723 1194 787 servavit.
1228 722 1316 787 Mira
1338 742 1398 787 ex·

235 836 359 917 cogitat
383 834 422 897 W
425 831 696 913 cissenboruius]

319 940 398 1024 Cap.
423 946 452 1017 2,
481 944 519 1003 10
543 939 597 1019 (dc
620 939 857 1004 Macedonibus
880 939 1079 1003 Athamania
1097 936 1273 1018 expulsio:
1297 942 1392 1002 tan·

233 1056 398 1132 tumque
421 1047 624 1111 tumultus
648 1047 936 1112 Macedonibus
954 1052 1015 1110 eet
1032 1046 1245 1121 iniectum,
1267 1050 1312 1109 ut
1333 1043 1394 1109 fu-

233 1176 287 1238 grc
310 1157 435 1237 inagis
459 1154 600 1218 effusae
621 1176 734 1237 quem
752 1156 918 1218 itineris
937 1153 1123 1217 ordinati
1142 1152 1272 1229 modo,
1295 1152 1393 1217 mul-

234 1264 290 1327 tis
314 1264 435 1327 anuis
454 1262 634 1345 virisque
652 1262 830 1340 relictis,
854 1262 1005 1325 flumen
1026 1259 1285 1324 traiecerint
1317 1258 1395 1323 Hic

235 1370 336 1434 sinis
359 1369 555 1450 sequendi
577 1370 665 1433 fuit.
704 1370 862 1433 Fluminis
886 1368 983 1432 huius
1007 1367 1098 1432 nulle
1114 1369 1148 1431 iu
1165 1366 1396 1449 superioribus

236 1478 434 1551 significatio
458 1485 525 1555 cst;
549 1479 575 1540 si
588 1479 717 1540 'nomeu
741 1478 811 1557 ipse
829 1476 938 1539 Livius
956 1476 1131 1549 omisisset,
1150 1474 1267 1539 saltem
1284 1474 1395 1556 ignoti

237 1592 270 1647 et
294 1584 425 1648 obscuri
459 1584 600 1647 nominis
634 1582 907 1664 significationem
937 1582 1122 1647 addidisset
1149 1580 1392 1666 (quoddam).

239 1690 369 1754 Excidit
414 1692 514 1771 igitur
553 1690 681 1755 librarii
726 1712 837 1754 errore
871 1712 991 1755 nornen
1025 1690 1149 1754 fluvioli
1182 1690 1321 1754 alicuius
1351 1710 1394 1753 ex

237 1805 349 1861 moute
374 1798 525 1861 Cercetio
554 1799 587 1861 iu
610 1798 752 1861 Peneum
781 1797 974 1863 delabentis.
1020 1797 1100 1881 [Sed
1129 1806 1240 1862 tamen
1272 1794 1394 1875 XXIII,

240 1910 289 1981 24,
315 1909 353 1968 10
383 1904 497 1969 eodem
531 1906 628 1969 modo
658 1905 800 1969 fluminis
835 1915 932 1970 autea
966 1928 1029 1969 uou
1065 1904 1238 1987 significati
1265 1904 1392 1969 mentio

239 2013 308 2077 siue
332 2013 462 2076 nomine
486 2012 664 2093 obiicitur]

325 2119 402 2202 Cap.
428 2126 456 2198 6,
481 2127 500 2183 4
525 2121 579 2197 (de
602 2120 721 2185 AEtolis
744 2121 933 2199 Ambracia,
966 2142 1064 2203 quam
1092 2121 1230 2184 Romani
1264 2119 1395 2184 obside·

238 2227 328 2306 bont,
352 2229 632 2310 e1·u1upeutibus):
658 2228 740 2292 Uno
770 2231 806 2293 in
831 2229 920 2293 loco
948 2229 1059 2294 ferro
1090 2229 1256 2310 ignique
1278 2233 1396 2307 gesta

240 2357 302 2399 res
333 2334 424 2417 [est]
457 2336 534 2414 (est
556 2338 589 2400 iu
612 2337 638 2399 B
669 2336 992 2419 Drakenborchiique
1027 2336 1120 2399 codd.
1145 2334 1338 2416 omittitur);
1372 2356 1394 2399 a

177 2448 188 2459 ⁶
238 2442 394 2506 duobus
412 2444 535 2507 irrito
554 2445 727 2525 incepto,
752 2466 865 2525 quum
886 2444 1263 2524 tentasseutmagis
1281 2462 1399 2524 quam

238 2550 419 2613 inissent
442 2557 660 2627 certamen,
679 2550 800 2614 AEtoli
824 2551 1132 2630 abscesserunt3
1156 2558 1272 2615 atrox
1306 2570 1398 2633 pug-

239 2677 288 2719 ue
311 2657 349 2718 iu
372 2677 490 2719 uuum
513 2658 791 2721 inclinaverat
813 2657 951 2722 locuni.
987 2658 1048 2722 Ibi
1078 2666 1139 2722 cet.
1181 2658 1398 2741 Perspicuum

241 2772 300 2833 est,
325 2763 514 2843 tautologiae
537 2765 790 2847 reprehensione
813 2786 878 2829 nou
902 2786 1014 2830 carere
1039 2766 1111 2830 ille:
1141 2788 1217 2830 uuo
1240 2766 1281 2829 iu
1304 2765 1393 2829 loco

241 2895 298 2947 -;
328 2878 446 2934 atrox
481 2893 614 2954 pugna
647 2874 685 2936 iu
717 2895 832 2937 uuuui
862 2873 954 2937 incl.
979 2875 1125 2951 locum,
1149 2894 1209 2937 uec
1243 2878 1321 2956 apte
1351 2873 1400 2937 sic

243 2978 316 3055 dici,
341 3002 416 3043 uuo
439 2982 480 3043 iu
504 2979 590 3044 loco
614 2980 721 3045 ferro
745 2981 993 3065 igniquerein
1014 2988 1150 3064 gestam,
1169 2982 1263 3063 quasi
1281 2981 1400 3045 ceteris

243 3084 325 3150 locis
348 3087 422 3151 aliis
445 3087 519 3152 telis
536 3094 630 3170 gesta
648 3091 699 3153 sit.
735 3088 952 3153 Vehementer
975 3090 1075 3171 igitur
1093 3090 1236 3153 animum
1256 3107 1399 3152 commo·

240 3203 308 3264 vet.
333 3196 421 3276 quod
450 3218 470 3260 a
499 3196 526 3260 B
550 3197 670 3261 absunt
695 3198 798 3278 (nullo
829 3199 938 3279 spatio
968 3196 1096 3277 relicto)
1126 3197 1227 3261 rerba
1249 3215 1326 3259 uno
1358 3195 1399 3259 in

240 3302 328 3368 loco
369 3303 423 3385 (de
454 3304 487 3368 M
528 3303 608 3369 nihil
637 3308 796 3386 notatur).
843 3305 946 3370 Multo
980 3306 1067 3368 enim
1099 3305 1222 3368 rectius
1257 3303 1400 3385 primum

154 3406 231 3476 (438)
249 3412 415 3477 indicatur
439 3434 553 3496 pugnae
575 3434 678 3495 geuus
702 3414 804 3497 (quod
821 3420 896 3478 aute
911 3413 1021 3476 Livius
1040 3412 1176 3476 uberius
1194 3408 1420 3493 descripsitM,

242 3518 267 3582 F
275 3540 364 3584 erro
388 3521 554 3602 ignique
578 3530 799 3601 gestares,
824 3520 941 3585 deiude
959 3519 1034 3584 loca
1051 3526 1085 3583 et
1102 3527 1238 3583 eventus
1251 3516 1404 3581 dividun-

242 3634 311 3691 tur:
336 3647 357 3690 a
380 3627 539 3691 duobus
563 3628 684 3693 irrito
703 3630 869 3712 incepto
890 3628 1253 3704 -abscesserunt3
1283 3632 1403 3689 atrox

244 3757 374 3817 pugna
397 3737 438 3799 iu
461 3756 576 3798 siurim
600 3743 660 3800 cet.
706 3736 815 3801 Unum
838 3736 1013 3801 molestum
1035 3742 1094 3807 est,
1119 3732 1208 3816 quod
1231 3733 1264 3795 in
1288 3731 1360 3797 illo:
1384 3753 1405 3796 a
1429 3716 1435 3721 ’

245 3844 402 3909 duobus
426 3863 490 3905 non
513 3841 608 3906 facile
633 3864 672 3907 ex
695 3843 920 3927 superioribus
943 3844 1077 3907 auditur
1099 3843 1221 3917 locis,
1245 3840 1403 3923 quoniam

245 3950 407 4034 posthoc
432 3949 623 4013 vocabulum
649 3952 743 4015 init-io
774 3952 892 4033 cepitis
930 3952 1074 4034 positum
1105 3950 1269 4029 (Tribus
1300 3948 1403 4012 locis

246 4062 323 4141 cet.)
348 4058 452 4124 multe
474 4059 649 4122 interiecta
662 4066 747 4133 suut,
770 4080 830 4123 uec
852 4065 941 4123 recte
960 4060 1043 4122 sumi
1063 4079 1100 4121 ex
1121 4079 1158 4122 eo
1177 4062 1296 4140 potest,
1314 4054 1403 4139 quod

247 4170 397 4250 sequitur
422 4167 476 4247 (iu
510 4186 626 4229 unum
649 4167 810 4248 locum),
834 4165 908 4249 [noc
941 4168 988 4230 ab
1012 4166 1116 4230 locis
1146 4165 1304 4230 duobus
1326 4162 1404 4227 abs·
