3060 5272
233 356 298 411 nib.
316 355 430 411 XXXII.
782 346 844 405 474

235 528 337 592 etiam
354 532 421 591 tres
439 525 551 591 lacobi
570 526 740 607 Gronosii)
759 534 922 608 vocant;
939 527 1243 612 Thessaliaeque
1260 535 1392 594 trans·

237 635 352 699 eunti
381 634 625 714 confragosa
653 633 743 698 loca
767 633 1086 719 implicataeque
1110 635 1289 701 flexibus
1310 634 1391 701 val-

236 741 332 806 lium
355 741 456 820 vias,
488 740 556 805 ubi
580 748 743 805 ventum
766 742 814 805 ad
836 741 938 806 hanc
960 742 1097 807 urbem
1120 749 1189 820 est,
1218 749 1392 826 repente

235 847 345 939 velut
368 849 487 912 maris
511 849 627 929 vasti,
656 850 713 914 sic
736 850 930 913 universa
953 849 993 929 (B
1019 856 1052 914 et
1074 850 1237 934 plerique3
1261 849 1303 913 al.
1324 849 1391 913 im·

236 955 385 1038 mensa)
420 955 617 1038 panditur
657 955 870 1039 planities,
911 963 953 1021 ut
985 956 1195 1023 subiectos
1229 977 1391 1041 campos

237 1063 456 1126 terminare
487 1062 617 1127 oculis
645 1063 749 1127 haud
779 1063 901 1127 facile
925 1085 1060 1146 queas.
1112 1065 1228 1148 Agitur
1251 1063 1291 1128 de
1314 1085 1389 1147 spe-

236 1171 299 1248 eie,
333 1191 405 1252 qua
433 1190 453 1233 a
481 1169 615 1234 meridie
649 1191 708 1252 per
740 1177 930 1234 montanam
964 1172 1129 1254 regionem
1159 1172 1303 1235 venienti
1331 1171 1390 1236 ob·

236 1277 346 1340 iicitur
374 1277 417 1340 ad
446 1276 653 1341 Thaumacos
681 1278 848 1360 aperiente
878 1300 912 1342 se
941 1279 1077 1361 planitie
1101 1278 1292 1358 Thessalioe3
1326 1279 1390 1342 ita·

236 1404 300 1467 que
323 1383 545 1448 Thessaliae
574 1405 692 1448 nomen
716 1383 841 1468 (inepto
872 1387 971 1449 etiam
999 1385 1070 1450 loco
1099 1387 1260 1468 positum,
1294 1386 1390 1467 quasi

237 1511 310 1553 crim
341 1490 482 1573 pondere
507 1491 562 1554 alii
586 1493 708 1573 regioni
734 1493 900 1556 contraria
923 1491 992 1557 haec
1015 1494 1170 1575 ponatur)
1194 1513 1291 1576 prave
1315 1514 1391 1557 cum

237 1596 440 1679 confragosis
473 1598 553 1661 locis
589 1599 814 1679 coniungitur,
850 1620 922 1682 quae
955 1601 1042 1664 inter·
1075 1602 1181 1664 sinum
1210 1599 1388 1664 Maliacum

157 1753 160 1759 .
237 1702 506 1786 Thaumacosque
529 1713 611 1781 sunt,
635 1712 799 1785 tamquam
823 1707 864 1769 iis
888 1708 1019 1789 proprie
1037 1706 1206 1771 Thessalia
1223 1708 1390 1772 continea-

235 1818 298 1875 tur.
349 1810 391 1874 Ni
413 1810 519 1889 fallor,
543 1813 576 1875 in
599 1812 903 1895 Thessaliaque
926 1813 1008 1877 latet
1031 1813 1221 1892 Thessall;
1249 1814 1390 1893 ltaque,

236 1926 274 1982 ut
302 1919 348 1982 sic
379 1919 485 1983 oratio
515 1921 739 1983 continuetur:
770 1956 812 1963 —
840 1928 985 1984 vocant
1008 1920 1213 2000 Thessali;
1247 1921 1389 2003 itaque

237 2028 469 2090 transeunti
494 2027 739 2107 confragosa
764 2027 862 2104 loca,
880 2063 923 2071 -
940 2027 1007 2090 ubi
1030 2034 1192 2091 ventum
1215 2027 1264 2092 ad
1287 2028 1389 2091 hanc

237 2133 372 2196 urbem
409 2142 482 2211 est,
518 2142 682 2217 repente
713 2171 755 2178 —
783 2134 977 2216 panditur
1005 2135 1217 2217 planities.
1267 2132 1387 2199 Utrum

237 2238 348 2303 Livius
384 2241 567 2324 scripserit,
609 2262 672 2322 quo
702 2242 727 2304 B
757 2241 876 2305 ducere
910 2242 1053 2305 videtur:
1088 2262 1202 2323 quam
1237 2239 1390 2305 Coelen

238 2354 379 2412 vocant
412 2347 601 2413 Thessali
637 2349 686 2429 (ut
722 2350 801 2431 ipsae
836 2347 947 2413 fauces
982 2348 1157 2431 appellatae
1185 2355 1344 2430 putentur
1375 2355 1389 2424 ἦ

240 2454 355 2533 Κοίλη),
389 2474 444 2532 an,
479 2452 553 2536 quo'
571 2457 671 2519 ceteri
703 2453 778 2534 (etsi
809 2455 920 2518 obstat
950 2453 1100 2534 Coelel:
1142 2476 1239 2536 quas
1268 2453 1392 2519 Coela

240 2567 383 2623 vocant
406 2561 601 2639 Thessali,
625 2584 689 2626 non
714 2561 877 2641 ‹lefinio.¹)
915 2561 1062 2644 [Rectius
1086 2562 1229 2626 videtur:
1253 2597 1296 2606 ψ
1318 2562 1390 2626 siti

240 2674 334 2730 sunt
363 2669 401 2731 in
432 2669 532 2750 ipsis
560 2668 762 2733 faucibus.
797 2670 1067 2748 imminentes,
1096 2690 1212 2751 quam
1241 2668 1389 2735 Coelen

239 2782 395 2851 vocant,
418 2774 654 2853 Thessaliae,
678 2782 801 2857 at-que
826 2778 1055 2840 transeunti
1079 2783 1140 2840 cet.
1174 2774 1390 2840 NamCocle

239 2881 453 2945 Thessalia
485 2890 532 2945 est
564 2884 637 2965 ipsa
658 2883 766 2963 media
791 2882 960 2947 Thessalia
983 2883 1149 2949 montibus
1173 2883 1295 2959 cincta,
1324 2905 1391 2946 non

239 2987 360 3067 iancea,
384 3010 441 3070 per
464 3010 544 3072 qum
568 3014 584 3051 a
611 2990 697 3073 Pylis
719 2991 863 3054 Lamiam
886 2992 964 3068 itur3
995 2991 1024 3054 ei
1047 2990 1261 3054 imminebant
1282 2988 1391 3053 Thau·

239 3099 332 3163 maci.
376 3095 482 3178 1863]

326 3202 403 3287 Cap.
429 3212 464 3282 ἵ),
495 3212 512 3263 ti
537 3214 570 3268 et
593 3210 611 3267 7
637 3205 690 3286 (do
714 3205 863 3288 Philippo
887 3226 979 3286 rege,
1010 3206 1173 3267 sociorum
1196 3210 1230 3268 ot
1251 3203 1390 3287 popula·

152 3335 224 3403 (379)
243 3315 325 3377 risun
360 3313 484 3376 arrianos
519 3312 582 3376 sibi
617 3312 791 3377 conciliare
828 3311 1010 3392 studentc):
1046 3311 1093 3374 Et
1128 3331 1213 3374 cum
1236 3309 1390 3409 Achaeis

269 3585 294 3647 ¹)
313 3584 345 3636 In
368 3582 585 3635 Weissenbornii
609 3583 749 3650 scriptura
774 3583 858 3635 verba
881 3599 952 3649 quae
977 3582 1068 3645 loca,
1095 3597 1132 3633 ne
1155 3578 1222 3647 quid
1245 3578 1337 3631 dicam
1356 3577 1391 3631 de

308 3669 380 3721 miro
414 3667 514 3720 ordine
546 3666 630 3733 (quoe
663 3668 859 3720 transeunti
891 3665 1103 3733 confragosa
1133 3663 1234 3729 loca),
1263 3662 1391 3731 expediri

308 3758 462 3820 nequeunt3
491 3767 579 3818 neque
604 3751 676 3804 enim
701 3750 793 3804 lauces
818 3752 863 3817 (ea
886 3750 958 3817 loca)
983 3756 1047 3803 ante
1070 3748 1229 3803 transibant
1253 3764 1337 3815 quam
1355 3747 1392 3801 ad

309 3837 406 3890 urbem
424 3835 559 3889 venirent.
601 3835 667 3905 Cap.
688 3839 710 3897 1,
735 3838 751 3888 6
769 3853 821 3903 pro
839 3852 941 3904 proro
948 3841 1028 3904 gato
1047 3833 1195 3903 imperio
1213 3831 1390 3901 probabilius

308 3921 465 3976 Gronovius
496 3926 683 3989 prorogata
714 3921 858 3988 imperia
889 3920 1111 3988 (praetoribus
1142 3917 1272 3987 prioris
1300 3917 1390 3971 annii

309 4007 421 4075 scripsit
451 4022 533 4074 quam
556 4005 695 4058 Drakenb.
719 4011 944 4074 prorogatum
972 4005 1160 4073 imperium.
1210 4001 1316 4055 Plursli
1338 4020 1390 4055 nu·

308 4108 384 4144 mero
402 4092 432 4145 in
450 4089 502 4144 hac
521 4090 655 4158 loquendi
672 4088 761 4143 forma
779 4091 867 4144 utitur
884 4090 982 4144 Livius
1000 4089 1105 4153 XXIV,
1127 4090 1175 4153 44,
1199 4089 1230 4153 4,
1257 4084 1390 4152 XXVIII,

306 4178 350 4239 45,
374 4177 412 4239 10,
431 4175 517 4241 XXX,
537 4177 580 4242 2⁷,
600 4176 623 4228 9.
