3060 5272
215 349 277 405 Lib.
296 348 394 402 XXIV.
764 336 825 396 344

215 529 297 586 tum
326 521 376 598 P„
406 518 495 601 quod
524 519 649 584 nullam
677 521 922 585 excusationem
951 521 1130 605 recipit).¹)
1189 522 1219 605 (ἓ
1249 528 1267 587 5
1297 531 1374 608 post

215 636 382 694 ruerent
404 628 527 692 excidit
549 633 597 693 et.
645 628 752 709 1862.)

129 752 202 820 (281)
308 736 386 819 Cap.
417 740 472 814 42,
507 741 525 799 3
554 736 744 819 (postquam
773 736 813 800 de
841 736 968 820 proelio
997 737 1039 802 ad
1068 736 1223 803 Mundam
1253 747 1287 803 et
1314 738 1371 802 Cn.

215 846 377 929 Scipionis
411 844 543 908 vulnere
579 843 704 908 dictum
734 843 813 925 est):
849 844 1035 909 Ceterum
1069 845 1175 911 haud
1210 847 1370 911 dubium

215 952 309 1032 luit,
345 952 456 1036 quin,
489 953 569 1016 nisi
600 973 645 1016 ea
674 973 784 1017 mora
813 954 1124 1034 intervenisset,
1159 960 1298 1019 castra
1326 975 1371 1019 eo

215 1062 279 1126 die
323 1060 480 1124 Punica
529 1061 619 1144 capi
669 1063 890 1142 potuerint.
946 1060 1048 1143 ¹lam
1094 1084 1170 1126 non
1215 1061 1373 1126 milites

216 1170 360 1248 solum,
391 1167 459 1232 sed
489 1168 705 1251 elephanti
734 1170 858 1233 etiam
887 1191 1013 1251 usque
1044 1169 1093 1233 ad
1116 1169 1266 1234 vallum
1289 1171 1371 1234 acti

215 1284 346 1356 erant,
375 1297 578 1359 superque
607 1278 739 1360 ipsum
768 1276 841 1357 (PM
871 1276 963 1340 Cant.
988 1277 1270 1360 superqipsas)
1301 1299 1371 1341 no-

214 1408 297 1451 vem
334 1393 373 1449 et
406 1385 585 1466 triginta
619 1383 829 1468 elephanti
859 1384 956 1468 pilis
985 1385 1149 1449 confixi.
1204 1384 1370 1449 Particula

214 1496 293 1563 iarn
329 1493 514 1574 significare
546 1491 673 1557 videtur
701 1494 947 1558 conversionem
976 1493 1118 1575 aliquam
1148 1513 1256 1557 rerum
1285 1514 1372 1556 com·

214 1607 432 1666 memoratum
465 1601 521 1679 iri3
557 1600 614 1664 sed
648 1601 797 1682 sequitur
826 1602 1006 1685 superioris
1029 1601 1141 1665 iudicii
1165 1585 1371 1665 confirmat-io

214 1732 281 1775 una
309 1709 371 1774 hac
401 1709 567 1773 sententia
596 1706 847 1791 comprehensa3
881 1710 994 1792 itaque
1018 1709 1240 1774 scribendum:
1275 1709 1372 1773 Nam

214 1839 290 1882 non
325 1824 387 1881 cet.
450 1815 591 1892 Deinde,
626 1817 753 1881 etiamsi
788 1817 916 1881 codices
951 1819 1189 1896 consentirent,
1223 1816 1371 1882 nonnihil

215 1926 374 1990 molestiae
408 1924 692 2006 dubitationisque
721 1924 844 1990 habere
873 1926 954 1989 mihi
969 1926 1174 1990 ‘viderentur
1202 1925 1371 2009 elephanti

216 2055 338 2117 super
366 2032 514 2122 vallum
538 2032 671 2111 confixi,
707 2034 878 2114 quoniam,
913 2034 1075 2117 quomodo
1099 2035 1132 2097 in
1156 2034 1242 2099 vallo
1266 2032 1368 2116 (quod

214 2141 255 2207 ab
279 2162 398 2225 aggere
422 2140 586 2205 diversum
611 2139 674 2221 est)
700 2143 878 2207 consistere
901 2143 1080 2226 potuerint,
1104 2143 1281 2207 obscurum
1304 2148 1370 2219 est;

214 2270 415 2334 quamquam
445 2251 478 2312 in
502 2248 558 2327 lX,
588 2254 639 2326 45,
672 2254 709 2312 15
733 2249 914 2315 homines
938 2252 976 2313 in
999 2250 1107 2315 vallo
1131 2250 1314 2334 conspici
1338 2256 1371 2314 et

242 2504 265 2569 ¹)
283 2504 318 2558 In
337 2504 438 2571 capitis
457 2505 490 2557 39
510 2503 592 2557 initio
612 2502 638 2572 (ἓ
660 2503 683 2569 1)
703 2521 761 2557 non
785 2522 900 2573 possum
923 2523 981 2559 non
1003 2505 1113 2572 mirari,
1140 2521 1191 2574 pro
1215 2504 1370 2558 certissima

282 2589 417 2643 Gronovii
454 2594 483 2642 et
518 2588 638 2641 aliorum
671 2589 882 2656 emendatione,
918 2591 1163 2657 Drakenborchio,
1197 2589 1370 2658 Kreyssigio,

282 2674 409 2728 Bekherc
429 2676 557 2742 probata,
576 2692 631 2743 qua
649 2693 683 2729 ex
702 2676 746 2729 his
765 2675 1055 2744 codicisl'vestigiis:
1076 2677 1146 2730 alia
1164 2676 1245 2729 aliis
1264 2674 1370 2729 lociis

596 2761 690 2814 ribus

242 2898 248 2912 ‚
282 2845 322 2898 ad
355 2845 559 2914 opsidendis
592 2846 679 2900 itine
711 2845 994 2914 claudendosque
1028 2847 1210 2916 opponitis
1243 2847 1368 2911 exitus,

685 2948 722 2984 ea

280 3035 359 3088 pars
377 3017 524 3070 maxima
548 3034 651 3085 super
668 3022 814 3070 tertrum
833 3018 994 3086 circaque
1017 3045 1052 3055 -
1070 3018 1272 3072 consistunt
1289 3017 1369 3070 lenis-

281 3104 351 3156 sime
375 3102 506 3156 efficitur:
534 3102 593 3156 alii
621 3103 703 3156 aliis
726 3103 814 3156 locis
838 3102 878 3155 ad
901 3103 1092 3157 obsidenda
1115 3103 1249 3156 itinera
1273 3102 1367 3157 clau·

282 3189 480 3256 dendosque
509 3189 666 3257 oppositi
695 3189 825 3253 exitus3
857 3205 936 3257 pars
964 3189 1109 3241 maxima
1136 3205 1238 3256 super
1266 3187 1367 3241 thea-

280 3284 367 3328 trum
385 3303 419 3343 .-
438 3275 649 3340 consistunt,
668 3291 719 3342 pro
739 3290 779 3340 ea,
798 3275 921 3341 inquam,
939 3290 1029 3342 nuper
1046 3273 1107 3328 haec
1125 3290 1185 3327 esse
1204 3273 1368 3327 substituta:

281 3361 350 3414 alia
383 3359 462 3414 aliis
494 3358 585 3412 locis
618 3358 658 3411 ad
691 3360 759 3413 obs.
793 3363 825 3412 it.
859 3358 1144 3426 claudendosque
1177 3358 1386 3426 opponitur,

280 3448 407 3511 exitus,
430 3462 510 3514 pars
534 3445 683 3499 maxima
706 3451 773 3511 cet,
797 3451 828 3498 ut
846 3461 879 3497 ex
897 3461 978 3514 pars
997 3445 1142 3498 maxima
1159 3444 1232 3496 miro
1250 3441 1369 3497 artificio

281 3531 362 3585 initio
385 3530 535 3584 sententis
558 3530 594 3583 ad
618 3529 685 3584 alia
709 3530 840 3584 audiatur
858 3546 938 3598 pars
956 3535 985 3583 et
1003 3547 1055 3598 pro
1073 3547 1122 3597 eo,
1151 3529 1226 3597 quod
1249 3545 1367 3583 novera·

280 3632 353 3669 mus:
386 3616 446 3669 alii
474 3615 556 3668 aliis
580 3615 680 3682 locis,
703 3632 776 3668 nove
801 3615 925 3669 dicaturz
958 3615 1028 3668 alia
1055 3633 1134 3684 pars
1162 3615 1244 3669 aliis
1270 3614 1367 3667 locis.

278 3701 383 3756 Nocnit
400 3701 466 3754 hnic
484 3701 557 3766 loco,
575 3707 607 3754 ut
625 3700 696 3767 aliis,
715 3700 832 3753 nimium
851 3699 975 3754 studium
993 3718 1068 3754 nova
1082 3699 1262 3754 extendendi.
1288 3697 1368 3757 Nam.

279 3792 311 3841 ut
334 3786 470 3856 proximis
493 3786 628 3854 exemplis
647 3790 722 3851 utar,
746 3786 830 3838 etiam
849 3802 872 3838 c.
892 3787 939 3852 37,
965 3785 1035 3839 aad
1053 3785 1173 3854 vestigia
1191 3785 1297 3838 codicis
1316 3802 1367 3852 op·

399 3873 430 3926 lc

279 3959 341 4012 timi
360 3944 541 4027 (patuerat)
559 3956 650 4025 Lipsii
673 3957 836 4011 coniectura
853 3955 976 4026 (palam
1000 3955 1084 4021 erat)
1104 3956 1257 4025 aptissimis
1277 3953 1368 4007 verbis

278 4044 395 4112 propius
423 4042 535 4097 accedit
558 4059 642 4111 quam
665 4059 727 4110 quse
752 4059 842 4110 nuper
864 4042 978 4110 prodita
1001 4049 1044 4096 est
1062 4042 1192 4110 (aperte
1217 4039 1311 4106 rati),
1340 4048 1369 4091 et

278 4148 300 4183 c.
321 4133 367 4195 38,
393 4134 404 4181 l
426 4147 460 4183 ex
484 4129 695 4183 convocatio
715 4128 796 4196 quib
814 4128 912 4181 melius
932 4126 1091 4182 Gronovius
1110 4126 1253 4180 effecerat:
1282 4142 1366 4179 oon·

278 4215 409 4269 vocatis
429 4215 497 4268 suis
517 4231 600 4282 qnam
619 4214 817 4269 Boettcherus:
837 4218 1009 4267 convocat
1026 4229 1113 4279 suos,
1133 4212 1264 4280 quibus.
