3060 5272
716 817 796 877 19·

153 1011 350 1069 nostrorum
372 1000 521 1068 codicum
543 994 719 1067 ostendero
740 1001 886 1081 videtur,
915 1003 1037 1067 iamin
1061 1004 1173 1069 codice
1197 1027 1311 1071 eorum

154 1112 337 1196 archetypo
360 1132 400 1176 ex
422 1109 608 1191 antiquiore
630 1108 818 1175 huiusmodi
836 1110 1049 1176 adnotatione
1067 1120 1176 1177 ortum
1195 1113 1310 1180 fuisse:

155 1221 338 1303 quietam
366 1226 407 1284 et
430 1225 693 1284 exoneratam
715 1218 901 1284 deducta.
953 1217 1093 1300 (Contra
1116 1221 1151 1284 in
1173 1220 1244 1301 VH,
1272 1227 1310 1287 16

1146 1331 1312 1414 5555511

157 1440 170 1498 l
197 1437 232 1500 in
254 1434 435 1520 archetypo
461 1434 544 1499 nihil
565 1434 668 1500 luisse
691 1435 754 1500 nisi
775 1436 899 1500 scivit
917 1437 1083 1521 accepit
1100 1445 1160 1503 551
1176 1438 1311 1518 scivit,

153 1543 303 1609 ostendit
337 1544 408 1609 cod.
437 1542 622 1623 llediceus3
655 1543 689 1607 in
718 1545 834 1609 ceteris
865 1552 917 1610 551
944 1545 1218 1629 accepitque.)
1273 1546 1311 1610 In

152 1652 323 1738 plerisque
362 1658 473 1716 autem
506 1650 695 1716 huiusmodi
728 1651 876 1718 locorum
908 1653 942 1718 in
976 1653 1089 1720 codice
1123 1662 1312 1719 nostrorum

154 1758 335 1844 archetypo
374 1780 478 1843 supra
516 1759 691 1844 scriptum,
729 1781 794 1825 non
827 1760 861 1827 in
894 1761 967 1845 ipso
1000 1761 1115 1828 ordine
1148 1763 1311 1846 perscrip-

155 1876 228 1934 tum
263 1869 596 1951 interpretamentum
628 1866 746 1947 fuisse,
786 1867 945 1949 ostendit,
983 1870 1087 1951 quod,
1127 1870 1220 1935 cuins
1259 1872 1308 1936 151
1326 1879 1379 1948 (18)

159 1979 227 2044 iam
252 1976 400 2060 exempla
428 1975 523 2059 posui
554 1974 616 2055 (11,
646 1980 701 2054 56,
730 1979 765 2054 2,
796 1976 841 2055 X,
871 1981 927 2056 37,
960 1976 1027 2059 15),
1056 1979 1090 2042 15
1119 1978 1194 2043 51115
1224 1979 1313 2044 codi-

162 2085 352 2152 5111555515
376 2083 511 2148 verbum
533 2083 704 2148 Livianum
727 2084 876 2167 ponitur,
905 2086 939 2150 in
962 2085 1037 2151 51115
1060 2093 1136 2170 5551
1157 2085 1202 2165 id,
1232 2088 1312 2151 scri-

43 2230 49 2242 ·
161 2194 289 2271 barum,
328 2193 387 2275 qui
427 2190 643 2275 archetypum
676 2201 925 2276 expresserunt,
966 2193 1115 2259 arbitrio.
1179 2194 1311 2279 (Itaque

156 2301 242 2366 mule
275 2301 430 2366 Hertzius
464 2299 507 2365 ad
541 2299 607 2380 Ill,
642 2303 698 2380 35,
733 2305 752 2363 7
785 2307 899 2384 55151,
934 2301 1022 2383 quod
1056 2303 1090 2366 in
1123 2302 1312 2368 huiusmodi

155 2410 238 2475 locis
277 2409 391 2475 ordine
432 2410 525 2492 prins
568 2408 611 2472 sit
649 2408 799 2489 verbum,
838 2410 939 2474 etiam
978 2410 1103 2491 origine
1145 2412 1312 2492 antiquius

155 2519 252 2599 esse.)
310 2516 411 2597 Quid,
452 2515 541 2600 quod
580 2515 745 2581 interdum
784 2539 846 2582 vox
880 2539 981 2601 supra
1015 2520 1138 2601 scripta
1171 2519 1213 2584 ab
1247 2541 1311 2585 uno

156 2633 193 2690 55
214 2625 319 2691 511515
344 2624 483 2690 librario
506 2630 636 2689 tantum
660 2623 861 2706 singularum
883 2624 1072 2690 litterarum
1095 2627 1222 2692 curioso
1241 2627 1312 2691 voci

156 2733 301 2799 Livianae
332 2732 466 2798 divulsae
493 2731 602 2797 media
628 2733 754 2797 inserta
783 2740 849 2812 est,
884 2740 921 2797 51
949 2732 1013 2813 ΙΙΙ,
1047 2737 1105 2812 40,
1140 2735 1215 2799 'lin
1237 2733 1311 2799 Par.

989 2842 1205 2907 convenire

157 2951 280 3035 (prima
308 2949 436 3030 manu):
476 2970 519 3014 5ο
550 2949 749 3013 comivere
780 2949 853 3027 ire,
887 2947 1023 3014 1155551
1051 2951 1176 3029 coire,
1211 2956 1245 3015 51
1273 2950 1311 3031 X,

157 3063 214 3136 13,
247 3063 284 3121 12
313 3059 346 3123 in
370 3057 500 3122 eodem:
536 3065 574 3122 te
596 3078 721 3140 prope
743 3078 862 3137 mere,
901 3066 960 3122 555
982 3058 1013 3122 51
1035 3057 1150 3122 mediae
1172 3059 1311 3122 circum·

157 3168 248 3244 data,
271 3175 309 3230 nt
331 3166 370 3245 ll,
394 3170 443 3239 211,
469 3171 487 3229 7
511 3167 544 3230 15
567 3165 662 3242 Med,
686 3164 775 3230 Leid.
803 3170 834 3228 l:
868 3187 912 3230 ve
934 3167 1126 3249 rarisque
1149 3167 1268 3231 rutis.
1281 3165 1310 3248 ¹)

158 3273 290 3357 [Semel
319 3272 407 3356 quod
430 3273 562 3355 quidem
585 3273 882 3354 animadverterim,
906 3273 963 3352 11,
996 3279 1048 3354 13,
1078 3275 1152 3339 315
1176 3274 1255 3339 solis
1277 3273 1311 3338 M

158 3391 192 3448 51
221 3383 250 3448 R
278 3383 326 3447 sic
353 3381 547 3447 adnotatur:
583 3380 782 3446 credebat
811 3382 911 3447 alibi
940 3380 1158 3465 cernebat]
1203 3383 1310 3465 Atque

157 3492 227 3557 haec
256 3489 379 3574 duplex
408 3490 585 3573 scriptura,
612 3489 675 3554 hoc
705 3496 770 3567 est,
802 3498 840 3555 ut
867 3490 949 3569 dixi,
979 3492 1012 3556 in
1041 3490 1208 3575 plerisque
1230 3491 1311 3557 locis

157 3599 443 3683 interpretamenti
481 3620 581 3681 supra
615 3620 742 3663 versum
777 3598 974 3682 adscriptio,
1007 3599 1111 3664 multo
1147 3599 1248 3664 latius
1276 3599 1310 3662 in

160 3707 272 3772 codice
301 3707 479 3790 archetypo
502 3706 625 3788 patuit,
655 3728 752 3787 quam
782 3706 877 3788 vulgo
909 3707 1055 3771 creditur
1084 3715 1143 3770 551
1170 3706 1311 3770 15115555

160 3815 280 3897 aliquis
300 3835 388 3881 5555
411 3834 543 3898 quoque
566 3819 670 3896 55155.
721 3813 804 3877 Nam
828 3813 955 3894 aliquot
977 3812 1058 3877 locis
1079 3814 1129 3876 ita
1151 3814 1185 3877 in
1208 3813 1311 3877 omni-

160 3924 220 3988 bus
260 3922 428 3988 codicibus
467 3921 631 4005 primariis
671 3927 703 3985 51
737 3919 886 3985 codicum
919 3918 1051 3984 familiis
1085 3921 1158 4004 ipsa
1192 3918 1312 4003 duplex

159 4033 326 4116 scriptura
348 4037 500 4113 superest
522 4035 581 4093 555
601 4029 671 4094 5155
688 4028 834 4111 vestigia,
858 4035 896 4092 ut
912 4049 1007 4092 nemo
1027 4027 1178 4093 dubitare
1199 4028 1312 4111 possit,

159 4141 238 4222 quin
265 4141 298 4204 in
326 4138 440 4203 codice
463 4137 643 4223 archetypo
666 4137 782 4218 fuerit;
815 4138 848 4201 in
877 4137 989 4202 multis
1017 4136 1091 4202 aliis
1120 4144 1249 4202 tantum
1277 4137 1311 4200 in

244 4294 388 4303 ..—--—--

190 4360 212 4423 ¹)
230 4359 342 4413 Livium
366 4358 525 4425 scripsisse:
553 4357 678 4425 quibus
705 4357 883 4426 plerisque
912 4357 947 4412 in
969 4364 1068 4412 55515
1091 4355 1312 4424 1511555515

228 4462 377 4515 corpora
399 4444 475 4512 ipsa
498 4441 580 4495 fixis
603 4446 711 4497 certum
733 4443 842 4496 551151
865 4442 901 4496 ob
926 4441 1107 4511 plerisque
1125 4446 1154 4494 et
1171 4441 1213 4507 id,
1235 4441 1311 4509 quod

230 4532 367 4601 5511511511
390 4545 512 4597 magna
533 4544 614 4597 pero
637 4527 789 4596 integris
807 4526 1031 4596 corporibus3
1053 4525 1124 4580 nihil
1143 4526 1273 4596 agrintla
1292 4525 1309 4577 1.

230 4623 350 4671 veruta
371 4614 438 4685 pilis
462 4612 648 4682 superaddita.
696 4612 838 4668 Cori-ectio
865 4627 953 4680 prave
974 4611 1035 4664 haec
1060 4617 1117 4678 551,
1146 4628 1202 4667 non
1226 4612 1311 4666 15151-

229 4707 443 4771 515155551551.

1048 4799 1080 4852 2*
