3060 5272
233 366 295 421 nu.
312 365 395 421 mv.
660 444 662 448 Ι
777 352 838 413 aaa

233 560 323 603 mum
345 536 500 603 ridebant
523 542 557 602 et
579 535 716 603 adibant
739 538 894 615 tribunal,
919 537 1072 604 aditum
1095 537 1158 603 dici
1181 545 1327 623 potarat3
1350 546 1383 607 et

233 645 449 732 perturbatur
472 646 725 710 enumerationis
748 646 938 729 aequalitas3
960 646 1147 712 tribunal
1169 667 1228 731 per
1251 668 1295 727 se,
1317 670 1383 731 non

233 755 340 819 minus
363 774 463 838 quam
486 773 625 837 prauo,
650 773 863 834 accensus,
887 761 1046 820 terrorem
1068 755 1248 838 praebebat.
1293 754 1384 823 Infra

233 861 265 946 (ἕ
289 863 332 944 6),
356 862 413 928 ubi
436 863 476 928 de
499 861 659 929 divisione
681 862 884 929 Macedoniae
907 865 941 928 iu
958 869 1116 946 quattuor
1131 871 1244 948 partes
1262 865 1382 947 agitur,

232 972 266 1036 in
290 972 403 1055 prima
426 973 531 1055 partis
558 971 798 1056 descriptione,
831 969 1106 1053 quemadmodum
1139 978 1254 1038 trans
1282 971 1383 1039 Nes·

222 1101 333 1161 sum,
367 1079 415 1144 ad
449 1081 649 1146 orientem
687 1100 860 1161 versum,
906 1081 953 1145 sio
985 1086 1074 1145 recte
1110 1079 1231 1145 dicitur
1265 1083 1381 1147 etiam:

233 1191 349 1250 trans
371 1186 633 1271 Strymonem,
667 1188 883 1271 vergentia
915 1188 964 1253 ad
1000 1208 1198 1268 occasum,
1227 1191 1384 1273 praeposi·

234 1294 336 1359 tionis
358 1316 418 1360 usu
441 1297 545 1362 relato
569 1296 611 1361 ad
634 1296 871 1380 praecedentem
901 1297 1101 1362 mentionem
1129 1297 1274 1381 regionis
1296 1298 1384 1364 inter

234 1401 439 1487 Strymonem
467 1409 500 1469 et
527 1404 667 1470 Nessum
697 1405 784 1482 sitae,
808 1424 880 1487 quae
903 1413 1003 1489 eaput
1024 1405 1124 1470 huius
1148 1406 1261 1490 primae
1278 1408 1382 1490 partis

234 1508 316 1575 erat.
362 1509 427 1577 Sed
459 1513 494 1577 in
527 1511 640 1577 codice
673 1532 753 1576 uon:
786 1511 961 1594 Abdera,
991 1519 1104 1579 trans
1135 1513 1384 1598 Strymonem

235 1625 367 1685 autem
390 1619 554 1700 scribitur,
576 1620 650 1686 sed:
684 1620 1136 1707 Abderatistrymoncm
1166 1630 1317 1703 autem,
1350 1624 1385 1689 in

234 1747 301 1811 qno
324 1728 435 1810 potius
460 1729 516 1793 cis
549 1728 797 1813 Strymonem
819 1729 923 1795 latere
945 1730 1090 1810 videtur3
1126 1739 1158 1797 et
1185 1733 1298 1815 potuit
1327 1732 1381 1805 Li·

233 1837 303 1900 vius
337 1837 383 1900 sic
417 1836 578 1916 scribere,
614 1838 722 1903 minus
752 1839 883 1905 omniuo
913 1845 1087 1918 accurate,
1113 1840 1315 1924 cogitatione
1338 1840 1383 1905 ad

233 1943 364 2009 Italiam
386 1944 613 2028 Graciamque
636 1944 801 2027 reflexa.¹)

320 2052 397 2140 (lap.
427 2059 477 2133 30,
510 2055 740 2138 imponitur,
769 2054 1044 2136 quemadmodum
1073 2055 1291 2122 Macedonum
1314 2058 1383 2122 ani-

234 2182 304 2227 mos
332 2162 515 2229 adiecerint
538 2162 671 2231 decreta
693 2163 928 2243 Romanorum,
962 2165 991 2229 is
1019 2164 1113 2230 locus
1141 2165 1176 2229 in
1203 2163 1313 2230 codice
1337 2165 1384 2230 sio

234 2273 376 2355 scriptus
400 2279 464 2338 est:
499 2272 693 2338 Libertas
720 2272 869 2356 piaeter
898 2293 965 2357 spe
989 2272 1119 2354 (idest,
1143 2273 1266 2356 spem)
1290 2272 1385 2338 data

234 2379 283 2444 ad
304 2400 375 2445 rex
398 2389 460 2446 est
485 2380 678 2463 (adrexit)
713 2388 753 2447 et
780 2380 957 2446 levatum
988 2402 1159 2446 annuum
1187 2382 1383 2465 vectiga13

232 2488 479 2569 regionatim
513 2491 662 2555 mesoio
696 2490 947 2572 interruptis
982 2488 1167 2554 advideri
1199 2488 1386 2556 lacerata

232 2605 438 2680 tamquam
461 2598 655 2662 animalia
677 2598 716 2660 iu
738 2604 857 2661 artus
881 2597 1056 2667 alteram
1079 2596 1260 2662 alterius
1283 2596 1385 2662 indi-

232 2706 362 2770 centis
392 2704 603 2770 distracto.
647 2704 730 2768 Tum
764 2711 874 2770 autem
900 2704 1056 2769 librarius
1086 2704 1258 2786 aliquanto
1288 2703 1384 2786 infra,

232 2812 249 2896 ἓ
274 2817 301 2892 6,
324 2813 467 2894 quinque
484 2812 584 2878 verba
602 2812 698 2878 huius
718 2812 783 2878 loci
800 2813 917 2878 iterum
936 2814 1068 2898 scripsit
1086 2813 1299 2894 emendatius,
1321 2812 1384 2881 hoc

146 2921 217 2992 (⁸1⁰)
236 2921 348 2987 modo:
383 2921 584 3005 regionem
619 2920 755 2986 sordei
783 2924 1018 2987 commercio
1045 2923 1293 3006 interruptis
1321 2923 1385 2990 ita

231 3030 364 3095 videri
385 3029 613 3095 laceratam
636 3037 673 3094 et
694 3030 870 3112 lingeste
895 3038 934 3094 et
956 3031 1187 3114 pelagonas.
1224 3029 1383 3115 Gryuaeus

230 3137 338 3204 locum
361 3140 408 3204 sic
424 3139 610 3204 constituit:
635 3139 882 3220 regionatim
900 3140 1152 3204 commerciis
1175 3139 1383 3233 interrup-

232 3248 285 3314 tis
313 3248 373 3312 ita
394 3247 526 3313 videri
553 3246 737 3312 lacerata
759 3254 960 3330 tamquam
983 3246 1175 3312 animalia
1197 3248 1237 3312 in
1266 3254 1382 3315 artus

232 3355 407 3421 alterum
430 3352 608 3420 alterius
626 3355 864 3437 indigentes
894 3355 1108 3420 distracta.
1155 3354 1219 3420 Sed
1241 3357 1384 3440 primum

231 3472 379 3549 apparet,
392 3471 522 3547 gentem
538 3464 719 3529 laceratam
735 3485 801 3530 non
813 3463 1047 3547 cumpluribus
1065 3463 1264 3529 animalibus
1281 3463 1382 3530 luisse

232 3573 498 3654 comparandam,
517 3571 574 3637 sed
593 3592 666 3637 cum
682 3592 747 3636 uno
766 3572 799 3636 in
815 3578 907 3637 artus
926 3571 1095 3637 distracto.
1120 3571 1163 3638 Et
1175 3571 1236 3637 hoc
1249 3571 1383 3656 quidem

232 3681 401 3745 sententiae
414 3680 656 3747 incommodum
667 3679 822 3745 facillime
834 3679 971 3758 tollitur,
990 3680 1163 3746 adiurante
1177 3680 1223 3762 (in
1237 3687 1383 3747 extrema

255 3971 277 4029 ¹)
297 3968 312 4038 ἓ
331 3973 347 4022 7
366 3977 414 4024 aut
432 3988 495 4025 cum
508 3968 741 4025 Drakenborchio
756 3968 948 4024 scribendum:
969 3987 1066 4040 quam
1085 3971 1124 4024 ab
1144 3976 1220 4024 ortu
1238 3970 1380 4042 Strymo

299 4056 570 4123 amplecteretur
597 4054 706 4108 amnia
735 4081 777 4121 -,
809 4056 850 4109 ab
883 4072 1008 4111 occasu
1040 4057 1148 4111 Axius
1175 4058 1381 4113 terminaret

298 4141 429 4197 fluvius
447 4147 510 4197 ant:
530 4169 564 4181 -
583 4142 624 4195 ab
643 4156 841 4209 occasuque
854 4168 888 4180 -
903 4141 977 4207 (cod.
993 4148 1021 4196 et
1039 4141 1099 4195 edd.
1115 4142 1155 4195 ab
1175 4158 1300 4197 occasu
1318 4158 1382 4211 qua

298 4228 424 4285 Axius).
