3060 5272
208 336 272 390 Lib.
292 334 404 390 XXXII.
754 322 817 381 480

209 527 276 571 non
310 512 382 570 erat
415 511 448 569 et
480 506 619 569 maxime
654 525 674 568 a
703 505 919 570 Macedonum
954 505 1114 569 societate
1148 502 1365 583 abhorrebat)

209 615 374 697 pertinere
403 612 574 695 significet.
631 611 771 677 Videtur
803 613 929 696 aliquid
963 599 1126 677 excidisse
1155 619 1189 678 et
1218 612 1251 676 in
1278 610 1364 677 hanc

208 720 347 785 formam
376 720 453 784 olim
484 720 643 802 scriptum
671 719 787 785 fuisse:
823 754 867 764 —
902 718 1121 803 urgebunt,
1155 718 1247 797 quiri
1275 717 1363 794 orit,

207 835 282 892 aut:
317 847 392 905 qua
421 827 599 907 perfugia
628 829 843 906 restabunt,
872 827 974 892 unde
1003 827 1160 910 regiam
1182 825 1363 891 societa-

208 941 286 1001 tem
309 971 350 980 -
373 934 644 1015 imploremus?

295 1040 371 1125 Cap.
397 1046 452 1120 22,
483 1047 516 1104 5:
551 1041 691 1106 Risias
719 1040 978 1106 Pellenensis
1007 1048 1104 1107 erat.
1161 1039 1215 1105 Sio
1236 1058 1364 1104 nunce

206 1148 235 1213 B
258 1149 429 1229 scribitur3
458 1149 535 1213 olim
558 1147 791 1227 Rhisiasus3
815 1148 872 1213 sed
896 1169 936 1212 ne
959 1147 1041 1213 illud
1064 1147 1198 1232 quidem
1220 1153 1280 1211 aut
1300 1167 1362 1230 pro

206 1255 323 1321 Graeco
356 1256 486 1320 nomine
516 1256 595 1320 alibi
624 1257 788 1340 reperitur
817 1263 875 1321 aut
904 1255 1061 1338 originem
1091 1254 1362 1338 cognationemve

207 1362 413 1447 probabilem
434 1361 545 1428 habet.
590 1362 806 1428 Scribonium
828 1362 959 1428 Pisias
982 1361 1133 1444 (Πεισίας).

294 1468 371 1554 Cap.
395 1474 446 1549 24,
470 1474 488 1533 3
512 1468 567 1550 (de
590 1471 834 1553 oppugnatione
857 1467 1016 1550 Elateae):
1039 1468 1179 1534 Ariete
1202 1466 1362 1536 admoto

206 1598 338 1660 quum,
369 1583 558 1659 quantum
586 1577 696 1642 inter
724 1583 858 1642 turres
888 1576 1116 1656 munierat,
1145 1580 1361 1660 prorutum

207 1702 293 1747 cum
319 1683 477 1765 ingenti
503 1683 668 1764 fragore
701 1705 746 1749 ac
783 1686 962 1767 strepitu
990 1682 1192 1749 nudasset
1220 1681 1360 1746 urbem

206 1796 269 1853 cet.
324 1789 518 1856 Necessario
553 1790 777 1856 scribendum:
813 1798 1004 1874 quantum
1036 1790 1146 1855 inter
1179 1788 1218 1853 II
1247 1786 1360 1869 (duas)

205 1905 343 1963 turres
366 1900 467 1962 muri
490 1905 590 1978 erat,
617 1920 657 1963 ne
681 1904 773 1964 totus
795 1898 880 1963 muri
903 1897 1071 1976 circuitus,
1100 1895 1268 1963 stantibus
1290 1901 1360 1960 tur·

116 2019 192 2090 (383)
209 2004 319 2083 ribus,
360 2005 540 2088 procidisse
579 2006 716 2070 dicatur.
784 2005 849 2070 cfr.
883 2006 915 2070 h.
944 2005 1000 2070 lib.
1036 2026 1063 2069 c.
1096 2008 1129 2085 1,
1166 2007 1219 2069 10:
1260 2004 1361 2068 duas

206 2118 367 2196 portas,
397 2113 585 2195 quodque
616 2114 723 2178 inter
753 2134 819 2178 eas
841 2114 942 2178 muri
965 2118 1068 2192 erat;
1102 2110 1207 2191 XLII,
1237 2114 1292 2190 63,
1323 2113 1359 2174 6:

206 2217 289 2284 duae
312 2226 469 2299 turres,
503 2220 691 2304 quodque
722 2222 832 2285 iuter
861 2241 927 2285 eas
956 2220 1059 2284 muri
1086 2217 1238 2297 fuerat3
1271 2215 1359 2296 xxl,

202 2331 240 2405 8,
270 2333 303 2390 5:
340 2333 423 2393 tres
452 2328 645 2411 deinceps
673 2335 826 2407 turres,
856 2333 1125 2412 quantumque
1155 2324 1263 2390 iuter
1291 2344 1359 2390 aas

203 2435 431 2499 munierat.

290 2541 368 2624 Cap.
393 2545 448 2621 25,
485 2547 523 2607 10
554 2541 608 2623 (de
631 2542 842 2607 AEnesidemo
870 2540 1016 2626 praesidii
1039 2540 1235 2606 Achaeorum
1257 2538 1355 2621 Argis

112 2636 114 2641 ¹
201 2648 347 2731 impositi
375 2647 528 2731 praefecto
552 2656 691 2714 mortem
714 2656 904 2714 constanter
926 2647 1131 2733 oppetente):
1165 2647 1314 2713 Missus
1338 2667 1360 2711 a

202 2754 404 2832 Philocle,
445 2757 512 2838 qui
546 2763 764 2839 quaereret,
805 2756 901 2838 quid
935 2755 1015 2821 eibi
1048 2755 1184 2821 vellet.
1244 2753 1357 2818 Nihil

202 2869 317 2926 statu
341 2863 468 2942 niodo,
503 2885 621 2947 quum
650 2865 836 2947 proiecto
865 2884 946 2947 prre
975 2884 1015 2928 se
1043 2862 1176 2947 clipeo
1207 2866 1356 2939 staret,

202 2970 241 3033 in
270 2968 465 3050 praesidio
495 2970 663 3036 creditae
691 2970 804 3035 urbis
833 2970 1073 3035 moriturum
1096 2991 1135 3035 se
1159 2974 1356 3035 armatum

201 3075 423 3158 rospondit.
475 3077 528 3143 Sic
555 3077 582 3141 B
606 3098 680 3143 oum
708 3078 854 3161 quinque
882 3077 1219 3159 Drakenborchianis3
1254 3077 1356 3142 ceteri

201 3183 305 3247 nihil
344 3184 621 3250 tantummodo
661 3186 864 3264 similiterve‚
904 3207 943 3249 ex
983 3206 1047 3269 quo
1080 3185 1220 3250 ulterius
1253 3184 1356 3249 inter·

201 3289 345 3373 polaurlo
368 3298 481 3356 natum
504 3294 539 3357 iu
562 3291 778 3358 editionibus:
803 3291 1046 3372 0111110100,
1069 3292 1355 3372 tautummodo,

200 3396 289 3479 quod
317 3397 492 3464 ridiculum
521 3404 573 3463 est
596 3398 711 3480 (nibil
736 3398 844 3464 fatus
866 3435 910 3445 —
930 3399 1171 3484 respoudit).
1224 3400 1274 3465 Ex
1296 3398 1355 3465 illa

200 3504 367 3587 scriptura
394 3527 459 3571 uon
487 3527 561 3570 oum
590 3505 770 3586 Gronovio,
806 3530 903 3592 quem
931 3509 1132 3574 recentiores
1161 3513 1354 3591 sequuntur,

199 3609 385 3677 faciendum
408 3611 552 3677 ridetur:
587 3615 691 3679 nihil
720 3622 831 3681 statu
860 3622 1006 3696 motus,
1036 3615 1108 3695 sed,
1136 3636 1203 3679 una
1225 3621 1355 3680 tantum

197 3716 312 3782 littora
335 3725 476 3783 mutata:
501 3720 605 3786 nihil
630 3729 741 3788 statu
764 3730 881 3802 moto,
904 3745 941 3787 eo
964 3722 1159 3806 significatu,
1183 3744 1248 3806 quo
1272 3722 1354 3788 Gro-

199 3827 295 3890 novio
325 3827 358 3889 in
382 3834 521 3892 urentem
545 3837 680 3894 venerat
710 3830 810 3894 scribi
839 3830 937 3895 etiam
967 3852 1077 3914 posse:
1113 3829 1216 3894 nihil
1241 3834 1353 3895 statu

200 3938 363 3998 mutato.
402 3932 518 4018 Neque
541 3936 628 4001 enim
651 3936 754 4015 rideo,
777 3958 835 4000 cur
852 3944 960 4002 status
978 3939 1098 4002 moveri
1117 3937 1181 4001 dici
1199 3943 1352 4019 nequeat.

286 4037 364 4122 Cap.
385 4043 435 4119 26,
460 4047 478 4103 6
502 4049 535 4108 et
560 4044 628 4107 'lin
652 4046 795 4127 quinque
819 4045 937 4123 verbis,
967 4066 1039 4128 quae
1062 4046 1088 4109 B
1112 4066 1173 4110 sua
1194 4044 1253 4110 illa
1275 4066 1352 4110 con-

198 4146 372 4212 suetudine
401 4148 506 4214 omitti
551 4151 658 4233 spatio
688 4172 789 4215 vacuo
811 4151 943 4233 relicto,
971 4151 1257 4218 Weissenbornius
1281 4153 1352 4219 sino
