3060 5272
236 371 297 426 mu.
317 372 391 427 vm.
785 360 845 449 194

237 545 270 609 iu
311 545 424 610 eadem
459 545 622 609 communi
655 565 727 608 sese
761 543 949 610 devoventis
983 566 1125 629 persona
1159 547 1233 612 novi
1267 544 1392 629 aliquid

237 652 392 735 addit.]¹)

322 760 400 845 Cap.
419 766 465 840 12,
492 766 529 824 14
543 784 618 844 sqq:
643 761 693 843 (Q.
708 761 865 826 Publilius
877 762 971 827 Philo
996 762 1153 845 dictator)
1177 770 1262 828 tres
1279 762 1390 845 leges

236 870 555 935 secundissimas
579 871 727 954 plebei,
758 871 954 936 adversas
977 872 1192 936 nobilitati
1215 871 1326 950 tulit,
1348 907 1392 914 —

192 1018 196 1023 ·
234 1015 277 1023 —
293 1005 351 1059 —3
369 981 542 1057 tertiam,
567 988 608 1044 ut
631 980 737 1044 alter
759 981 901 1063 utique
928 979 1122 1063 explebe,
1146 999 1229 1044 eum
1247 978 1390 1063 (quum)

235 1109 280 1153 eo
302 1095 462 1152 ventum
484 1089 553 1168 sit,
586 1095 629 1153 ut
651 1096 867 1171 utrumque
890 1087 1091 1171 plebeium
1113 1086 1209 1152 fieri
1231 1087 1389 1164 liceret,

235 1218 378 1261 censor
417 1203 641 1261 crearetur.
705 1196 758 1260 Sic
798 1197 955 1279 scripturn
989 1195 1113 1260 habent
1145 1196 1275 1262 codices
1309 1196 1386 1260 boni

234 1305 391 1386 malique,
427 1305 488 1368 nisi
522 1304 610 1386 quod
645 1305 795 1387 Sigonius
829 1306 861 1367 in
896 1327 955 1369 suo
989 1303 1105 1378 codice
1137 1325 1205 1369 esse
1241 1303 1387 1379 tradidit,

234 1413 322 1496 quod
351 1419 468 1495 postea
491 1435 592 1495 prope
616 1435 742 1492 omnes,
775 1414 802 1475 si
824 1412 1063 1477 Alsclrefskiurn
1087 1420 1121 1477 et
1142 1413 1310 1477 Hertzium
1335 1436 1389 1475 ox-

234 1523 351 1604 eipias‚
385 1528 578 1585 tonuerunt:
618 1531 659 1586 ut
692 1528 908 1604 utrumque
944 1521 1150 1604 plebeium
1185 1519 1387 1585 consulem

233 1630 330 1693 fieri
359 1631 519 1707 liceret,
549 1631 614 1693 sire
639 1631 664 1692 is
688 1651 781 1693 suam
805 1630 1028 1693 coniecturam
1051 1629 1157 1693 codici
1177 1629 1298 1706 ¹tribuit
1321 1629 1388 1692 sive

234 1737 557 1819 interpolatissirnum
599 1738 741 1800 onmium
780 1737 905 1802 babuit.
971 1738 1162 1802 Addendurn
1204 1745 1313 1802 autem
1354 1737 1387 1801 id

234 1844 427 1909 vocabulum
456 1844 690 1925 (consulem)
721 1847 862 1924 censuit,
894 1847 1081 1929 quicunque
1106 1846 1227 1928 primus
1250 1845 1387 1924 addidit,

234 1953 320 2036 qnod
350 1953 389 2017 dc
414 1960 552 2035 utroquo
577 1974 722 2017 censurae
746 1954 817 2018 loco
842 1954 979 2036 plebeiis
1003 1954 1169 2037 patefacto
1194 1953 1275 2017 nihil
1299 1952 1387 2037 apud

233 2062 357 2126 Livium
381 2062 542 2125 hactenns
565 2062 723 2125 traditum
748 2069 812 2138 est,
845 2063 884 2126 de
915 2063 1088 2127 consulatu
1111 2063 1173 2127 hoc
1197 2082 1387 2126 concessum

232 2171 304 2252 lege
335 2172 480 2235 Genucio
508 2172 642 2253 scripsit
671 2170 824 2235 dubitans
848 2172 921 2250 Vll,
951 2176 1006 2249 42;
1034 2193 1109 2234 uum
1139 2168 1387 2246 Alschefskium,

233 2279 385 2344 liceret
409 2279 448 2342 do
473 2301 526 2355 eo,
555 2279 641 2361 quod
667 2280 737 2343 sine
760 2278 830 2361 lege
854 2279 924 2342 lieri
949 2286 1067 2362 posset,
1096 2280 1122 2342 si
1149 2278 1240 2361 plebs
1263 2277 1387 2341 viribus

231 2390 298 2453 suis
332 2394 494 2466 uteretur,
533 2387 791 2469 intellegentem,
830 2388 967 2451 refutari
1001 2387 1081 2451 nibil
1116 2408 1196 2470 opus
1230 2393 1281 2450 est
1313 2385 1384 2467 (cfr.

232 2494 374 2572 Becker,
408 2496 499 2558 ltdm.
525 2495 664 2559 Alterth.
695 2494 740 2569 ll,
770 2499 788 2558 2
820 2517 849 2577 p.
881 2499 938 2557 191
969 2503 1036 2560 not.
1061 2495 1167 2577 extr).
1225 2494 1290 2558 Sed
1318 2495 1384 2558 sive

232 2604 365 2666 additur
394 2603 596 2665 consulem
627 2605 693 2666 sive
718 2625 781 2666 nou
806 2602 951 2682 additur,
983 2609 1072 2667 totus
1095 2603 1188 2667 locus
1211 2624 1384 2686 perversus

232 2718 265 2774 et
293 2712 484 2792 irrigatorius
512 2717 561 2772 est
590 2718 621 2773 et
651 2733 685 2773 re
710 2719 742 2775 et
766 2714 924 2775 orationis
947 2712 1061 2775 forma.
1120 2711 1185 2775 Cur
1208 2713 1292 2775 enim
1317 2732 1385 2774 om·

231 2822 324 2897 nino,
355 2841 453 2902 qrmm
483 2826 549 2881 tres
577 2819 666 2901 leges
695 2827 927 2883 enumerentur
956 2843 1133 2904 earumque
1157 2827 1383 2900 argumentum

146 2944 217 3013 (165)
236 2928 379 2992 breuiter
409 2927 584 3002 iudicetur,
619 2928 652 2990 in
686 2926 748 2992 liae
781 2930 882 2993 tertia
915 2929 986 3009 lege
1021 2951 1119 2992 causa
1148 2928 1224 2992 lata
1253 2929 1323 2992 eius
1351 2933 1385 2990 et

231 3042 377 3119 acceptae
420 3035 551 3098 additur
591 3036 637 3114 (et
677 3036 810 3099 additur
851 3038 884 3098 iu
927 3036 1032 3100 medio
1065 3036 1148 3118 legis
1182 3042 1384 3118 argumento,

232 3146 326 3229 qnasi
355 3145 436 3226 legis
465 3144 569 3225 ipsius
597 3143 668 3207 hac
697 3166 774 3226 pars
804 3144 875 3225 sit),
906 3144 1088 3209 cuiusmodi
1116 3143 1198 3208 nihil
1221 3146 1254 3208 in
1278 3144 1384 3226 prima

230 3261 264 3318 et
287 3255 387 3317 tertia
409 3252 481 3335 lege
505 3252 733 3334 significatur?
767 3253 893 3317 Deinde
923 3253 1015 3317 nulla
1037 3255 1169 3318 omnino
1192 3252 1262 3317 hac
1284 3273 1385 3316 causa

230 3369 298 3441 est3
321 3384 407 3439 narn,
432 3363 458 3425 si
483 3362 652 3444 Sigoniuur
676 3363 850 3444 sequimur,
875 3361 963 3445 quod
986 3361 1176 3426 consulatus
1199 3362 1384 3444 promiscue

231 3472 305 3554 capi
334 3470 375 3534 ab
405 3471 576 3553 utriusque
606 3469 730 3534 ordinis
752 3469 939 3535 hominibus
962 3477 1110 3553 poterat,
1144 3470 1186 3534 ad
1210 3491 1384 3534 censuram

230 3579 313 3645 nihil
336 3580 467 3643 omniuo
492 3579 687 3660 pertinebat,
711 3580 761 3642 sin
784 3579 921 3657 codices,
945 3601 985 3642 ue
1008 3580 1056 3642 sic
1079 3578 1210 3663 quidem
1234 3584 1383 3662 apparet,

230 3709 303 3765 eur,
343 3685 431 3768 quod
471 3686 635 3750 sublatum
676 3709 769 3750 omne
810 3688 933 3752 ordinis
968 3687 1142 3752 discrimen
1175 3688 1207 3750 iu
1243 3707 1384 3751 censura

231 3795 341 3860 danda
369 3801 469 3873 esset,
504 3794 544 3858 ob
580 3816 652 3858 eam
687 3816 819 3858 causam
844 3796 1056 3861 sanciendum
1085 3796 1199 3874 luerit,
1234 3801 1271 3860 ut
1299 3794 1384 3859 alter

230 3906 344 3988 utique
368 3925 385 3967 e
411 3902 505 3984 plebe
530 3902 631 3968 fieret.
684 3904 775 3981 Turn,
806 3912 841 3968 ut
863 3905 927 3968 iarn
952 3905 1029 3987 dixi,
1053 3926 1160 3969 causae
1183 3903 1239 3968 illa
1261 3903 1383 3986 siguifi-

230 4014 316 4078 catio
348 4012 642 4077 incommodissime
673 4015 719 4077 sie
749 4015 982 4096 interponitur,
1016 4020 1053 4077 ut
1080 4014 1168 4078 bare:
1204 4021 1245 4077 ut
1278 4013 1384 4077 alter

259 4243 281 4311 ¹)
301 4243 342 4295 De
360 4244 461 4298 lacuna
479 4245 507 4298 iu
527 4246 654 4314 proximo
674 4245 766 4314 capite
783 4246 834 4312 (ll,
847 4247 874 4313 6)
888 4246 1015 4300 notanda
1032 4246 1091 4299 dixi
1110 4246 1140 4300 in
1157 4247 1303 4316 prooemio
1316 4264 1342 4317 p.
1357 4247 1381 4301 6.
