3060 5272
241 360 304 416 Ine.
323 358 421 416 XLIV.
538 409 542 417 .
785 346 847 407 688

240 532 379 599 idibus
407 531 700 598 Decembribus
733 538 794 596 cet.
843 529 958 616 Neque
980 532 1065 596 enim
1088 551 1234 598 census
1256 530 1309 598 hic
1331 532 1391 599 ab·

239 639 347 706 solute
368 639 433 706 dici
455 646 600 725 poterat,
630 659 670 705 ac
697 659 738 704 ne
761 638 874 705 addito
897 639 1030 722 quidem
1052 640 1237 722 equitum
1256 642 1389 707 nomine

238 755 329 814 recte
352 768 495 814 census
517 747 572 813 hic
589 746 828 832 appellaretnr;
850 767 926 813 nam
943 748 1070 830 equites
1088 768 1237 814 seorsum
1254 769 1390 815 rocen-

240 863 382 923 sentur
413 854 526 938 (XLII,
562 860 610 936 16,
646 856 688 939 1).
732 855 934 921 Recensus
967 876 1085 921 nomen
1118 855 1276 923 hactenus
1309 864 1387 924 ante

240 963 432 1030 Suetonium
453 985 520 1030 non
541 963 727 1048 legebatur,
749 971 786 1029 ut
812 964 1066 1030 recensionis
1093 970 1170 1030 ante
1194 963 1387 1032 Suetonium

239 1093 305 1138 uno
328 1072 495 1139 Ciceronis
517 1070 591 1138 loco
612 1072 741 1155 legitur.

325 1178 405 1265 Cap.
431 1185 479 1261 17,
502 1184 537 1245 l:
561 1178 707 1263 Itaque
730 1179 971 1263 designatos
994 1178 1159 1261 (consules
1177 1187 1211 1246 61
1227 1187 1389 1264 pretores

239 1311 269 1356 a.
295 1293 355 1355 168
378 1310 407 1357 6.
431 1287 523 1370 Chr.)
547 1287 750 1372 extemplo
779 1279 925 1354 sortiri
944 1288 1106 1371 placuit
1135 1289 1387 1372 provincias,

239 1405 292 1477 ut,
325 1399 411 1464 utri
432 1396 672 1463 Macedonia
693 1395 854 1462 consuli
878 1396 1024 1480 cuique
1046 1398 1214 1481 praetori
1237 1396 1387 1462 classis

241 1507 448 1573 evenisset
476 1504 538 1587 (sic
561 1503 745 1584 Creverius3
777 1504 874 1588 vulgo
897 1504 1004 1586 ven),
1028 1505 1219 1585 sciretur,
1242 1504 1387 1570 utiam

240 1614 336 1679 inde
358 1615 596 1698 cogitarent
628 1619 920 1697 pararentque,
951 1633 1036 1696 quae
1070 1612 1177 1678 bello
1211 1613 1302 1678 usui
1325 1612 1388 1678 16-

239 1727 339 1801 rent,
363 1728 425 1787 cet.
459 1720 621 1786 Vitiosum
644 1728 695 1787 est
716 1723 750 1786 in
772 1721 835 1787 hac
857 1721 1016 1787 orationis
1034 1721 1251 1805 descriptione
1274 1721 1389 1804 (quum

239 1828 414 1895 defutura
443 1831 581 1895 scientia
613 1829 746 1912 agatur)
779 1829 1138 1914 plusquamperfectum
1171 1830 1387 1906 evenisset,

240 1938 345 2002 oratio
368 1944 480 2002 autem
502 1944 575 2003 tota
597 1938 678 2004 satis
701 1937 877 2016 dissoluta,
906 1938 1071 2003 sententia
1098 1936 1187 2001 finali
1217 1936 1323 2001 altera
1346 1935 1388 2002 ab

239 2044 348 2111 altera
367 2065 452 2111 nexa
472 2044 531 2127 (ut
552 2046 746 2126 sciretur,
769 2048 910 2112 utiam
933 2045 1048 2127 inde).
1083 2043 1209 2110 Codex:
1239 2045 1388 2110 sortiri

154 2153 402 2238 (camplacuit
422 2154 764 2236 provideanteum
785 2154 879 2218 utri.
920 2153 1135 2219 Scribendum
1158 2158 1221 2217 est:
1245 2151 1388 2217 sortiri

237 2261 399 2346 placuit
421 2263 666 2345 provincias,
684 2268 733 2340 11,
757 2281 843 2342 cn,
862 2263 947 2326 utri
965 2260 1208 2327 Macedonia
1226 2258 1387 2325 consuli

239 2370 390 2452 cuique
422 2371 589 2452 pretori
622 2369 769 2435 classis
792 2370 1006 2449 evenisset,
1031 2370 1223 2448 sciretur,
1245 2374 1287 2432 ut
1309 2368 1387 2432 iam

238 2478 332 2544 inde
365 2478 600 2560 cogitarent
623 2486 685 2543 cet.
730 2477 822 2542 Ferri
850 2484 1017 2560 utcunque
1039 2483 1150 2560 potest
1171 2482 1214 2541 ut
1235 2475 1385 2559 pluribus

238 2587 422 2652 interiectis
454 2586 646 2668 repetitum3
679 2591 789 2668 potest
816 2591 926 2650 tamen
962 2587 1061 2677 etiam
1088 2583 1230 2649 alterum
1269 2591 1314 2650 ut
1347 2605 1387 2648 ex

239 2695 364 2759 ultimis
402 2693 523 2759 litteris
562 2692 653 2757 verbi
692 2693 871 2757 sciretur
913 2699 1021 2759 ortum
1065 2713 1151 2772 esse;
1179 2713 1272 2778 ¹nam
1309 2693 1387 2756 iam

239 2802 332 2868 inde
353 2802 493 2885 primum
525 2799 633 2865 locum
665 2806 777 2865 tenere
810 2801 929 2867 debere
962 2801 1100 2866 videtur.
1146 2799 1223 2883 [Pro
1245 2801 1387 2865 utiam

237 2911 381 2976 fortasse
400 2907 608 2974 scribendum
632 2908 661 2974 ii
681 2908 770 2974 iam.
803 2907 909 2992 1861]
951 2908 1176 2975 Subiiciuntur
1198 2905 1229 2991 (ἐ
1246 2907 1279 2989 8)
1302 2907 1388 2973 haec:

238 3019 406 3085 Latinas
436 3052 481 3062 —
518 3017 642 3101 primo
681 3037 840 3101 quoque
877 3025 1057 3102 tempore
1090 3015 1186 3083 fieri
1222 3017 1387 3100 placere
1450 3064 1455 3074 .
1505 3062 1508 3069 ·

238 3145 367 3211 neque
389 3124 606 3205 consulem,
629 3126 693 3189 cui
721 3125 891 3192 eundum
914 3128 952 3191 in
969 3125 1246 3191 Macedoniam
1270 3134 1387 3200 esset,

237 3236 380 3300 teneri.
413 3231 527 3301 Codex
547 3239 716 3298 teneret.
748 3232 962 3300 Scribendum
980 3235 1156 3317 igiturest,
1174 3232 1263 3316 quod
1287 3233 1387 3298 etiam

239 3341 497 3408 Forchhammer
517 3341 614 3406 vidit:
638 3359 681 3404 ne
701 3340 793 3418 qnld
816 3341 1023 3407 consulem
1043 3376 1087 3388 —
1109 3346 1279 3407 teneret.

325 3449 403 3534 Gap.
441 3453 489 3529 18,
526 3452 558 3513 l:
598 3448 811 3532 Extemplo
850 3451 1047 3533 apparuit
1080 3439 1278 3527 omnibus,
1312 3470 1388 3514 non

239 3558 424 3640 segniter
446 3557 487 3622 id
508 3555 660 3622 bellum
680 3556 716 3621 L.
739 3556 936 3623 AEmilium
963 3565 1184 3640 gesturum,
1218 3564 1389 3641 praeter·

239 3685 358 3748 qnam
380 3654 486 3748 quod
508 3663 619 3730 alius
641 3665 703 3731 vir
725 3671 826 3746 erat,
849 3666 973 3731 etiam
996 3665 1099 3749 quod
1122 3665 1208 3730 dies
1230 3672 1388 3732 noctes-

240 3794 314 3859 que
337 3773 522 3838 intentus
540 3792 586 3838 ea
608 3771 704 3852 sola,
728 3792 810 3855 quae
827 3772 876 3839 ad
897 3773 938 3838 id
955 3774 1388 3857 bellumpertinerent‚

240 3881 373 3947 animo
407 3879 606 3964 agitabat.
652 3874 723 3945 Vox
745 3880 850 3946 alius
882 3881 1088 3963 nonhabet,
1122 3902 1186 3966 quo
1215 3881 1388 3961 referatur,

240 3990 397 4074 quoniam
418 3989 567 4073 priorum
588 3988 622 4055 in
644 3986 839 4055 Macedonia
860 3990 1094 4074 imperatorum
1122 3988 1214 4054 nulla
1242 3991 1388 4073 proxime

240 4097 408 4180 praecessit
430 4097 569 4178 menti03
593 4096 710 4164 codex:
743 4097 849 4181 quod
871 4097 983 4179 aliis;
1005 4105 1093 4165 recte
1116 4097 1387 4164 Forchhammer:

240 4212 514 4290 preterquam
537 4204 645 4290 quod
661 4203 754 4268 tolla
771 4207 832 4271 vir
854 4215 946 4272 erat
962 4217 1034 4285 cet,
1058 4205 1175 4287 idest,
1199 4227 1301 4289 aquo
1324 4229 1390 4273 non
