3060 5272
221 289 284 349 116.
299 288 352 350 ¹111.
779 272 820 333 98
893 305 896 309 ·

222 460 397 527 rabilior
437 458 586 538 saltus,
627 457 727 522 ceteri
765 454 1146 540 inexsuperabilis.)
1205 456 1380 524 Postremo

223 567 411 652 (subeunda
433 567 535 644 enim,
566 565 704 630 veritate
728 570 879 648 cogente,
908 563 1057 629 audaciae
1078 565 1290 650 reprehensio
1313 565 1382 648 est)

223 675 239 760 ἓ
264 682 417 742 5161616
446 694 517 739 6666
545 693 642 756 posse
664 692 762 754 nego,
792 671 880 754 quod
903 671 1075 737 scribitur:
1109 695 1229 757 quum
1252 673 1380 755 aliud,

222 790 492 869 praeterquam
515 781 561 846 de
585 800 662 863 quo
684 778 967 859 rettulissent,
997 779 1216 846 decemviri
1240 780 1382 848 dicere

222 891 505 977 prohiberent,
546 886 762 952 Claudium
796 886 1094 971 interpellandi
1127 888 1381 955 verecundia

222 999 316 1079 fuit,
338 997 408 1062 haec
431 997 516 1061 enim
540 997 588 1060 616
612 995 781 1072 (11666161,
812 999 971 1076 tanquam
993 994 1101 1079 ipsum
1125 994 1298 1062 Claudium
1320 995 1379 1079 (de

223 1128 261 1172 eo
285 1106 372 1171 enim
395 1103 518 1188 agitur)
541 1102 771 1186 prohibuerint
793 1101 856 1166 6161
881 1101 1106 1168 (1616161616
1129 1103 1247 1168 (116616.
1292 1103 1380 1170 Nam

223 1213 312 1297 quod
329 1211 530 1278 adscribitur
542 1210 752 1276 Germanice:
778 1216 903 1289 sonat,
922 1207 986 1274 bei
1010 1209 1083 1275 den
1107 1209 1288 1294 iibrigen,
1311 1234 1378 1278 non

222 1327 335 1405 potest
357 1320 465 1385 omitti
493 1318 541 1397 id,
571 1319 605 1382 in
634 1337 699 1400 quo
722 1317 796 1400 ipsa
818 1317 982 1382 sententia
1003 1320 1151 1383 vertitur.
1201 1318 1382 1386 Manifesta

223 1429 395 1494 sententiae
417 1427 502 1491 ratio
527 1432 559 1490 61
583 1425 824 1489 contrariorum
841 1423 948 1506 figura
964 1424 1120 1509 postulat,
1144 1431 1182 1490 61
1198 1426 1378 1493 scribatur:

224 1558 342 1619 quum
371 1534 486 1612 otios,
520 1538 790 1617 praeterquam
819 1531 864 1596 de
893 1553 970 1613 quo
992 1533 1276 1615 rettulissent,
1310 1536 1379 1601 de·

224 1643 390 1708 66161111
430 1641 570 1705 dicere
605 1638 887 1724 prohiberent,
927 1637 1145 1706 Claudium
1179 1642 1380 1727 interpel-

222 1749 337 1814 landi
360 1747 606 1813 verecundia
628 1746 717 1812 fuit.

310 1854 389 1940 Cap.
414 1861 472 1934 41,
503 1859 538 1933 8,
561 1853 629 1919 ubi'
648 1855 834 1937 exponitur,
866 1874 925 1918 cur
947 1856 1050 1920 ceteri
1074 1856 1262 1937 decemviri,
1291 1854 1376 1942 App.

224 1961 362 2029 Claudio
380 1963 471 2027 urbis
490 1983 570 2027 61116
587 1962 769 2040 6661611666,
789 1959 825 2036 Q.
838 1961 942 2026 Fabio
960 1962 1082 2027 bellum
1095 1984 1168 2029 cum
1181 1963 1312 2032 Sabinis
1324 1987 1381 2050 ge-

223 2069 360 2135 rendum
383 2069 581 2148 mandarint,
600 2071 633 2133 in
654 2069 705 2148 116,
724 2090 797 2152 quae
817 2069 857 2133 de
869 2069 973 2135 Fabio
992 2078 1176 2155 ponuntur:
1196 2073 1236 2138 in
1252 2072 1380 2140 Fabio

223 2180 355 2244 minus
390 2179 428 2241 in
462 2177 566 2242 bono
601 2182 795 2242 constans
829 2197 945 2258 quam
980 2199 1122 2243 navum
1149 2180 1189 2244 in
1217 2181 1381 2247 malitia

225 2287 437 2368 ingenium
465 2305 564 2363 esse,
595 2290 646 2348 est
674 2284 800 2367 aliquid
829 2285 862 2347 in
886 2287 1050 2350 sententia
1071 2287 1152 2351 vitii.
1197 2286 1382 2355 Decemviri

226 2395 313 2458 enim
336 2413 402 2458 non
425 2391 624 2474 quaerebant,
650 2413 747 2474 quam
769 2393 808 2456 in
831 2392 935 2457 bono
960 2399 1115 2457 constans
1138 2400 1226 2460 66661
1246 2389 1382 2478 Fabius,

225 2521 285 2565 nec
307 2500 412 2577 simul,
442 2505 602 2581 quantum
625 2499 767 2564 inbono
791 2505 824 2564 et
846 2501 879 2563 in
902 2500 989 2565 malo
1012 2501 1195 2582 excelleret,
1217 2505 1381 2571 rationem

224 2606 402 2672 habebant.
454 2605 593 2671 Videtur
615 2605 726 2672 Livius
750 2607 910 2672 orationis
933 2605 1039 2673 forma
1061 2609 1251 2690 aberrasse,
1279 2633 1381 2694 quum

225 2716 271 2779 sic
312 2713 456 2778 scribere
500 2712 636 2779 deberet
675 2714 785 2794 (suum
819 2713 1024 2799 aliorumque
1058 2721 1092 2780 61
1124 2716 1382 2784 decemvirorum

225 2821 384 2886 iudicium
413 2822 446 2884 in
470 2842 571 2884 unum
595 2820 771 2903 conflans):
805 2823 934 2904 magis
968 2843 1045 2887 non
1078 2823 1117 2887 in
1151 2823 1253 2891 bono
1287 2846 1382 2892 con·

227 2934 341 2993 stans
366 2949 482 3011 quam
507 2934 568 2992 cet.
613 2928 662 2993 Eo
686 2934 853 3012 spectant,
885 2949 957 3012 quae
981 2928 1214 3012 subiiciuntur,
1241 2933 1379 3000 Fabium
1480 2921 1484 2927 ⁵

225 3057 290 3101 non
325 3041 444 3099 natura
483 3035 619 3115 malum,
652 3037 877 3103 inconstantia
909 3042 1039 3102 1661616
1074 3044 1107 3102 61
1142 3038 1333 3107 infirmitate
1361 3065 1383 3108 a

225 3144 316 3209 bono
346 3143 537 3222 descivisse,
571 3143 646 3209 ideo
670 3146 700 3209 ei
723 3145 838 3209 urbem
863 3143 952 3209 credi
975 3166 1040 3209 non
1062 3146 1225 3228 potuisse,
1258 3148 1382 3231 inqua

224 3272 309 3317 nava
338 3251 464 3316 malitia
492 3273 574 3335 opus
605 3257 701 3317 esset.
747 3250 1038 3333 (1861611813.)
1089 3251 1183 3335 (Quae
1205 3253 1382 3321 manifesto
1445 3248 1449 3257 ’

225 3359 406 3441 requiritur
428 3360 601 3439 sententia,
623 3380 758 3443 prorsus
782 3359 899 3435 aderit,
922 3360 949 3424 si
972 3364 1048 3423 6616
1073 3360 1203 3427 161666
1220 3361 1381 3429 excidisse

224 3466 408 3551 putarimus
442 3468 590 3551 potius,
625 3466 714 3549 quod
743 3465 828 3530 61161
850 3465 996 3531 adverbii
1019 3469 1262 3550 comparativus
1284 3469 1381 3535 alteri

225 3580 375 3641 noceret:
415 3575 455 3637 in
492 3574 619 3639 Fabio
658 3572 758 3654 potius
796 3573 929 3638 minus
968 3575 1009 3639 in
1046 3574 1148 3640 bono
1183 3582 1382 3642 constans

225 3703 341 3764 quam
365 3701 505 3747 navum
528 3683 568 3746 in
590 3680 753 3747 malitia
773 3682 979 3764 ingenium
1003 3702 1101 3747 esse.
1150 3682 1257 3766 1875.)

310 3785 388 3871 Cap.
413 3793 465 3868 45,
495 3794 513 3852 9
537 3791 571 3853 16
593 3788 677 3853 Icilii
698 3789 806 3873 Appio
831 3786 969 3854 Claudio
992 3790 1149 3855 minantis
1172 3790 1381 3858 6161166616

223 3895 275 3961 his
297 3895 422 3960 verbis:
456 3897 593 3982 Neque
626 3903 671 3962 111
704 3898 817 3962 istud
846 3918 1019 3980 unquam
1052 3897 1264 3964 decretum
1294 3899 1382 3964 sine

225 4003 331 4069 caede
359 4009 503 4070 nostra
524 4004 697 4087 referes,
730 4005 906 4071 obscurum
928 4010 994 4085 661,
1029 4027 1094 4089 quo
1124 4026 1221 4070 sensu
1252 4005 1383 4071 dicatur

224 4110 381 4175 referre
409 4111 629 4195 decretum,
659 4113 791 4179 videtur
819 4115 905 4178 enim
928 4134 1001 4179 6666
1022 4134 1183 4180 renovare
1206 4113 1382 4178 etiterum
