3060 5272
234 351 295 404 Lib.
314 348 440 403 XXXVI.
780 338 841 399 524

236 532 293 586 aut
321 543 420 605 quum
450 523 588 586 maxime
619 520 688 585 fieri
717 523 832 605 incipit
859 520 970 586 fierive
1000 520 1097 585 debet
1126 517 1180 597 (de
1209 526 1402 603 quercet

236 631 337 694 ceteri
355 631 559 711 grammatici
579 629 774 711 praecipiunt
792 636 903 711 stege
921 628 1067 693 breviter
1084 628 1226 710 praecepi
1243 626 1398 693 Gramm.

235 737 306 801 Lat.
330 736 346 819 ξ
371 740 432 801 340
456 746 523 800 not.
551 736 597 815 l),
633 738 838 818 maximeque
868 735 1147 812 comminationis,
1180 734 1213 797 in
1237 755 1304 817 qua
1327 754 1401 800 om-

235 867 309 911 nem
339 844 527 909 dilationem
559 850 590 907 ot
623 865 747 907 moram
777 843 938 908 sublatam
963 842 1128 920 volumus,
1162 842 1320 925 proprius
1343 849 1403 909 est

235 952 288 1017 hic
312 953 485 1035 praesentis
509 975 584 1014 cum
607 953 645 1014 ni
670 950 778 1031 (uisi)
802 972 895 1030 usus,
925 959 1083 1034 sequente
1106 955 1165 1015 aut
1186 948 1400 1032 praecedente

237 1060 368 1141 lutur03
391 1082 430 1123 ox
453 1082 517 1140 quo
541 1081 659 1142 genere
683 1068 716 1123 et
741 1058 821 1123 illud
846 1066 896 1123 est
919 1059 1008 1141 opud
1032 1056 1221 1122 Ciceronem
1243 1056 1279 1121 iu
1303 1056 1401 1129 Verr.

238 1168 291 1243 IV,
312 1171 362 1244 39,
382 1172 437 1230 85:
468 1168 639 1231 moriere
658 1168 799 1248 virgis,
823 1167 901 1231 nisi
920 1165 1018 1230 mihi
1039 1167 1196 1247 siguum
1215 1163 1402 1231 traditur

239 1276 309 1357 (cfr.
333 1275 358 1353 1,
391 1279 440 1353 32,
470 1276 524 1341 Sel
554 1284 588 1337 et
611 1274 751 1338 alterum
775 1296 814 1339 ex
838 1276 988 1339 oratione
1012 1273 1051 1337 cle
1073 1292 1150 1354 rege
1173 1270 1400 1337 Alexandrino

239 1390 400 1447 sertatum
432 1381 617 1451 (Selmliast.
643 1382 745 1446 Cicer.
776 1381 825 1446 erl.
851 1380 950 1446 Orell.
975 1380 1006 1444 II
1035 1404 1066 1464 p.
1097 1378 1187 1457 351):
1221 1399 1297 1443 non
1326 1398 1400 1462 pa-

239 1492 320 1554 tiar
356 1490 458 1553 hane
488 1488 676 1551 exaudiri
706 1512 841 1553 rocem
870 1488 990 1553 huius
1019 1486 1194 1570 imperii:
1229 1485 1311 1568 Ego
1340 1494 1399 1565 te,

239 1598 317 1661 nisi
341 1598 407 1658 eas
431 1596 604 1675 aliquid.
634 1596 800 1675 hostem,
830 1599 861 1661 si
885 1594 979 1678 quid
1002 1594 1168 1672 dederis,
1197 1614 1334 1675 regern
1357 1600 1402 1659 et

240 1706 393 1768 socium
423 1712 461 1766 et
492 1704 661 1766 aruinum
693 1703 903 1781 iudicabo,
938 1710 971 1767 et
998 1702 1087 1785 apud
1110 1701 1235 1765 Livium
1263 1699 1327 1766 hoo
1355 1722 1398 1767 ex

244 1810 295 1889 t'l,
323 1815 375 1888 15,
411 1816 444 1873 ῦς
479 1811 588 1891 qnod
617 1812 694 1875 nisi
724 1812 845 1889 facis,
873 1846 916 1855 -
939 1812 976 1873 in
998 1810 1134 1872 vincla
1157 1815 1195 1873 te
1218 1808 1311 1871 duci
1335 1810 1400 1873 iu-

243 1919 354 1983 bebo.
401 1917 479 2000 [Cic.
504 1919 545 1982 ml
566 1919 631 1981 Au.
651 1918 722 1987 XII.
746 1924 797 1995 40,
821 1925 850 1995 4,
873 1918 974 1982 Acarl.
994 1917 1034 1993 ΙΙ,
1058 1921 1107 1994 29,
1127 1919 1177 1994 93,
1197 1914 1294 1980 Corn.
1312 1912 1399 1999 Nep.

243 2026 356 2107 lipom.
382 2033 415 2105 l,
446 2026 550 2089 I'laut.
578 2028 665 2089 l'crs.
692 2027 728 2091 l'.
757 2031 785 2104 2,
809 2032 867 2104 lo,
895 2025 967 2089 Ter.
993 2024 1075 2089 Eun.
1100 2024 1152 2102 IV,
1176 2027 1205 2101 7,
1230 2026 1286 2102 33,
1316 2022 1400 2088 Hor.

244 2136 311 2198 Sat.
336 2133 383 2209 ΙΙ,
414 2138 447 2212 3,
480 2134 563 2215 103]
615 2133 688 2198 Non
718 2141 864 2198 nmtatur
891 2153 957 2211 res,
987 2131 1168 2197 substituto
1197 2152 1256 2214 pro
1285 2130 1401 2197 futuro

242 2242 435 2323 imperativo
470 2251 666 2324 exspecta-
700 2249 759 2306 aut
792 2242 905 2319 simili,
944 2247 981 2305 ut
1014 2238 1201 2317 XXXVIII,
1244 2244 1298 2315 14,
1341 2242 1400 2303 12:

243 2350 476 2431 Quingoutu
498 2349 660 2412 talanta
683 2350 764 2411 nisi
787 2348 925 2412 triduo
948 2368 1144 2424 numerate,
1168 2344 1402 2429 populatio-

242 2478 326 2518 uem
351 2457 389 2518 iu
414 2458 525 2537 agris
550 2492 589 2500 -
613 2464 823 2537 exspecto.

329 2560 407 2642 Cap.
455 2566 510 2638 34,
561 2567 598 2624 10
643 2562 691 2639 (in
736 2563 884 2626 oratione
930 2561 965 2625 T.
1008 2562 1152 2639 Quinctii
1197 2559 1251 2625 M?
1292 2558 1402 2627 Acilio

242 2668 425 2743 sumleutis,
461 2692 500 2731 m»
536 2671 566 2731 iu
604 2668 766 2750 Naupacti
802 2669 1047 2750 oppugnatione
1082 2666 1239 2751 perstetl:
1273 2667 1403 2751 Atqui

243 2797 318 2837 uon
360 2781 520 2838 tantum
555 2776 733 2838 interest
768 2782 924 2855 nostra,
963 2775 1189 2840 AEtolorum
1223 2795 1320 2857 opes
1354 2795 1402 2839 oe

242 2881 349 2944 vires
386 2882 522 2945 minui.
556 2891 751 2964 ‹prautum
786 2904 862 2946 non
899 2903 1021 2966 supra
1056 2883 1209 2947 modum
1240 2880 1402 2965 Philip-

242 3010 331 3069 pum
361 3010 563 3055 oreseere.
599 2998 638 3053 ct
667 2991 851 3054 vietoriae
882 2997 957 3054 tun·
987 2990 1189 3071 praemium
1217 2996 1256 3053 te
1284 2987 1401 3052 mili-

241 3102 388 3175 tesque
423 3104 514 3159 tuos¹
549 3098 721 3162 nondum
755 3099 855 3161 (luas
890 3097 1025 3174 urbes,
1067 3093 1308 3179 Philippum
1333 3102 1402 3160 tot

241 3210 386 3283 gentos
422 3206 584 3268 tinacia·
620 3206 778 3268 habere.
840 3204 918 3269 Haec
952 3205 1031 3285 quid
1065 3204 1226 3268 halrerent
1258 3203 1292 3265 in
1327 3223 1402 3267 sen-

240 3311 346 3373 tentia
375 3312 460 3390 vitii,
495 3335 594 3392 iprum
620 3312 710 3375 Imm.
739 3310 909 3377 Beklrerus
932 3313 1166 3394 perspexisset,
1200 3317 1402 3395 postremam

242 3426 368 3499 partem
401 3419 476 3482 iude
507 3442 526 3481 a
551 3419 657 3483 verbis
686 3428 726 3482 et
754 3420 938 3483 victoriae
967 3426 1043 3482 tuoe
1073 3418 1245 3482 delendam
1275 3416 1401 3499 signifi·

241 3525 341 3602 cavit,
376 3526 469 3589 cuius
508 3526 618 3589 iudicii
647 3546 779 3589 causam
811 3525 1018 3607 Kreyssigius
1047 3536 1081 3589 et
1109 3524 1399 3589 Weissenbornius

154 3657 226 3725 (423)
245 3631 327 3694 adeo
352 3654 414 3695 nou
438 3632 687 3709 intellexerunt,
722 3642 757 3696 ut
781 3634 912 3697 omniuo
936 3654 986 3711 se,
1020 3633 1097 3715 quid
1121 3631 1307 3697 Beklrerum
1330 3652 1400 3697 mo-

239 3739 354 3816 visset,
383 3740 511 3802 nescire
536 3740 726 3804 faterentur.
783 3740 827 3803 Et
849 3745 959 3804 tamen
982 3760 1035 3804 res
1058 3739 1236 3803 manifesta
1258 3744 1311 3803 est
1331 3760 1401 3803 mo·

238 3852 394 3927 seratque
425 3868 476 3910 me
505 3848 648 3910 nomlum
679 3848 809 3927 cognitu
832 3845 974 3911 Beklreri
999 3848 1196 3930 suspicione.
1252 3845 1396 3910 Primum

238 3954 323 4017 enim
353 3955 526 4036 perspicus.¹
551 3954 695 4017 tollitur.
730 3953 794 4016 illis
818 3954 971 4033 adiectis,
1008 3954 1265 4037 comparationis
1287 3974 1398 4036 ecquo·

237 4059 329 4139 litas,
358 4083 430 4144 qum
455 4064 563 4143 pinita
589 4069 640 4124 est
666 4063 698 4123 in
723 4061 851 4125 duabus
875 4061 982 4139 rebus,
1010 4060 1196 4126 AEtolorum
1219 4081 1319 4143 opum
1342 4060 1399 4125 de-

237 4168 416 4233 minutione
440 4174 474 4231 et
498 4168 640 4251 1¹hilippi
664 4170 885 4233 incrementis.
937 4168 1063 4233 Deinde
1094 4169 1162 4232 haec
1191 4187 1276 4232 nova
1306 4186 1396 4232 com-
