3060 5272
206 353 267 407 Lib.
287 350 411 403 XXXIX.
756 343 816 402 564

207 523 247 586 de
280 523 391 603 priore
422 530 461 585 et
483 522 564 586 nihil
587 529 735 602 notatur,
769 523 910 589 efficitur
943 531 981 588 ιί
1010 531 1279 607 exceperunt,
1313 525 1372 589 lta

206 630 418 712 prosecuti
442 637 502 694 oet.
539 630 603 694 Sed
621 632 749 695 videtur
771 638 847 714 post
870 639 913 697 nt
930 632 1092 697 excidisse
1114 632 1287 714 benigne
1306 640 1371 699 aut

206 736 323 801 similis
345 757 415 800 vox.
443 736 549 818 1865]

291 843 370 926 Cap.
397 847 477 919 55‚4
497 850 529 906 et
548 849 580 906 ὅτ
604 844 646 907 M.
666 845 859 912 Claudius
878 847 1028 925 consul,
1052 846 1184 912 Gallis
1207 868 1252 911 ex
1276 869 1369 930 pro-

205 953 342 1015 vincia
359 951 529 1017 exactis.
547 951 773 1017 Histricum
793 954 945 1018 bellum
967 954 1105 1018 moliri
1129 954 1275 1037 eoepit,
1298 953 1370 1020 lit·

206 1060 308 1124 teris
327 1058 374 1122 ad
399 1066 583 1121 senatum
601 1060 745 1137 missis,
765 1068 807 1125 ut
825 1062 907 1125 sibi
934 1063 974 1124 in
996 1061 1192 1124 Histriam
1220 1062 1369 1127 tradu-

207 1187 297 1230 cere
314 1165 498 1246 legiones
516 1165 671 1230 lioeret.
691 1166 1369 1253 Idsenatniplacuit.Brevihuiosig·

206 1263 386 1337 nificationi
419 1273 625 1354 comprobati
660 1273 804 1337 consulis
840 1274 979 1353 consilii,
1014 1275 1078 1357 ipsi
1108 1274 1188 1338 satis
1220 1274 1368 1341 insolitae

207 1379 263 1461 (--
284 1402 360 1445 nam
383 1381 544 1462 placuit
574 1380 613 1444 de
643 1380 799 1457 decretis,
835 1382 957 1463 quibus
985 1384 1055 1465 ipse
1078 1391 1214 1447 senatus
1236 1382 1367 1466 aliquid

120 1506 193 1573 (459)
212 1489 283 1553 fieri
316 1488 421 1565 iubet,
457 1488 589 1564 dicitur,
626 1487 665 1551 de
706 1489 950 1570 comprobando
984 1490 1286 1573 permittendoque,
1314 1498 1365 1571 ut,

207 1597 295 1680 quod
328 1595 535 1674 magistra-tui
569 1594 669 1658 alicui
702 1617 719 1658 e
748 1617 784 1658 re
808 1596 939 1677 publiea
961 1619 1033 1661 esse
1057 1597 1222 1671 videatur,
1246 1596 1361 1678 faeiat,

205 1727 269 1769 non
294 1703 415 1765 dicitnr
437 1703 503 1779 —).
527 1702 583 1765 sed
607 1703 867 1784 comprobationi
891 1704 1067 1767 admodum
1089 1709 1171 1770 mire
1194 1705 1256 1768 hoo
1278 1706 1358 1771 sub-

207 1813 365 1892 iungitur:
390 1807 492 1871 illud
516 1809 743 1889 agitabant,
768 1812 828 1874 uti
852 1811 1015 1877 colonia
1032 1813 1225 1894 Aquileia
1243 1813 1366 1879 dedu·

207 1926 382 1984 seretur.
428 1917 549 1998 Aperte
574 1917 658 1980 eninr
683 1917 888 1999 (pronomine
913 1920 1013 1983 etiam
1035 1941 1109 1983 cum
1132 1920 1279 2002 pondere
1302 1922 1366 1986 ini-

205 2028 253 2091 tio
288 2024 410 2108 posito)
445 2023 664 2106 significatur,
700 2033 849 2089 senatum
884 2027 983 2091 aliam
1013 2048 1082 2090 rem
1104 2026 1249 2093 Histrico
1272 2026 1365 2095 bello

204 2132 464 2219 praevertendum
487 2134 661 2214 potiusque
690 2132 815 2197 consuli
845 2135 1006 2216 agendam
1035 2136 1213 2200 censuisse.
1258 2135 1366 2217 quue

205 2241 379 2325 perspicue
403 2242 617 2303 confirmatur
640 2242 787 2322 proximo
812 2242 920 2324 capite
946 2242 987 2321 (e.
1008 2246 1058 2320 56,
1083 2246 1131 2318 3);
1152 2243 1195 2304 llr
1218 2242 1367 2305 dlstrla

205 2356 408 2411 revocatus
436 2346 478 2410 M.
503 2347 743 2426 Marcellus,
774 2349 961 2413 exercitu
990 2348 1176 2427 dimisso,
1201 2350 1366 2415 Romam

205 2455 466 2520 comitiorum
490 2476 614 2519 causa
642 2455 785 2534 rediit3
808 2477 913 2537 neque
944 2456 1125 2539 quidquam
1153 2456 1193 2520 de
1216 2456 1364 2523 Histrico

205 2562 307 2632 bello,
343 2560 431 2643 qnod
465 2565 594 2626 senatui
627 2562 682 2625 hic
718 2563 880 2645 placuisse
916 2563 1051 2639 dieitur,
1086 2569 1163 2627 ante
1197 2570 1364 2645 narratur,

205 2692 303 2753 quam
331 2671 395 2753 ipsi
418 2669 522 2732 Histri
546 2670 708 2732 coloniam
731 2669 915 2751 Aquileiam
939 2670 1058 2734 deduci
1081 2671 1258 2754 prohibent
1282 2671 1364 2753 (XL,

205 2780 270 2859 26).
316 2780 469 2860 Apparet,
493 2778 617 2859 opinor,
641 2776 765 2840 Livium
792 2779 978 2860 scripsisse:
1013 2777 1056 2841 Id
1087 2781 1251 2843 senatui
1282 2779 1363 2843 band

204 2886 378 2969 placuit3
402 2884 507 2948 illud
531 2884 762 2968 agitabant,
787 2887 847 2949 uti
872 2886 970 2965 cet.¹)
1005 2884 1118 2968 Ipsum
1140 2886 1245 2950 illud
1273 2888 1364 2968 agi-

205 2994 350 3058 tabant
384 2993 536 3065 ostendit,
573 2993 613 3057 de
647 2991 735 3056 bello
765 3000 933 3074 negatum,
963 2993 1063 3056 aliam
1090 3014 1160 3057 rem
1188 2992 1362 3077 pacificam

205 3101 351 3182 agitante
376 3107 504 3164 senatu.

671 3252 763 3333 Lib.
796 3252 883 3332 XL.

291 3381 368 3466 Cap.
394 3390 422 3460 8,
448 3388 487 3446 14
511 3384 558 3464 (in
582 3385 731 3448 oratione
754 3383 899 3466 Philippi
922 3384 963 3447 ad
987 3383 1103 3463 filiosl:
1133 3384 1213 3447 lam
1239 3382 1359 3467 (posui,

203 3489 267 3554 hoc
290 3500 350 3555 est.
375 3492 638 3567 commemorari)
657 3491 727 3555 hos
749 3491 962 3555 Eumenem
985 3491 1253 3575 Attalumque
1276 3492 1361 3556 fra·

203 3604 296 3673 tres,
321 3619 341 3660 a
364 3619 479 3680 quam
503 3600 661 3680 exiguis
684 3600 817 3674 rebus
841 3620 968 3680 prope
991 3606 1035 3662 nt
1058 3597 1229 3680 puderet
1253 3600 1360 3683 regii

209 3734 431 3742 ——-.———

228 3799 237 3830 ¹
243 3818 252 3864 p
272 3798 337 3865 Cap.
358 3801 399 3859 54,
421 3801 452 3851 12
474 3800 671 3868 expellendum
695 3818 755 3854 esse
780 3818 890 3868 equam,
919 3801 994 3868 qnod
1018 3802 1147 3869 Sigonius
1175 3820 1192 3854 a
1215 3801 1357 3855 sententia

273 3883 405 3936 aberrans
434 3884 521 3943 ondit,
541 3887 627 3939 ceteri
651 3892 761 3951 tenent,
790 3892 867 3939 reete
891 3884 1035 3939 Cres'erins
1059 3887 1207 3940 intellexit.
1242 3887 1357 3941 Denun-

273 3968 400 4021 tiationi.
429 3973 461 4021 ut
488 3970 587 4022 Gallici
612 3971 710 4039 populi
736 3970 947 4024 multitudinem
975 3989 1053 4024 suam
1082 3971 1159 4023 domi
1187 3972 1360 4039 contineant,

273 4053 370 4106 addita
389 4055 569 4109 comminatio
595 4060 647 4108 cst:
676 4056 782 4123 Alpes
809 4072 918 4124 prope
941 4056 1200 4125 insuperabilis
1219 4056 1305 4111 linis
1324 4058 1360 4111 in

273 4140 384 4192 medio
405 4144 462 4193 est.
499 4139 573 4194 Non
601 4141 720 4207 ntique
738 4141 784 4193 iis
811 4141 934 4195 melius
962 4142 1030 4195 erit
1053 4142 1168 4207 (malum
1194 4141 1358 4207 habebunt),

272 4225 330 4291 qui
349 4242 404 4278 eas
422 4224 528 4293 primi
546 4226 687 4293 pervias
705 4226 865 4281 fecerint,
