3060 5272
223 361 286 417 Lib.
305 361 405 414 xxm.
592 346 594 350 ’
771 347 832 409 320

224 539 294 599 tum
324 553 395 596 esso
423 533 456 594 in
484 530 698 615 Campaniam
726 553 848 597 versus.
899 532 1046 615 Apparet
1075 533 1177 596 etiam
1204 552 1244 596 ex
1273 532 1380 596 activa

223 641 315 705 verbi
338 640 451 719 forma,
480 640 665 705 nominatos
688 639 888 723 fuisse,'qui
910 640 1133 719 nuntiassent3
1162 660 1271 722 neque
1294 641 1379 705 enim

223 749 469 814 nuntiarunt
491 769 550 830 pro
572 750 801 813 nuntiatum
824 755 894 827 est,
917 753 955 813 ut
971 748 1068 831 vulgo
1085 748 1233 839 homines
1251 747 1381 813 intelle-

223 861 351 939 gantur,
370 856 480 920 Livius
504 854 611 920 dicere
635 856 720 921 solet
742 862 799 920 aut
821 856 875 920 hio
899 855 1047 920 dicturus
1071 862 1151 921 erat.
1198 855 1237 921 Id
1260 877 1380 924 nomen

224 964 294 1028 erni
328 970 408 1046 puto
443 964 525 1028 satis
560 970 652 1028 certa
685 965 876 1028 coniectura
910 984 1007 1046 posse
1041 985 1080 1028 ex
1111 964 1379 1048 nimisaceipi.

223 1071 341 1154 Itaque
371 1071 414 1135 ad
441 1071 526 1136 hanc
549 1072 688 1136 sormam
711 1072 838 1136 Livium
861 1072 1032 1155 scripsisse
1056 1073 1187 1154 opinor:
1217 1094 1336 1156 quum
1360 1092 1380 1136 a

224 1178 371 1244 Casino
407 1179 651 1244 dictatorem
680 1181 717 1243 R.
746 1180 1014 1263 legionesque
1050 1181 1189 1244 venire
1218 1178 1380 1242 duum

224 1288 295 1349 eltl
325 1289 601 1352 nuntiassent.
652 1288 770 1370 Vagati
795 1286 946 1352 Numidae
975 1294 1069 1352 erant
1097 1287 1139 1351 ad
1168 1287 1380 1371 speculanda,

224 1415 296 1477 quae
321 1395 410 1478 apud
434 1397 601 1460 Romanos
625 1395 848 1477 agerentur.¹)

134 1513 208 1581 (263)
313 1501 392 1585 Cap.
430 1508 483 1581 18,
523 1507 541 1566 5
581 1503 636 1583 (de
677 1504 922 1586 oppugnatione
963 1501 1130 1583 Casilini):
1170 1502 1379 1568 Postremo

223 1610 440 1681 Hannibal,
465 1612 616 1675 eastris
640 1618 736 1675 ante
759 1612 848 1693 ipsa
871 1612 1032 1676 moenia
1054 1612 1269 1693 oppositis,
1292 1631 1380 1695 par-

223 1739 308 1782 vaur
342 1718 479 1782 urbem
509 1754 550 1763 -
578 1740 813 1801 oppugnare
847 1725 974 1802 parat.
1031 1718 1150 1784 Castra
1183 1741 1249 1784 non
1278 1739 1381 1802 oppo-

223 1831 356 1901 nuntur,
384 1827 448 1890 nisi
471 1848 544 1908 quae
567 1827 655 1891 hosti
679 1827 831 1910 progredi
855 1827 987 1892 conanti
1011 1826 1227 1906 obiiciuntur3
1261 1827 1295 1889 in
1318 1826 1379 1891 tali

223 1953 275 2009 re,
309 1933 417 2016 qualis
450 1933 504 1998 hic
537 1942 707 2010 narratur,
743 1936 839 2014 alibi,
873 1937 906 2000 ni
934 1934 1048 2012 fallor,
1082 1955 1211 2017 semper
1240 1939 1381 1999 castra

224 2048 316 2105 ante
351 2043 440 2125 ipsa
467 2044 625 2106 moenia
654 2044 791 2125 posita
819 2043 983 2108 dicuntur.
1035 2043 1168 2121 Vereor,
1191 2063 1232 2107 ne
1256 2063 1303 2126 op
1327 2062 1379 2106 or-

223 2154 294 2213 tum
328 2149 372 2228 sit
407 2170 447 2214 ex
476 2151 699 2233 geminatione
730 2151 848 2215 litterar
875 2171 894 2231 p
922 2157 955 2215 et
985 2149 1181 2233 praecedenti
1210 2168 1237 2213 ι.
1293 2147 1380 2230 [Ρο-

224 2257 321 2322 sitis
344 2257 420 2321 Lov.
444 2256 489 2339 4.]

310 2363 388 2447 Cap.
415 2369 463 2444 19,
489 2373 542 2430 18:
574 2388 657 2431 cum
680 2366 806 2431 titulo
829 2402 872 2412 -
895 2368 1107 2449 inscripto,
1131 2366 1173 2430 M.
1193 2365 1381 2429 Anicium

224 2492 294 2553 pro
323 2472 524 2538 militibus
554 2483 749 2538 -votum
777 2475 957 2538 vovisse·
990 2471 1016 2536 P
1046 2473 1380 2538 uotumuoluisse.

224 2577 434 2659 significatur
457 2589 591 2646 votum
614 2581 787 2644 selrlsse.
839 2581 1036 2663 Inscriptum
1058 2588 1145 2647 erat:
1180 2581 1222 2646 M.
1247 2582 1382 2646 Anicius

223 2694 398 2752 -votum
421 2688 519 2752 solvit
542 2688 660 2754 lubens
684 2690 810 2754 merito.
857 2687 980 2769 (1862.)

309 2792 406 2878 *Cap
441 2799 496 2875 20,
532 2802 566 2860 6:
601 2797 732 2878 (Patres
771 2798 909 2861 Romani
943 2795 1123 2878 Petelinos)
1164 2797 1381 2863 consulere

223 2900 388 2967 sibimet
415 2903 527 2987 ipsos
550 2906 589 2969 in
618 2905 822 2987 reliquum
847 2905 1042 2987 praesenti
1064 2903 1233 2970 fortuna
1256 2907 1382 2970 iusse-

223 3015 324 3074 runt.
376 3010 462 3088 Quid
497 3012 541 3076 sit
569 3011 787 3077 consulere
817 3011 896 3076 sibi
926 3013 1122 3095 praesenti
1150 3012 1319 3079 fortuna
1349 3020 1382 3078 et

223 3117 310 3199 quod
333 3117 395 3182 hoc
418 3118 553 3184 ablativi
576 3141 693 3203 genae,
723 3119 833 3184 doceri
861 3120 966 3186 velim.
1019 3121 1091 3186 Nisi
1119 3120 1153 3184 id
1175 3120 1213 3185 fit
1236 3120 1310 3202 (nec
1332 3120 1383 3185 fu-

222 3231 333 3289 turum
356 3227 473 3310 opinor
494 3229 555 3307 ita,
589 3235 627 3292 ut
649 3228 802 3293 assentiri
825 3228 973 3311 possim),
997 3227 1125 3295 Livium
1147 3229 1256 3294 dicam
1279 3229 1383 3312 scrip-

224 3333 305 3398 sisse
339 3353 405 3414 μα
439 3336 633 3418 praesenti
662 3333 846 3407 fortuna,
881 3335 942 3399 hoe
971 3343 1034 3415 est,
1068 3342 1106 3401 ut
1135 3357 1283 3420 praesens
1314 3336 1380 3401 for·

224 3472 266 3479 0—-

253 3525 275 3591 ¹)
294 3524 376 3595 *Cap
399 3529 442 3594 16,
468 3530 499 3582 16
520 3527 654 3582 mendum
679 3526 783 3581 frustra
805 3538 968 3581 excusatum
987 3544 1140 3596 coarguere
1158 3544 1291 3597 possum,
1319 3544 1380 3582 cor·

291 3611 382 3679 rigere
400 3612 585 3681 probabiliter
603 3631 660 3667 non
678 3630 801 3683 possum.
844 3610 942 3681 Neque
960 3613 1144 3667 vincentes
1163 3611 1295 3679 intellegi
1314 3628 1380 3679 pos·

293 3701 361 3749 sunt
378 3696 443 3764 illi,
467 3698 523 3766 qui
544 3702 612 3751 tum
630 3699 802 3765 vicerunt,
827 3698 931 3752 omissa
948 3714 1016 3751 voce
1034 3697 1156 3751 maxime
1175 3695 1333 3749 necessaria
1352 3700 1382 3749 et
1412 3702 1415 3708 '

293 3782 387 3849 posito
416 3799 503 3851 pravo
531 3789 671 3853 tempore,
698 3801 789 3852 neque
812 3784 926 3837 omnino
950 3783 1128 3836 vincentes
1152 3779 1305 3850 appellari,
1335 3780 1383 3848 qui

292 3883 350 3920 non
371 3867 499 3922 vicerant
522 3867 607 3936 (quod
629 3875 732 3938 postea
756 3869 868 3922 demum
890 3866 1085 3934 factumest),
1113 3866 1162 3921 sed
1181 3864 1382 3919 tantummodo

294 3951 362 4004 vieti
379 3969 436 4004 non
456 3961 548 4020 erant,
576 3959 606 4007 et
629 3953 747 4009 ridicule
769 3953 883 4008 omnino
901 3952 1125 4007 vincentibus
1144 3950 1259 4006 difficile
1278 3951 1383 4006 dieitur

294 4053 353 4089 esse
382 4055 446 4090 non
473 4038 573 4093 rinei.
623 4039 746 4093 Venerat
773 4040 802 4093 in
828 4044 964 4094 mentem:
991 4037 1068 4093 Non
1095 4038 1192 4094 vinei
1220 4037 1315 4091 enim
1342 4036 1384 4089 ab

293 4121 486 4176 Hannibale
523 4124 665 4178 vincere
697 4124 916 4179 discentibus
949 4123 1140 4179 difficilius
1173 4124 1251 4177 luit
1286 4139 1385 4192 quern

295 4213 417 4274 postea
436 4209 587 4262 vincere.
