3060 5272
241 305 303 360 Lib.
321 304 368 359 IV.
789 292 850 354 130

242 478 477 562 praesidium
507 477 712 542 occiditur
740 482 778 542 et
806 475 938 560 (postea
965 476 1147 560 receptum)
1169 477 1401 543 retinetur?

242 585 368 668 Nugas!
403 585 450 650 Ac
476 606 518 650 ne
546 584 776 650 retinebantur
804 584 937 667 quidem
965 584 1032 650 duo
1054 583 1114 649 illa
1136 583 1288 665 castella3
1321 604 1400 649 nam

241 712 347 775 neque
380 714 490 758 arcem
519 691 760 759 Carventanam
788 713 895 776 neque
917 692 1146 776 Verruginem,
1179 697 1357 777 postquam
1379 713 1401 758 a

241 802 370 867 Volscis
403 807 509 885 captae
542 808 669 880 essent,
702 800 814 865 Livius
847 806 1000 884 receptas
1035 821 1056 865 a
1083 800 1241 867 Romanis
1274 799 1399 884 signifi·

242 911 344 989 cavit,
374 909 521 988 Volscos,
552 909 608 991 qui
629 914 707 993 post
729 908 945 992 Verruginem
967 915 1101 992 captam
1123 909 1227 993 palati
1249 909 1293 974 ad
1314 929 1399 993 prae·

242 1017 386 1082 dandum
409 1024 534 1094 essent,
564 1038 740 1100 oppressos
764 1016 812 1096 (in
835 1015 936 1099 agris)
961 1014 1052 1081 dixit.
1107 1017 1281 1083 Postremo
1304 1023 1344 1082 et
1365 1017 1399 1081 in

241 1124 363 1209 MR[V]
383 1133 443 1205 est,
468 1125 571 1189 aPLl
587 1123 901 1206 (deterioribusque)
925 1123 1029 1203 abest,
1053 1131 1101 1204 ut,
1124 1123 1266 1190 fueritne
1288 1125 1321 1188 in
1345 1145 1398 1189 ar-

242 1234 380 1319 chetypo
420 1255 461 1298 an
502 1232 652 1297 additum
690 1239 808 1316 postea
847 1232 890 1296 sit
923 1230 966 1296 ad
1000 1231 1065 1296 duo
1099 1232 1199 1297 verba
1231 1238 1399 1315 utcunque

241 1341 442 1426 copulanda,
482 1340 618 1405 dubium
658 1341 711 1404 sit.
779 1340 889 1403 Livius
928 1340 1122 1423 scripserat:
1168 1339 1281 1404 modo
1321 1339 1397 1404 duo

241 1449 436 1534 praesidia
481 1447 692 1513 occidione
737 1448 893 1528 occisa;
946 1447 1027 1508 alla
1077 1468 1163 1511 cum
1212 1446 1397 1530 periculo

242 1557 430 1623 retineri.
496 1556 533 1619 In
572 1555 635 1619 hac
678 1553 784 1619 forma
821 1554 942 1620 variari
983 1552 1181 1637 significatio
1218 1553 1398 1637 poterat.¹)

242 1665 345 1729 Venio
375 1663 417 1729 ad
445 1663 581 1727 tertium
602 1663 727 1742 locum,
761 1663 854 1728 cuius
878 1661 1154 1742 emendationem,
1189 1662 1399 1728 auctoribus

242 1770 426 1836 editoribus
449 1777 658 1854 praeceptam,
680 1777 758 1834 ante
781 1771 903 1835 multos
926 1791 1029 1834 annos
1051 1769 1195 1835 breviter
1217 1768 1398 1854 significavi

125 1937 128 1944 .
241 1880 275 1943 in
309 1879 430 1962 Opusc.
460 1876 560 1940 Acad.
591 1877 606 1940 Ι
635 1899 666 1960 p.
691 1881 762 1942 246.
818 1877 903 1942 Nam
934 1874 951 1959 ἓ
982 1881 1020 1941 12
1055 1877 1102 1942 sic
1136 1877 1295 1962 scriptum
1329 1884 1396 1943 est:

243 2007 326 2052 eam
349 1983 505 2069 (plebem)
529 1984 670 2068 procul
692 1984 789 2049 urbe
811 1983 953 2050 haberi
978 1992 1098 2067 atque
1122 1983 1325 2068 ablegari,
1347 2006 1397 2050 ne

242 2094 346 2160 domi
382 2113 453 2176 per
486 2093 612 2156 otium
641 2113 787 2158 memor
813 2092 1030 2158 libertatis
1058 2093 1397 2176 coloniarumque

242 2208 314 2268 aut
343 2200 431 2282 agri
459 2199 618 2282 publici
646 2206 717 2264 aut
745 2196 936 2282 suffragii
965 2199 1095 2265 libere
1118 2199 1278 2265 ferendi
1302 2220 1396 2266 con-

242 2310 341 2376 silia
374 2308 511 2390 agitet.
572 2306 711 2371 Prorsus
745 2327 896 2391 perverse
934 2307 1112 2373 libertas
1151 2314 1186 2372 et
1226 2306 1398 2373 colonia

242 2417 455 2501 copulantur,
490 2435 564 2498 quse
597 2414 685 2478 nullo
719 2414 816 2479 modo
850 2414 965 2480 eodem
998 2414 1071 2480 loco
1105 2423 1139 2481 et
1167 2415 1281 2480 ordine
1310 2422 1399 2497 sunt,

242 2522 360 2590 deinde
384 2523 449 2587 duo
471 2522 696 2600 nominantur,
731 2543 803 2604 quae
829 2522 957 2605 legibus
986 2522 1171 2588 tribuniciis
1198 2529 1271 2588 tum
1293 2524 1398 2607 agita-

241 2632 382 2709 bantur,
416 2650 495 2711 ager
525 2628 680 2713 publicus
704 2637 737 2695 et
772 2629 929 2713 suffragia
963 2630 1009 2711 (in
1043 2631 1194 2696 creandis
1222 2632 1398 2715 magistra·

240 2739 339 2817 tibus,
369 2759 451 2820 quos
475 2743 570 2801 etex
593 2742 668 2801 utro
694 2736 809 2802 ordine
832 2738 978 2819 vellent),
1007 2759 1028 2802 a
1050 2738 1170 2820 quibus
1193 2739 1397 2804 coloniarum

241 2846 394 2913 deductio
428 2845 580 2927 separari¹
610 2866 675 2909 non
708 2852 850 2928 poterat.
910 2845 1120 2910 Manifestum
1154 2852 1218 2926 est,
1254 2847 1396 2931 primum

154 2975 225 3044 (110)
243 2956 392 3020 universe
426 2951 590 3016 libertatis
623 2954 813 3017 memoriam
835 2974 895 3036 per
917 2954 1020 3017 otium
1043 2960 1269 3018 renascentem
1291 2955 1394 3019 nomi·

239 3062 382 3130 nandam
416 3059 531 3139 fuisse,
568 3059 685 3124 deinde
719 3081 760 3125 ea
791 3081 901 3124 rerum
934 3080 1055 3143 genera
1088 3068 1122 3126 et
1154 3062 1263 3144 legum
1297 3082 1395 3145 argu-

240 3177 365 3247 menta,
398 3169 434 3232 in
467 3167 588 3249 quibus
621 3167 827 3252 postulandis
856 3174 890 3232 et
919 3168 1115 3234 adiuvandis
1143 3168 1201 3232 illa
1227 3168 1395 3234 libertatis

238 3277 397 3344 memoria
420 3282 605 3358 appareret.
662 3275 780 3357 Itaque
803 3276 914 3341 Livius
944 3276 1092 3360 scripsit:
1126 3297 1173 3341 ne
1197 3276 1302 3342 domi
1324 3297 1396 3360 per

239 3387 365 3452 otium
399 3403 545 3448 memor
572 3383 788 3449 libertatis
817 3383 1076 3449 coloniarum
1105 3390 1177 3448 aut
1206 3385 1293 3468 agri
1321 3406 1394 3468 pu·

237 3493 339 3559 blici
372 3496 441 3556 aut
469 3490 663 3573 suffragii
685 3491 706 3555 l.
730 3489 751 3556 f.
775 3490 957 3556 consilia
980 3492 1120 3574 agitat.
1177 3491 1278 3557 Recta
1306 3491 1393 3556 libro

236 3601 292 3680 VI,
312 3604 362 3679 27,
382 3604 400 3663 7
419 3618 522 3681 genus
540 3599 683 3681 ponitur,
708 3599 835 3663 omissis
853 3598 1004 3681 singulis:
1031 3620 1101 3682 per
1124 3598 1252 3663 otium
1268 3598 1393 3664 liber·

236 3709 337 3774 tatis
366 3705 607 3771 meminisse.
661 3703 769 3782 Quum
797 3706 918 3789 aliquis
948 3713 1020 3771 aut
1045 3712 1179 3770 -aut
1207 3705 1393 3790 particulas

237 3884 465 3893 —-..-——.-

265 3981 288 4047 ¹)
308 3979 354 4050 [M.
366 3979 529 4050 Seyffertus:
549 3982 672 4050 occisa,
691 3981 718 4034 11
731 3998 800 4035 cum
820 3986 873 4036 cet.
901 3981 1018 4051 Eorum,
1036 3999 1182 4051 quaecum
1198 3981 1327 4051 periculo
1344 3998 1390 4036 re·

304 4065 475 4134 tinerentur,
507 4072 599 4122 cartus
630 4082 763 4121 numerus
789 4083 882 4134 neque
908 4067 977 4136 poni
1003 4072 1115 4136 poterat
1141 4083 1234 4135 neque
1260 4083 1346 4137 supra
1374 4082 1391 4119 a

304 4149 385 4206 Livio
404 4150 579 4221 significatur
599 4149 661 4221 est]
