3060 5272
712 788 757 853 ⁶⁵
1208 802 1271 860 nio.
1289 801 1311 859 r

152 978 263 1046 satis
296 975 409 1056 dere,
449 976 554 1041 satis
592 981 732 1060 petere
766 975 900 1041 damni
935 974 1081 1042 iniecti
1114 985 1148 1044 et
1180 976 1310 1058 similia,

156 1087 311 1173 genetivo
343 1083 591 1151 accommodato
625 1083 670 1149 ad
696 1105 813 1150 novam
840 1087 1010 1152 notionem
1037 1087 1177 1153 nominis
1199 1087 1311 1168 satis,

157 1195 251 1282 qnod
283 1195 313 1263 si
344 1215 412 1260 nou
443 1194 554 1277 ipsum
586 1192 674 1277 apud
702 1191 894 1259 Ciceronem
927 1194 1050 1260 excidit
1083 1193 1187 1278 (quod
1215 1196 1311 1262 rehe-

159 1312 289 1371 menter
315 1301 494 1388 suspicor),
529 1299 648 1366 saltem
678 1322 717 1366 cx
746 1300 804 1368 illo
833 1323 894 1368 usu
918 1303 1039 1381 (satis
1067 1304 1311 1388 promittere

159 1413 293 1480 damni
314 1409 474 1492 iniecti)
493 1409 625 1476 brevior
636 1408 829 1476 illnlocutio
843 1417 918 1476 orta
928 1416 993 1491 est;
1016 1412 1051 1476 in
1068 1412 1312 1478 condicendi

160 1521 258 1588 verbo
292 1519 376 1586 nihil
408 1525 461 1585 est
493 1518 608 1584 simile.
669 1518 820 1598 Accedit,
860 1519 951 1604 quod
984 1521 1148 1585 communi
1180 1541 1312 1586 rerum

158 1628 320 1697 vocabulo
349 1633 427 1711 apte
456 1625 690 1711 superadditur
717 1627 821 1711 magis
843 1628 1014 1712 proprium
1035 1628 1172 1694 litium
1191 1651 1312 1695 nomen
1352 1696 1354 1702 ,

157 1740 208 1821 (in
235 1759 301 1822 quo
331 1739 365 1801 in
392 1742 535 1802 mentem
562 1735 653 1801 venit
674 1756 749 1801 cum
771 1736 840 1801 risu
862 1737 1006 1802 inductas
1027 1757 1049 1801 a
1070 1735 1228 1803 Cicerone
1251 1759 1311 1822 pro

156 1847 297 1913 Murena
323 1865 350 1910 c.
380 1848 421 1908 12
456 1844 661 1928 quaestionis,
695 1865 777 1908 rem
809 1865 852 1909 an
880 1844 993 1910 litem
1027 1845 1091 1910 dici
1120 1846 1313 1930 oporteret),

159 1956 270 2022 minus
292 1959 377 2039 epte,
401 1950 491 2036 quod
514 1952 595 2017 iuris
618 1953 788 2036 proprium
810 1974 877 2018 non
899 1954 999 2019 estin
1015 1953 1076 2018 hac
1094 1961 1312 2020 controversae

164 2065 212 2132 rei
240 2060 489 2147 significatione,
523 2080 743 2125 causarum.
793 2061 924 2144 Itaque,
958 2063 1021 2128 etsi
1044 2061 1177 2128 difficile
1199 2069 1251 2129 est
1273 2064 1314 2129 de

162 2169 348 2238 huiusmodi
385 2168 552 2235 veteribus
591 2168 763 2235 verborum
802 2169 951 2235 formulis
990 2171 1162 2251 iudicium,
1202 2178 1313 2238 tamen

162 2279 258 2346 valde
280 2278 439 2363 suspicor,
463 2277 589 2342 Livium
614 2279 803 2360 scripsisse:
826 2299 991 2361 quarum
1013 2299 1154 2360 rerum,
1177 2280 1314 2347 litium

158 2406 286 2454 causa
323 2386 511 2452 condixit
550 2392 666 2470 pater
699 2392 891 2470 patratus
925 2393 1005 2467 cet,
1045 2388 1168 2454 codicis
1201 2397 1313 2456 autem

158 2495 330 2581 archetypi
358 2494 500 2560 scribam
526 2491 691 2577 frequenti
720 2494 851 2560 errandi
873 2515 991 2577 genere
1014 2495 1091 2577 (vid.
1114 2518 1259 2581 prooem.
1281 2522 1314 2584 p.

162 2604 217 2687 10)
247 2603 291 2670 ad
319 2603 403 2669 duos
426 2603 592 2687 genetiros
614 2603 685 2668 siue
707 2604 933 2669 coniunctione
956 2605 1083 2688 positos
1106 2607 1239 2671 tertium
1261 2627 1314 2673 ae·

157 2711 398 2781 commodasse.
452 2711 593 2795 Propter
618 2732 672 2777 res
695 2717 729 2776 et
749 2711 826 2776 lites
849 2711 1037 2777 condictum
1059 2720 1145 2793 erat,
1168 2714 1231 2780 hoc
1253 2725 1313 2795 est,

158 2821 377 2907 postulatum,
406 2826 444 2885 ut
465 2819 688 2900 satisfieret.¹)
742 2819 847 2885 Paulo
870 2826 945 2904 post
967 2818 998 2902 (ἓ
1024 2819 1093 2902 12),
1122 2820 1179 2886 ubi
1203 2822 1315 2889 Livius

159 2929 292 2996 hastam
319 2949 341 2994 a
367 2927 473 2994 fetiali
505 2929 540 2993 in
568 2928 711 2993 hostium
738 2927 821 2993 fines
848 2928 936 2993 mitti
964 2929 998 2992 in
1026 2927 1113 2994 bello
1141 2930 1314 2997 indicendo

161 3038 296 3105 solitam
325 3043 561 3103 commemorat
600 3035 773 3118 (hastam
811 3034 1009 3102 ferratam
1049 3044 1118 3103 aut
1151 3041 1315 3122 sangui·

160 3167 275 3213 neam
296 3145 543 3231 praeustam),
571 3164 738 3227 nunquam
760 3144 950 3229 intellegere
973 3146 1076 3229 potui,
1099 3167 1166 3229 qua
1186 3148 1315 3214 ratione

159 3254 266 3322 nasta
287 3254 419 3320 ierratae
440 3255 608 3319 contraria
628 3261 807 3337 poneretur
828 3255 1022 3336 sanguinea,
1051 3255 1118 3320 sive
1141 3276 1194 3335 ea,
1224 3257 1312 3340 quod
1330 3263 1400 3332 (46)-

160 3371 197 3430 et
217 3383 271 3429 res
293 3363 368 3447 ipsa
389 3362 559 3445 postulare
581 3361 712 3427 videtur
733 3367 768 3426 et
784 3362 946 3428 Ammiani
963 3361 1146 3428 Marcellini
1169 3364 1316 3432 eiusdem

161 3472 247 3537 ritus
270 3469 467 3554 significatio
490 3469 592 3551 (XIX,
619 3478 649 3534 l:
679 3470 800 3535 hasta
821 3472 1019 3554 sanguine
1041 3470 1211 3553 infecta3
1239 3493 1316 3538 nam

162 3586 231 3662 δόρυ
262 3584 412 3660 αἱματῶδες
440 3578 530 3662 apud
558 3579 697 3644 Dionem
725 3576 875 3645 Cassium
904 3579 1023 3659 LXXI,
1059 3583 1099 3644 33
1128 3580 1315 3665 ambiguum

166 3688 240 3771 est),
266 3695 403 3753 cruenta
424 3686 633 3770 intellegitur,
658 3687 820 3769 quomodo
844 3689 1092 3770 sanguineus
1114 3688 1203 3772 apud
1227 3689 1316 3755 solos

166 3804 281 3882 poetes
303 3796 425 3861 dictum
447 3795 591 3879 reperio,
621 3794 688 3860 sire
716 3796 887 3878 sanguinei
914 3794 1033 3860 coloris
1063 3792 1278 3876 (blutfarbi
1285 3818 1316 3880 g,

165 3925 230 3970 non
251 3902 538 3987 blutgeiiirbt);
562 3923 638 3968 uam
659 3903 825 3967 cruentari
848 3902 996 3968 colorere
1018 3901 1106 3966 infici
1128 3923 1193 3968 non
1210 3905 1317 3971 minus

163 4012 289 4081 ferrata
309 4012 409 4078 hasta
429 4018 571 4096 poterat.
622 4010 704 4076 Tum
727 4011 794 4076 sire
816 4011 1079 4094 sanguineam
1101 4018 1317 4094 praeustam

161 4142 230 4188 uua
250 4122 383 4188 notione
405 4119 674 4204 comprehendas,
696 4120 818 4200 nescio,
841 4119 921 4203 quid
942 4125 1087 4204 praeusta
1108 4120 1207 4186 hasta
1229 4141 1317 4186 com·

162 4251 262 4296 mune
282 4227 405 4295 babeat
427 4250 502 4294 cum
525 4230 721 4312 sanguinea,
751 4229 827 4309 sive,
856 4229 945 4311 quod
967 4228 1187 4294 membrorum
1210 4250 1317 4312 aequa-

161 4337 243 4405 litas
281 4336 398 4404 suadet
431 4343 466 4402 et
498 4337 598 4420 cogit,
638 4344 822 4421 praeustae
854 4336 1035 4421 appellatio
1068 4337 1112 4401 ad
1145 4343 1317 4421 utramque

193 4593 217 4659 ¹)
235 4591 338 4663 [Minus
364 4592 512 4663 probabile
538 4590 661 4659 ridetur,
688 4591 764 4661 quod
789 4591 840 4645 Tb
866 4591 1002 4661 Bergkius
1030 4609 1209 4649 causarum
1236 4609 1317 4663 ergo

233 4678 318 4734 scribi
335 4675 445 4748 voluit]
