3060 5272
232 349 295 405 Lib.
312 345 414 403 XLIII.
777 336 839 397 672

234 542 276 588 ea
296 542 333 586 re
356 520 443 588 actio
472 519 530 601 sit,
565 519 634 585 siue
664 541 730 604 qua
762 542 833 587 mos
866 519 1013 604 intellegi
1034 521 1157 604 nequit.
1202 521 1389 588 Admodum

232 651 348 697 vereor
368 649 410 694 ne
433 627 566 694 verbum
590 627 756 694 exciderit.
797 628 865 695 Nec
886 628 970 695 bene
993 629 1104 697 bello
1128 629 1242 715 capti
1264 635 1298 696 et
1319 629 1386 698 ho·

233 746 320 807 stes
341 736 511 820 tamquam
529 734 594 801 duo
611 757 733 820 genera
749 737 955 821 copulantur.
989 736 1123 802 Fuitne:
1148 736 1253 822 quod
1274 737 1385 807 bello

234 847 372 933 captis
394 844 588 912 hostibus
611 842 755 926 ΙιμιΙ
777 866 857 911 mos
881 845 1015 911 esset?

319 953 398 1041 Gap.
423 958 473 1033 18,
497 956 515 1016 2
539 950 609 1034 (ubi
632 953 816 1038 exponitur,
840 975 912 1038 quee
930 973 1038 1018 causes
1055 951 1178 1019 Persea
1194 953 1387 1038 impulerint

232 1063 276 1130 ad
319 1060 561 1147 expeditionem
605 1061 639 1125 in
683 1060 850 1146 illyricum
889 1060 1160 1145 suscipiendam):
1194 1097 1237 1108 -
1270 1062 1385 1129 fran-

233 1171 353 1257 gendi
374 1169 645 1236 finitimorum
668 1190 758 1254 spes
781 1171 1026 1253 animosque,
1044 1190 1094 1236 ne
1117 1169 1222 1254 quid,
1245 1191 1386 1240 averso

234 1279 320 1363 (eod.
344 1275 676 1364 quidinadrerso)
700 1298 737 1342 se
765 1278 805 1342 in
834 1262 1048 1343 Romanum
1076 1277 1240 1360 bellum,
1275 1281 1387 1365 peri·

233 1388 315 1455 culi
343 1386 544 1453 subesset.
590 1382 667 1450 Ood.
702 1385 878 1470 periculi
907 1385 1081 1467 abisset,
1111 1407 1150 1451 ex
1173 1408 1240 1470 quo
1262 1387 1386 1454 Forch·

233 1497 383 1563 hammer
404 1500 494 1560 recte
511 1491 634 1559 effecit:
658 1493 835 1577 periculi
859 1492 981 1559 abiis
1005 1502 1124 1560 esset.
1159 1494 1281 1577 (Minus
1302 1495 1386 1564 bene

234 1604 458 1689 Kreyssigius:
491 1600 665 1687 periculi
693 1601 879 1685 adesset.)
925 1601 1080 1686 Sequitur
1112 1603 1159 1684 (in
1193 1602 1308 1668 eadem
1330 1625 1386 1669 cx·

235 1710 426 1798 positione):
461 1709 590 1776 solum
623 1708 817 1776 infestum
856 1732 943 1775 esse
976 1710 1224 1776 Macedonia
1256 1710 1386 1794 latus,

236 1820 343 1906 quod
365 1818 414 1885 ab
436 1817 610 1903 Illyrico
638 1824 817 1902 pateret,
849 1839 1035 1898 cerneus,
1060 1817 1176 1884 codex:
1210 1819 1222 1884 i
1250 1819 1387 1902 solum,

237 1950 277 1994 ex
298 1950 364 2014 quo
386 1926 438 1993 iit:
461 1925 500 1991 id
524 1925 652 1992 solum
673 1960 717 1972 -
739 1926 855 1991 latus.
891 1925 1083 2010 [Vahlenius
1106 1934 1217 1992 tamen
1234 1925 1246 1989 Ι
1263 1933 1386 2011 puncto

235 2042 388 2104 notatum
418 2031 556 2117 scribit]
597 2032 627 2116 [ἓ
657 2039 676 2099 7
709 2034 883 2100 videndum
916 2057 956 2101 ne
990 2037 1023 2101 in
1052 2035 1117 2100 his:
1153 2056 1387 2120 oppugnare

237 2152 298 2212 est
331 2143 495 2211 adortus
524 2142 682 2208 exciderit
709 2142 858 2224 urbem,
891 2144 979 2228 quod
1008 2144 1219 2229 praecessisse
1242 2144 1388 2212 ostendit

238 2274 321 2319 eam
343 2271 523 2338 pronomen
547 2250 601 2332 (et
623 2271 777 2317 corona
804 2271 889 2317 eam
917 2273 1063 2337 capere
1094 2258 1267 2319 conatus
1301 2253 1386 2337 est).

240 2358 347 2443 1864]

324 2466 403 2552 Cap.
425 2472 473 2548 19,
499 2471 553 2531 14:
576 2466 633 2532 Iis
657 2466 788 2549 (legatis
811 2467 853 2532 ad
872 2467 1026 2534 Gentium
1043 2466 1194 2550 Perseus)
1213 2468 1389 2550 mandat,

239 2584 282 2642 ut
304 2580 556 2660 exponerent
578 2574 736 2640 astatis
755 2574 840 2640 eius
858 2575 1084 2658 hiemisque
1102 2583 1194 2642 acta
1212 2596 1284 2642 sua
1302 2576 1388 2659 (cod.

240 2705 318 2751 sure
352 2688 444 2748 acta
481 2682 564 2764 sua)
604 2681 800 2747 adversus
839 2683 1040 2748 Romanos
1080 2684 1388 2768 Dardanosque3

239 2792 473 2858 adiicerent
494 2790 680 2855 recentia
701 2790 740 2853 in
763 2789 930 2874 Illyrico
954 2791 1132 2857 hibernae
1161 2793 1390 2877 expeditio·

238 2902 301 2966 nis
330 2919 466 2983 opera;
500 2898 769 2964 hortarentur
793 2897 981 2965 Gentium
1011 2901 1050 2964 in
1074 2902 1303 2966 amicitiam
1326 2903 1389 2967 se'·

154 3006 225 3076 (5⁶7)
242 3030 327 3073 oum
357 3042 394 3053 -
418 3006 670 3089 iungendam.
715 3005 800 3071 Male
823 3029 874 3072 rue
897 3007 1020 3074 habent
1041 3008 1099 3073 illa
1122 3009 1282 3074 aestatis
1304 3008 1390 3074 hie-

239 3118 395 3199 misque
424 3123 514 3181 acta
542 3115 699 3180 aduersus
722 3114 885 3180 Romanos
908 3116 1146 3212 Dardanosque
1170 3122 1324 3200 separata
1346 3117 1389 3182 ab

237 3225 378 3291 hiberna
401 3224 622 3308 expeditione,
651 3223 702 3288 cui
731 3224 853 3288 rectius
876 3225 1003 3290 testatis
1025 3233 1102 3290 acta
1124 3226 1291 3291 contraria
1311 3227 1390 3309 poni

238 3334 398 3399 videntur.
444 3331 551 3415 Supra
587 3335 626 3412 (c,
653 3337 691 3396 18
713 3330 800 3413 init.)
825 3330 935 3397 Livius
959 3332 1080 3398 diserte
1109 3334 1235 3417 posuit,
1258 3333 1390 3415 Persea,

239 3442 401 3526 principio
424 3438 540 3504 hiemis
562 3439 757 3504 Macedonia
783 3461 848 3505 non
877 3461 1059 3524 egressum,
1093 3441 1152 3506 sub
1181 3441 1305 3506 brumae
1334 3441 1389 3507 de·

238 3570 327 3614 mum
349 3555 479 3632 tempus
502 3547 743 3631 expeditionem
766 3568 853 3629 eam,
881 3569 978 3631 quam
1007 3548 1060 3613 hic
1082 3548 1254 3614 hibernam
1277 3549 1390 3634 appel·

238 3657 295 3737 lat,
318 3657 516 3740 suscepisse;
545 3654 720 3722 Dardanos
743 3657 809 3719 ianr
832 3662 908 3721 ante
932 3656 1011 3737 (ibd.
1030 3656 1046 3740 ξ
1066 3657 1098 3738 2)
1122 3657 1302 3738 domuerat,
1325 3657 1390 3723 hoc

239 3770 300 3844 est,
323 3771 400 3830 aute
423 3764 617 3848 principium
641 3763 768 3828 hiemis.
813 3763 930 3846 Itaque
954 3764 1048 3830 valde
1071 3787 1198 3845 vereor,
1228 3788 1269 3831 ne
1303 3765 1390 3831 hie·

239 3874 394 3958 misque
428 3894 448 3938 a
480 3871 568 3937 mala
596 3892 696 3936 mauu
726 3872 770 3935 sit
791 3870 966 3955 Liuiusque
997 3874 1177 3957 scripserit:
1213 3895 1390 3958 expone·

238 3986 330 4046 rent
353 3983 512 4048 rostatis
536 3981 623 4046 eius
646 3985 737 4044 acta
760 4001 831 4046 sua
852 4006 911 4060 -;
946 3981 1179 4047 adiicerent
1200 3983 1391 4048 recentia

239 4127 282 4136 —
303 4089 482 4155 hiberuae
507 4087 784 4172 expeditionis
809 4110 941 4172 opera,
977 4089 1125 4172 [Deinde
1149 4091 1210 4153 etsi
1229 4096 1262 4154 et
1279 4089 1390 4155 Livius

240 4204 274 4263 et
297 4197 409 4264 Cicero
439 4218 505 4262 non
532 4217 608 4261 raro
638 4198 861 4280 praepositioni
884 4199 922 4261 iu
944 4197 1169 4263 accusativum
1192 4198 1392 4264 substantivi
