3060 5272
717 795 758 858 57
1211 811 1314 868 nso

152 981 351 1066 pronomine
372 979 566 1046 aberratum
587 985 639 1045 est
659 979 724 1060 III,
753 984 804 1061 55,
832 984 852 1045 8
875 989 954 1046 0050
976 982 1059 1062 1000,
1087 982 1145 1048 051
1169 984 1315 1050 5051550·

157 1091 240 1157 dum
260 1097 328 1157 est:
356 1088 425 1155 sed
447 1108 562 1171 quum
585 1089 676 1173 quis
704 1087 789 1170 (cod.
813 1088 901 1154 arch.
925 1089 1035 1171 quid)
1064 1111 1199 1157 sorum
1226 1095 1314 1158 cui-

157 1200 267 1284 piam
295 1199 339 1280 (R
365 1198 431 1263 cui
458 1217 587 1281 quam,
620 1196 655 1262 M
684 1198 750 1262 cui
777 1218 904 1280 quem,
938 1196 1113 1264 Pmoul
1146 1201 1213 1282 qui
1236 1200 1315 1284 001)

159 1307 356 1386 00005515,
379 1304 420 1371 id
442 1325 601 1371 sacrum
623 1306 785 1371 sanciri.

246 1412 343 1500 *Gap
367 1417 419 1494 39,
447 1419 483 1480 4:
510 1413 657 1479 Evenit
678 1413 813 1495 150115,
842 1414 947 1497 quod
969 1413 1032 1482 dis
1055 1415 1171 1482 cordi
1194 1424 1314 1483 esset.

157 1523 308 1590 Dsbebat
329 1523 396 1588 dici
418 1528 517 1588 erat.
558 1520 624 1587 Sed
642 1521 755 1588 Livius
778 1522 818 1588 de
841 1530 961 1588 eventu
983 1544 1069 1589 00555
1092 1524 1126 1588 10
1143 1524 1315 1591 educando

156 1632 271 1699 Servio
302 1630 413 1697 Tullio
440 1631 557 1715 0055555
584 1630 733 1697 dicturus
760 1652 781 1695 a
808 1631 954 1714 generali
981 1631 1146 1697 sententia
1172 1631 1314 1697 orditur:

155 1739 305 1805 Evenit
330 1738 472 1817 facile,
506 1738 614 1822 quod
641 1737 705 1805 dis
734 1739 847 1804 cordi
878 1746 944 1803 cst.
1001 1738 1138 1822 (Esset
1164 1762 1224 1824 pro
1252 1747 1316 1806 est

155 1869 271 1914 omnes
292 1847 423 1914 codices
445 1846 488 1927 11,
511 1852 550 1912 51
575 1846 662 1929 5015.)
700 1846 805 1912 Ρ5010
827 1854 914 1932 0055,
936 1846 954 1931 5
977 1852 1006 1926 5,
1030 1848 1120 1932 quod
1142 1848 1314 1913 scribitur:

158 1956 365 2041 gravidam
404 1956 492 2021 5150
531 1956 666 2022 000150
699 1976 863 2021 uxorem
993 1965 1152 2041 partum
1184 1956 1315 2023 Romae

161 2064 342 2132 edidisse
367 2064 501 2130 Prisci
523 2063 741 2147 Tarquinii
770 2064 900 2145 dom03
933 2064 1026 2130 inde
1054 2069 1171 2130 55050
1193 2064 1314 2131 5505-

160 2174 261 2240 11010
288 2181 366 2254 055,
402 2181 513 2239 055505
541 2194 620 2239 0505
648 2172 803 2255 loquendi
832 2172 938 2238 domi
965 2171 1111 2257 flagitat3
1144 2193 1251 2256 neque
1280 2172 1315 2239 id

157 2282 335 2348 restituere
369 2280 611 2362 dubitabimus,
651 2280 880 2348 animadversa
919 2281 1028 2346 mendi
1062 2281 1204 2366 origine3
1237 2303 1313 2348 0050

156 2411 232 2455 0050
254 2390 356 2455 550551
380 2389 655 2474 scriptalittera,
689 2409 762 2472 qnae
782 2389 835 2455 bis
858 2389 957 2455 scribi
980 2389 1155 2470 debuerat,
1188 2390 1314 2456 factum

155 2504 249 2564 55555
270 2497 472 2577 dominde,
506 2499 540 2563 in
567 2497 673 2563 vocali
696 2498 882 2582 supplenda
904 2504 1050 2563 erratum
1071 2504 1137 2578 est,
1172 2505 1210 2564 ut
1232 2497 1313 2563 alibi

155 2627 224 2672 000
244 2628 331 2673 raro.
386 2606 472 2672 Nam
499 2606 562 2671 hoc
589 2606 710 2672 erroris
738 2607 833 2672 initio
861 2606 909 2685 Il,
945 2609 1001 2685 36,
1036 2610 1055 2671 6
1084 2607 1242 2691 50510500
1265 2613 1315 2672 555

155 2715 267 2781 band
294 2714 416 2783 dubie
445 2715 618 2780 omnium
647 2735 845 2780 consensu
872 2736 931 2799 pro
959 2714 1067 2779 haud
1090 2713 1212 2779 dubio
1235 2736 1314 2780 om·

157 2825 268 2890 nium
308 2821 628 2905 (dubiomuium),
662 2822 751 2904 quod
784 2821 937 2888 mendum
971 2823 1098 2907 pridem
1132 2828 1315 2887 correctum

157 2953 248 2999 nnnc
271 2929 469 3010 defenditur,
498 2936 533 2997 55
554 2930 613 3010 ΙΠ,
642 2934 694 3010 22,
724 2934 742 2996 6
767 2931 927 3014 signum
949 2931 1167 2997 observare
1189 2931 1317 2995 iussit

158 3062 222 3126 pro
261 3039 475 3107 observari
515 3038 883 3121 (observatiussit),
923 3040 1011 3122 quod
1044 3039 1139 3123 vulgo
1173 3045 1314 3118 tenetur,

158 3156 345 3216 correctum
382 3149 416 3213 in
449 3169 514 3213 000
548 3147 619 3213 cod.
653 3148 852 3228 recentiore,
887 3154 921 3213 et
953 3147 1015 3226 IX,
1057 3152 1111 3227 14,
1147 3152 1164 3212 5
1200 3149 1316 3229 signa
1401 3143 1405 3149 ’

158 3259 271 3323 15555
303 3257 430 3323 105515
462 3277 522 3340 050
557 3254 658 3322 15551
688 3255 795 3336 (codd.
819 3257 916 3340 pauci
938 3277 1020 3321 racc.
1043 3256 1147 3338 55055)
1171 3262 1206 3321 55
1227 3256 1314 3336 XXI,

158 3371 218 3445 44,
257 3370 278 3430 8
307 3364 411 3448 quod
441 3385 511 3430 505
539 3385 599 3448 050
629 3385 726 3446 quos
755 3386 828 3430 sua
855 3364 1055 3448 (quosue),
1096 3362 1185 3449 quod
1212 3364 1316 3430 Aldus

159 3474 326 3554 restituit,
353 3480 389 3539 et
410 3472 532 3552 XXIV,
560 3477 617 3552 26,
646 3477 666 3536 8
688 3473 866 3558 periculi
896 3472 1055 3556 quidem
1077 3473 1182 3538 nihil
1204 3473 1251 3538 ab
1275 3495 1316 3539 55

160 3584 324 3660 5105555,
363 3582 536 3646 invisam
574 3586 707 3646 tamen
746 3583 899 3665 regiam
933 3583 1101 3666 stirpem
1135 3603 1222 3648 5555
1255 3604 1316 3667 050

162 3691 298 3756 timeri
320 3690 518 3771 (correctum
540 3690 574 3754 in
597 3689 691 3755 codd.
713 3689 811 3769 5500.)
835 3695 869 3755 55
891 3689 1044 3768 XXVHI,
1073 3694 1125 3769 21,
1155 3695 1173 3754 5
1196 3697 1316 3773 pacto

164 3799 273 3864 inter
299 3819 339 3864 se
367 3819 428 3882 pro
457 3799 569 3882 05055
597 3798 705 3864 50555
734 3819 774 3862 55
804 3797 1000 3878 (0055505050
1022 3799 1055 3861 10
1077 3803 1156 3862 vett.
1181 3796 1317 3878 edd.).¹)

231 4000 311 4049 retur
329 4011 364 4049 ex
382 3994 427 4060 iis,
445 3993 546 4062 quibus
565 3991 708 4047 sententia
723 3990 850 4061 pendens
868 3992 1012 4061 colligitur
1030 3996 1060 4045 55
1077 3989 1268 4045 concluditur:
1282 4019 1316 4030 —

229 4079 300 4134 15550
327 4096 400 4134 5050
422 4077 513 4133 hand
535 4077 625 4133 falso
648 4083 906 4146 memorantem,
933 4077 1148 4148 compararique
1174 4095 1197 4132 c.
1216 4080 1265 4145 48,
1292 4080 1317 4143 2,

229 4165 279 4219 051
302 4164 379 4234 quod
396 4165 531 4219 omissum
549 4163 667 4219 5555005
684 4162 793 4218 15011105
810 4163 986 4234 intellegitur
1003 4182 1037 4218 ex
1054 4163 1111 4218 bis:
1138 4162 1198 4217 ille
1223 4161 1315 4217 1550·

231 4251 322 4306 01555
345 4250 386 4306 sd
404 4250 487 4316 15550,
512 4250 587 4304 idem
604 4249 662 4305 1555
679 4249 706 4304 5
724 4250 742 4304 1.
762 4249 885 4305 efficitur
903 4250 952 4304 illa
969 4250 1107 4304 orationis
1125 4249 1316 4304 conversione.

229 4332 291 4391 Nee
308 4341 404 4390 tomen
421 4336 504 4390 nimis
523 4334 641 4391 confido.
674 4335 745 4390 Tum
763 4342 897 4391 mouente
915 4335 1048 4405 Siesbyeo
1067 4335 1097 4388 in
1115 4333 1168 4388 hac
1186 4335 1317 4390 coniunc-

230 4421 308 4476 tione
330 4422 545 4476 seuteutiarum:
569 4423 627 4490 qni
649 4423 880 4493 0000515005.
905 4419 993 4490 quod
1016 4421 1184 4490 quispiam
1203 4419 1317 4491 indig-

231 4506 307 4561 nari
324 4513 453 4576 posset,
472 4507 533 4561 sed
551 4508 676 4562 tertius
693 4525 835 4578 regnum
854 4506 1005 4572 51150555,
1024 4506 1123 4575 scripsi
1142 4505 1275 4576 possit]

191 4592 216 4659 ¹)
236 4589 288 4661 [W.
308 4609 372 4647 cum
394 4592 515 4663 primurn
537 4594 667 4648 omnibns
689 4593 733 4648 1515
752 4594 821 4648 10015
839 4608 927 4662 prava
943 4590 1093 4659 tenuisset,
1116 4593 1318 4661 0055551011,

232 4680 275 4747 ao,
293 4677 341 4746 IX,
362 4682 402 4743 14,
420 4677 493 4746 XXI,
511 4682 555 4747 u,
572 4677 672 4747 XXIV,
689 4682 723 4734 26
742 4680 837 4750 paruit
855 4674 1060 4744 admonitioni]
