3008 4756
683 365 745 426 485
798 422 800 425 .
1083 378 1145 432 Lib.
1165 377 1293 433 XXXIII.

226 546 304 630 Gap.
332 553 384 625 15,
417 551 431 609 l
458 553 491 611 et
520 550 554 609 2:
589 546 896 612 Androsthenes
924 546 1111 630 (praefectus
1134 547 1377 633 Philippides)

141 656 192 718 cui
216 653 533 736 insidiasposuerat
556 654 783 733 Nicostratus,
812 653 1004 719 Achaeorum
1028 659 1179 738 praetor),
1214 677 1294 720 om·

140 763 249 824 nium
277 762 456 842 ignarus,
493 759 688 825 Corintho
723 760 934 843 proiectus
964 753 1230 826 ad'Nemeam
1252 798 1286 807 —

141 875 284 932 castra
305 868 427 932 locat.
472 867 534 931 lbi
563 874 680 950 parte
703 867 876 933 dimidia
899 869 1105 933 exercitus
1128 869 1295 934 dimissa

141 976 351 1039 dimidiam
379 975 586 1039 trifariam
617 975 757 1040 dimsit
786 976 884 1056 (corr.
909 974 1069 1055 diuisit)
1100 983 1139 1040 et
1161 995 1294 1040 omnes

141 1084 302 1165 equites
331 1082 571 1147 discurrere
600 1081 647 1145 ad
676 1082 989 1165 depopulandos
1018 1083 1137 1147 simul
1160 1082 1293 1148 Pelle·

140 1191 327 1254 nensium
356 1187 673 1271 Sicyoniumque
702 1209 823 1271 agros
851 1196 889 1253 et
918 1189 1141 1254 Phliasium
1169 1190 1292 1255 iubet.

141 1296 192 1359 lta
226 1297 343 1374 codex,
384 1316 480 1377 quern
519 1296 622 1359 secuti
661 1295 806 1360 editores
846 1297 892 1361 sic
931 1296 1133 1379 scripserunt
1172 1299 1294 1363 oratio·

142 1423 282 1485 nemque
311 1403 600 1486 interpunxerunt:
634 1401 843 1467 dimidiam
879 1404 1102 1483 (trifariam
1137 1404 1293 1485 divisit)

141 1517 180 1573 et
204 1529 339 1573 omnes
363 1509 522 1589 equites
540 1515 614 1586 cet,
638 1511 672 1573 in
695 1493 759 1590 quo
779 1512 920 1592 primum
938 1532 1072 1594 prorsus
1091 1511 1293 1577 incredibilis

141 1624 173 1680 et
196 1636 260 1680 non
282 1615 457 1680 toleranda
480 1622 530 1679 est
553 1615 777 1699 parenthesis,
811 1638 877 1680 non
906 1617 1046 1701 aliquid,
1082 1618 1171 1701 quod
1201 1625 1295 1684 extra

141 1723 331 1807 primariam
355 1723 550 1787 sententiam
574 1723 734 1801 addatur,
769 1724 827 1788 sed
855 1724 959 1807 ipsius
988 1727 1127 1790 actionis
1151 1734 1294 1791 narratae

140 1837 270 1913 partem
298 1832 346 1894 ita
375 1831 559 1908 continens,
593 1838 631 1894 ut
663 1832 797 1895 verbum
832 1830 1003 1913 (divisit)
1038 1840 1071 1897 et
1101 1834 1231 1898 obiecto
1260 1835 1293 1897 in

140 1939 297 2020 primaria
326 1938 490 2002 sententie
519 1938 666 2021 proxime
695 1937 893 2020 praecedonti
916 1938 1153 2019 (dimidiam)
1178 1941 1293 2005 adiun-

141 2052 238 2126 gatur
271 2050 304 2109 et
337 2051 483 2126 tempore
517 2045 579 2127 ipsi
612 2045 794 2108 narrationi
829 2052 907 2127 apto
943 2053 1099 2128 ponatur,
1134 2068 1193 2111 nec
1226 2048 1292 2112 ullo

140 2152 273 2216 minimo
301 2151 422 2215 indicio
451 2172 471 2215 a
500 2152 745 2216 continuatione
776 2152 911 2234 reliquae
939 2154 1097 2218 orationis
1125 2161 1287 2236 separata.
1308 2171 1378 2246 (aar)

140 2258 267 2323 Deinde
300 2266 373 2323 tota
406 2261 570 2323 sententia
604 2265 637 2322 et
666 2280 718 2323 res
747 2261 995 2341 perversissima
1023 2267 1089 2340 est3
1124 2260 1294 2325 dimidiam

140 2368 225 2430 enim
260 2373 387 2449 partem
421 2366 583 2430 exercitus
618 2366 726 2430 educti
755 2366 1003 2432 Androsthenes
1037 2368 1220 2433 discurrere
1251 2368 1294 2433 ad

139 2494 254 2555 agrum
278 2472 543 2557 depopulandum
565 2473 666 2549 iubet,
696 2474 864 2538 dimidiam
887 2474 1030 2557 —quid
1053 2479 1228 2559 putamus?
1252 2512 1295 2521 -

140 2581 329 2660 dimittit,
358 2586 491 2644 etanta
516 2581 637 2645 dimitti
661 2630 667 2658 ,
697 2602 795 2661 quam
818 2579 961 2665 reliquos
985 2582 1168 2647 discurrere
1191 2583 1292 2648 iubet.

139 2687 224 2765 Quo,
254 2688 385 2768 quaeso?
413 2687 455 2751 ad
480 2708 579 2770 quam
602 2688 693 2751 rem?
724 2708 787 2769 quo
811 2688 971 2753 consilio?
999 2690 1162 2773 Apparet,
1192 2711 1293 2754 unum

138 2794 207 2856 fieri
238 2795 397 2875 potuisse,
433 2800 471 2857 ut
494 2795 738 2859 Androsthenes
769 2795 938 2859 dimidiam
967 2802 1094 2879 partem
1124 2798 1293 2879 copiarum

136 2903 170 2963 in
211 2902 329 2965 castris
369 2901 541 2977 retineret,
588 2900 757 2965 dimidiam
803 2902 985 2966 discurrere
1025 2903 1293 2986 populabundam

139 3007 277 3070 iuberet.
323 3006 430 3089 Atque
454 3008 593 3070 iterem
617 3014 725 3071 actam
749 3027 832 3085 esse,
856 3009 919 3072 etsi
941 3027 1000 3090 per
1023 3029 1058 3072 se
1082 3012 1294 3091 perspicuum

138 3121 203 3190 est,
230 3112 341 3176 Livius
371 3115 440 3195 ipse
465 3113 547 3177 satis
571 3112 734 3190 declarat,
763 3115 820 3195 qui
844 3111 861 3194 ᾖ
884 3118 902 3176 8
925 3114 1192 3178 Androsthenem
1215 3119 1293 3180 scri-

136 3221 198 3293 bit,
227 3220 415 3284 Nicostrato
446 3227 479 3283 et
501 3219 628 3282 Achaeis
660 3218 702 3281 ad
726 3225 836 3282 castra
860 3220 1105 3299 accedentibus,
1138 3220 1219 3285 tuba
1242 3243 1292 3285 re-

137 3329 246 3390 vocari
291 3347 388 3409 vagos
428 3326 484 3406 (ad
528 3324 752 3407 populandum
793 3326 923 3406 missos)
963 3328 1116 3406 iussisse,
1161 3328 1292 3392 interim

206 3602 296 3664 quot·
320 3598 354 3649 in
387 3595 666 3664 supplementum
694 3598 743 3648 ant
770 3594 860 3662 qnod
887 3598 1012 3665 suppl,
1047 3596 1166 3652 alterum
1194 3605 1293 3667 postea

204 3682 367 3746 removebo;
394 3681 424 3734 in
447 3680 519 3733 libro
538 3677 640 3746 XXXI,
666 3681 691 3746 8,
717 3681 734 3732 8
757 3678 876 3746 (donec
899 3683 1026 3751 etipse
1050 3682 1074 3735 V
1096 3683 1214 3736 millia
1237 3700 1290 3737 so·

204 3769 296 3820 cium
325 3783 363 3820 ac
386 3766 535 3819 nominis
559 3764 678 3818 Latini
704 3764 895 3831 olfecissem
922 3765 955 3818 id
974 3767 1139 3835 praesidio
1159 3768 1290 3822 Siciliae

205 3852 395 3920 provinciae
423 3851 526 3916 esset)
559 3866 616 3904 non
643 3855 701 3903 tam
727 3850 928 3917 praesidinm
955 3868 1019 3905 cnm
1047 3851 1193 3906 Gronovio
1222 3854 1289 3906 scri·

203 3936 324 3989 bendum
344 3936 456 3989 videtur
474 3952 571 4004 quam:
598 3934 631 3987 id
654 3934 803 4002 praesidi.
849 3934 917 3988 Eius
941 3938 1064 4004 genetivi
1090 3936 1186 3990 lormae
1211 3953 1288 3989 erro·

203 4038 320 4089 rumque
347 4021 413 4074 inde
441 4027 570 4074 natorum
597 4037 655 4072 non
682 4035 772 4087 pauca
799 4020 917 4087 vestigia
944 4022 974 4073 in
1001 4021 1054 4074 hac
1083 4022 1188 4075 decade
1213 4026 1289 4087 sunt,

202 4106 279 4158 velut
305 4106 335 4158 in
357 4102 490 4169 XXXIV,
517 4106 608 4171 25,.5
636 4104 727 4172 ipsum
754 4104 926 4172 prasidio
951 4106 980 4158 in
1004 4107 1105 4159 ceteris
1131 4104 1212 4159 codd.
1239 4122 1291 4174 pro

201 4189 344 4257 praesidi
364 4188 417 4255 (B).
