3060 5272
811 279 852 340 24

256 465 359 547 modi,
387 485 459 549 quae
479 469 608 530 tantum
631 486 732 530 unum
755 471 789 530 et
810 464 961 544 alterum,
990 469 1029 529 ut
1050 463 1249 548 comparatis
1271 464 1409 529 diversae

258 576 371 660 stirpis
405 574 574 640 codicibus
602 595 695 639 error
722 579 891 657 appareat.
946 571 1065 638 Libere
1087 573 1196 657 igitur,
1225 572 1284 638 sed
1312 579 1409 638 eante

257 684 355 749 etad
376 705 487 750 rerum
510 683 810 765 sententiarumque
832 680 1102 765 probabilitatem
1124 688 1159 748 et
1182 681 1225 746 ad
1247 681 1408 747 orationis

256 792 362 877 legem
394 813 555 876 usumque
576 790 660 856 Livii
694 789 853 873 exigenda
874 795 953 856 sunt
975 789 1086 868 etiam,
1109 810 1181 871 quae
1203 789 1408 855 testimonio·

254 923 329 968 rum
344 921 514 967 'consensu
536 900 570 964 in
594 898 707 965 codice
729 898 908 983 archetypo
931 898 1033 964 luisse
1057 903 1310 981 cognoscuntur,
1338 917 1407 962 om·

255 1011 371 1093 nisque
394 1029 434 1075 ex
456 1008 519 1074 hae
540 1029 576 1072 re
598 1006 745 1073 tollenda
767 1007 970 1091 superstitio,
994 1006 1094 1072 etiam
1115 1005 1173 1070 ubi
1197 1006 1239 1071 ad
1257 1005 1408 1070 oodioum

256 1140 450 1185 eonsensum
485 1116 613 1183 aceedit
642 1116 676 1180 in
704 1136 756 1195 eo,
791 1115 881 1198 quod
913 1116 1067 1180 vitiosum
1100 1114 1247 1179 iudicare
1280 1135 1409 1197 cogare,

255 1227 345 1293 laevis
375 1225 526 1310 quadam
553 1223 666 1289 formae
689 1223 866 1308 species1)
922 1223 973 1288 Ad
1001 1222 1124 1287 oodicis
1154 1228 1265 1288 autem
1292 1222 1408 1288 arebe-

185 1331 190 1343 ’
253 1335 324 1420 typi
359 1335 556 1418 scripturam
589 1332 848 1414 cognoscendam
882 1332 1035 1415 quoniam
1070 1331 1258 1415 pervenitur
1285 1352 1408 1411 eorum,

255 1445 313 1528 qui
340 1465 380 1508 ex
408 1463 446 1506 eo
473 1440 611 1506 derivati
638 1446 727 1520 sunt,
756 1441 1014 1525 comparatione,
1042 1439 1084 1504 de
1105 1439 1156 1504 bis
1179 1461 1311 1525 quoque
1332 1440 1408 1506 bre·

254 1553 339 1616 viter
366 1555 401 1615 et
428 1548 471 1613 ad
499 1554 648 1613 nostrum
676 1549 848 1613 eonsilium
877 1548 1123 1613 accommodate
1146 1547 1297 1632 quadam
1320 1547 1408 1614 dioe-

254 1680 338 1724 mus.
382 1657 507 1721 Eorum
529 1656 793 1739 praestantissimi
816 1657 961 1721 omnium
984 1677 1145 1746 eonsensu
1169 1663 1247 1722 sunt
1270 1656 1408 1722 Vorma·

253 1767 369 1832 tiensis
398 1763 752 1847 (Borbetomagensis),
786 1785 851 1848 quo
880 1764 915 1828 B.
939 1763 1117 1829 Rhenanus
1145 1765 1179 1828 in
1207 1786 1264 1830 sex
1291 1767 1407 1849 primis

252 1874 346 1940 libris
375 1872 490 1955 (ceteri
517 1872 604 1937 enim
632 1869 775 1938 defuisse
797 1871 962 1953 videntur)
986 1894 1066 1938 usus
1089 1871 1190 1954 esu),
1223 1873 1281 1938 sed
1303 1874 1407 1959 serip-

253 1989 347 2047 turas
369 1981 458 2046 illius
481 1981 589 2045 aetatis
610 2001 701 2045 more
723 1987 853 2046 tantum
877 1980 1018 2064 carptim
1040 1979 1205 2059 indicavit,
1236 1981 1407 2048 Medioeus

254 2090 389 2172 (saeculi,
418 2094 456 2153 ut
478 2087 631 2167 traditur,
655 2087 724 2170 XI),
747 2090 841 2153 ouius
864 2110 964 2172 quum
986 2088 1012 2153 I.
1035 2088 1070 2152 F.
1095 2088 1278 2155 Gronovius
1301 2091 1335 2155 in
1358 2091 1407 2156 al·

253 2205 328 2264 tera
361 2197 505 2264 editione
539 2197 702 2279 excerptis
735 2217 814 2261 usus
848 2203 950 2278 esset,
984 2195 1274 2263 Drakenborobius
1302 2197 1407 2282 (apud

253 2328 351 2393 quem
378 2306 587 2370 Florentinus
621 2303 821 2388 appellatur)
855 2305 1031 2371 collatione
1059 2326 1080 2370 a
1110 2304 1253 2372 Salvinio
1287 2328 1404 2390 pamm

180 2428 237 2496 (23)
255 2414 352 2500 plene
385 2415 557 2498 periteque
590 2411 692 2490 facta,
729 2411 955 2479 Alschefskius
988 2413 1117 2498 plenius
1151 2413 1405 2500 diligentiusque

252 2521 405 2601 eontulit,
438 2521 633 2586 Parisiensis
661 2520 706 2602 (n.
731 2524 829 2599 5725,
864 2519 1100 2602 Colbertinus),
1134 2522 1176 2586 ab
1206 2522 1320 2588 eodem
1347 2525 1404 2589 Al·

252 2628 415 2695 schefskio
432 2629 572 2712 primum
591 2627 769 2708 adbibitus,
791 2628 909 2713 hisque
927 2629 1027 2713 paulo
1044 2628 1214 2696 inferiores
1231 2631 1403 2698 Leidensis

249 2739 342 2822 prior
365 2743 398 2803 et
414 2735 612 2802 Harleianus
635 2737 741 2820 prior,
756 2757 896 2818 quorum
915 2738 1096 2821 scripturas
1113 2737 1403 2806 Drakenborebius

249 2845 408 2928 vulgavit,
440 2844 612 2909 Harleiani
644 2844 777 2927 quidem
805 2844 846 2909 ab
876 2844 941 2910 alio
970 2850 1159 2930 excerptas3
1191 2847 1402 2932 reliquorum,

250 2953 291 3018 de
319 2953 441 3036 quibus
468 2951 601 3037 quidem
625 2958 780 3017 aoeurate
802 2959 836 3017 et
858 2951 953 3036 plene
976 2953 1136 3018 traditum
1159 2960 1224 3035 est,
1251 2955 1401 3022 Draken-

249 3060 447 3126 borobianoe
475 3059 548 3125 dico
578 3060 654 3142 (etsi
682 3067 715 3125 et
738 3060 876 3125 omissas
899 3061 1059 3145 quasdam
1082 3083 1195 3127 eorum
1218 3064 1401 3148 scripturas

248 3189 309 3235 neo
342 3170 375 3234 in
404 3169 524 3234 ceteris
552 3168 736 3234 indicandis
765 3190 909 3234 errorem
938 3191 1065 3235 omnem
1093 3170 1209 3236 abesse
1239 3173 1400 3257 suspicari

276 3388 299 3455 ¹)
319 3386 406 3457 [Nihil
428 3388 464 3442 ad
485 3389 541 3444 boo
564 3389 764 3444 declarandum
787 3389 926 3443 illustrius
944 3408 1028 3460 quam
1045 3391 1179 3445 mendum
1196 3411 1271 3448 nuno
1289 3411 1305 3448 e
1324 3394 1399 3448 libro

315 3473 365 3541 IV,
387 3477 435 3542 24,
462 3475 645 3530 tsublatum.
690 3473 819 3529 Summus
846 3479 891 3530 est
916 3476 990 3529 enim
1008 3476 1139 3530 codicum
1157 3494 1320 3542 consensus,
1346 3496 1399 3534 nee

316 3559 467 3629 quidquam
502 3561 625 3613 minimae
653 3560 682 3614 in
710 3560 837 3613 oratione
864 3565 912 3613 unt
938 3562 1078 3615 sententia
1105 3561 1268 3617 offensionis
1294 3569 1400 3632 praeter

315 3662 400 3699 unam
413 3644 496 3697 illam
515 3645 711 3714 gravissimam
729 3645 759 3698 in
777 3645 1049 3699 communicatus
1068 3663 1137 3699 sum
1151 3665 1202 3716 pro
1218 3649 1398 3703 eommuni-

315 3729 400 3784 cavi.
443 3728 565 3798 Reperte
591 3728 735 3783 lenissima
762 3729 942 3783 correctione
969 3736 998 3784 at
1023 3731 1127 3785 erroris
1153 3750 1236 3787 eausa
1262 3735 1291 3788 in
1317 3735 1397 3789 verbi

315 3814 426 3868 rariore
448 3812 538 3868 forma
564 3813 688 3881 (sirint)
714 3813 750 3866 ad
772 3815 1009 3882 permutationem
1028 3814 1102 3884 (cnm
1120 3817 1199 3886 sint)
1222 3817 1308 3887 facili,
1332 3820 1396 3888 quis

315 3898 447 3954 dubitare
464 3897 592 3967 potestl]

272 3982 297 4051 ¹)
317 3981 434 4054 [Ultima
449 3981 579 4038 Rhenani
597 3984 744 4038 adnotatio
762 3985 797 4038 ad
815 3983 861 4051 Vl,
879 3985 913 4038 28
931 3984 1073 4056 adscripta
1090 3993 1139 4042 est.
1172 3987 1281 4042 Eodem
1299 3993 1395 4044 tamen

314 4067 412 4124 codiee
429 4067 459 4121 in
482 4070 561 4125 libris
579 4069 692 4124 Vll-X
715 4068 860 4124 Gelenium
883 4070 1002 4126 subinde
1023 4090 1106 4127 usum
1130 4089 1198 4140 esse,
1223 4092 1281 4128 non
1298 4079 1395 4143 potest

312 4151 460 4222 praelraote
476 4155 583 4224 negari,
602 4155 657 4210 etsi
673 4159 760 4225 negat
776 4154 1022 4211 Drakenborohius
1040 4158 1094 4213 rol.
1109 4157 1162 4212 Vll
1178 4176 1205 4228 p.
1219 4156 1340 4228 XXXV]
