3060 5272
225 354 287 407 Lib.
306 352 432 407 XXXIX.
773 341 833 401 556

226 523 328 588 bebat
351 523 428 602 (etsi
450 525 484 587 in
507 523 569 587 hoc
592 524 633 587 ad
657 544 773 588 novam
794 542 863 585 rem
890 541 965 585 curn
993 520 1212 584 admiratione
1234 520 1385 587 transitu

227 629 417 693 difficillime
441 630 638 709 excusatur),
662 629 812 693 AEmilius
835 629 947 693 consul
972 629 1003 690 in
1026 634 1145 691 senatu
1164 633 1281 692 contra
1303 626 1386 693 Ful·

225 738 312 800 vium
336 737 465 800 dixerat
487 744 667 817 auctorque
692 734 800 799 fuerat
827 743 959 799 senatus
989 733 1131 799 consulti
1153 732 1309 814 faciendi,
1332 740 1384 815 ut,

225 865 324 926 quum
347 843 482 907 Fulvius
506 845 645 907 Romam
668 844 824 918 redisset,
847 843 887 906 de
910 841 1043 923 templis
1067 841 1250 905 Ambraciae
1272 840 1315 905 ab
1340 862 1384 909 eo

226 949 377 1033 spoliatis
409 950 452 1013 ad
480 948 653 1032 pontifices
684 949 862 1013 referretur
886 942 1080 1028 (XXXVIII,
1110 946 1178 1028 44).
1222 947 1295 1012 Hoc
1321 950 1383 1031 qui

225 1058 331 1139 possit
364 1057 513 1139 quamvis
547 1056 705 1121 invidiose
740 1057 791 1121 his
819 1055 927 1120 verbis
952 1054 1136 1137 significari,
1170 1061 1208 1118 ut
1229 1054 1384 1121 AEmilius

226 1163 355 1228 dicatur
379 1165 448 1247 ipse
478 1163 526 1227 ad
548 1164 776 1246 pontifices
806 1163 1045 1227 calumniam
1075 1161 1290 1239 attulisse,
1313 1182 1384 1227 non

224 1270 334 1348 rideo;
351 1291 427 1334 nam
446 1270 644 1334 calumniam
661 1269 771 1335 adfert
788 1270 830 1334 ad
848 1271 992 1352 aliquem
1009 1269 1079 1350 ipse
1091 1269 1240 1333 occultus
1257 1269 1384 1335 calum·

224 1378 343 1440 niator.
398 1375 462 1441 Sed
489 1376 671 1441 remedium
701 1398 766 1440 non
795 1376 924 1459 reperio
953 1375 1025 1440 loco
1054 1375 1197 1440 fortasse
1224 1374 1382 1441 lacunam

139 1487 210 1556 (452)
228 1482 373 1547 habenti.
417 1483 456 1546 Id
479 1484 613 1548 dubium
640 1506 705 1547 non
740 1490 804 1561 est,
835 1485 914 1566 quin
941 1483 1090 1566 proxima
1124 1483 1222 1546 rerba
1249 1482 1383 1549 codices

225 1589 305 1653 Pall.
336 1598 369 1653 et
393 1589 698 1655 Drakenborchiani
728 1589 782 1669 (de
811 1590 843 1653 II
872 1590 1014 1669 tacetur)
1049 1595 1138 1653 recte
1173 1590 1219 1654 sic
1252 1590 1382 1673 scripta

226 1696 385 1760 habeant:
420 1698 458 1759 in
487 1696 704 1761 Ambracia
731 1717 807 1760 una
831 1704 950 1780 capta
971 1718 1047 1761 non
1071 1696 1254 1760 valuerit
1275 1695 1382 1762 belli

225 1802 287 1866 ius
311 1801 377 1880 (bei
402 1803 476 1866 dem
499 1802 672 1867 eroberten
695 1802 895 1883 Ambracia),
924 1803 981 1867 ubi
1005 1803 1115 1867 editur
1143 1803 1182 1865 in
1211 1800 1383 1867 Ambra·

226 1910 327 1972 ciam
350 1929 466 1973 unam
490 1915 656 1991 captam.
703 1909 796 1993 Saepe
830 1911 863 1973 in
892 1910 955 1973 hoc
982 1931 1044 1973 usu
1074 1910 1315 1992 proepositioms
1337 1910 1381 1975 in

226 2015 446 2096 aberratur.¹)

311 2121 389 2206 Cap.
414 2126 484 2201 7,2
520 2122 574 2203 (de
597 2121 762 2205 triumpho
793 2120 849 2185 Gn.
873 2122 989 2186 Manlii
1019 2144 1059 2186 ex
1087 2122 1196 2202 Asia):
1231 2121 1381 2187 Militi-

224 2230 297 2294 bus
327 2230 614 2312 quadragenos
648 2229 766 2294 binos
801 2229 995 2293 denarios
1030 2229 1191 2307 divisit,
1227 2229 1382 2312 duplex

226 2338 468 2414 centurioni,
493 2343 532 2400 et
556 2336 805 2418 stipendium
829 2336 977 2418 duplex
999 2338 1039 2399 in
1062 2336 1223 2419 pedites
1246 2336 1381 2417 dedit,

224 2444 377 2526 triplex
406 2445 445 2506 In
473 2444 646 2523 equites.
693 2441 779 2518 Quid
809 2451 894 2507 esset
923 2444 957 2506 in
979 2442 1030 2506 his
1053 2444 1124 2507 vitii
1147 2450 1181 2508 et
1203 2444 1283 2527 quid
1305 2464 1382 2509 sen·

223 2552 328 2614 tentia
346 2551 536 2630 requireret,
555 2548 706 2612 Dukerus
731 2555 764 2612 et
782 2548 1072 2614 Drakenlrorchius
1095 2550 1255 2615 viderunt.
1288 2550 1376 2615 Nam

224 2677 331 2737 neque
354 2657 386 2718 in
410 2656 572 2719 communi
594 2655 769 2735 largitione
793 2657 995 2738 triumphali,
1018 2656 1138 2739 peditis
1162 2662 1195 2720 et
1213 2657 1378 2722 centumc-

224 2763 275 2825 nis
300 2781 426 2825 summa
450 2761 615 2837 distincta,
639 2763 772 2826 tertium
802 2765 922 2845 equitis
951 2764 1088 2844 gradum
1119 2764 1226 2828 omitti
1259 2784 1377 2847 perpe-

224 2874 300 2931 tuus
323 2888 393 2931 mos
416 2868 546 2932 sinebat
569 2877 749 2950 contraque
768 2871 800 2932 in
819 2870 983 2952 stipendio
1001 2878 1095 2935 extra
1112 2871 1259 2935 ordinem
1276 2877 1376 2935 aucto

223 2973 411 3038 huiusmodi
435 2973 585 3038 ordinum
608 2975 851 3041 distinctionem
873 2977 981 3041 locum
1004 2999 1070 3042 non
1092 2977 1214 3042 habere
1239 2984 1273 3042 et
1291 2976 1376 3041 Livii

223 3080 288 3145 loci
312 3081 352 3144 de
375 3081 498 3164 duplici
521 3082 681 3165 triplicive
706 3084 871 3166 stipendio
901 3084 1079 3148 ostendunt
1108 3082 1283 3148 aDulrero
1307 3083 1374 3147 col-

223 3186 300 3251 lecti
322 3188 455 3268 (XXIII,
475 3194 524 3267 20,
544 3194 573 3262 2,
593 3189 756 3267 XXXVII,
778 3195 826 3261 59,
840 3196 868 3267 6,
888 3190 955 3267 XL,
974 3194 1025 3268 43,
1045 3195 1078 3254 7:
1095 3190 1305 3255 militibus
1328 3190 1376 3255 de

224 3296 1375 3379 preda-triplexequiti‚—etstipendiumomnibusdu·

222 3402 261 3484 pl
270 3423 329 3481 ex3
349 3423 425 3467 nam
437 3402 555 3481 XXIX,
570 3408 598 3481 3,
612 3408 630 3467 5
643 3412 676 3467 et
688 3403 787 3482 XXX,
803 3408 850 3481 16,
867 3404 998 3467 leniuit
1011 3404 1052 3467 ad
1065 3404 1149 3468 hanc
1165 3404 1373 3487 largitionem

223 3509 403 3591 pertinent)
423 3516 458 3573 et
479 3511 584 3573 multo
608 3512 711 3593 magis
728 3512 776 3574 rei
792 3520 927 3590 naturn3
949 3532 1026 3575 nam
1046 3513 1245 3594 stipendium
1266 3513 1376 3595 ipsum

247 3796 255 3827 ¹
316 3794 369 3846 uod
389 3812 412 3847 c.
438 3796 454 3846 ὅ
481 3797 549 3847 ilex
572 3795 602 3847 M
629 3796 722 3848 editur
743 3814 923 3850 necessum
951 3808 1044 3850 esset
1081 3796 1189 3850 Gelenii
1211 3797 1280 3851 fide·
1308 3814 1373 3851 nam

261 3794 272 3858 )
291 3794 463 3932 garbachiui
487 3879 553 3933 inde
578 3880 704 3933 enotavit
729 3897 868 3935 neeesse
897 3888 1001 3943 esset;
1019 3883 1049 3935 in
1068 3798 1176 3936 (ceteris
1195 3888 1239 3937 est.
1256 3840 1373 3937 n'eces·

292 3964 417 4015 sarium
440 3964 546 4023 esset)
565 3968 594 4016 et
612 3962 736 4027 XXXIV,
756 3968 815 4031 5,2
837 3984 871 4019 ex
898 3966 998 4019 eodem
1020 3983 1202 4021 necessum
1226 3974 1285 4021 est
1312 3968 1374 4034 (ubi

291 4047 312 4098 B
331 4058 360 4099 et
378 4048 466 4101 ceteri
485 4048 591 4102 hahent
615 4065 754 4101 necesso
781 4048 853 4113 est),
877 4050 957 4103 valde
981 4068 1088 4107 vereor.
1108 4070 1143 4105 ne
1162 4069 1242 4106 casus
1261 4069 1313 4105 nos
1332 4053 1371 4105 lu·

291 4131 339 4183 dat
364 4133 391 4182 in
412 4131 520 4186 duobus
547 4133 590 4186 his
615 4134 684 4187 Iocis
707 4133 864 4187 Plautinam
883 4135 1137 4202 Lucretianamque
1162 4137 1308 4205 pervagati
1326 4154 1373 4190 vo·

291 4215 384 4268 cabuli
402 4214 518 4269 formam
538 4218 681 4272 obiiciens.
