3060 5272
238 365 301 421 Lib.
320 364 416 420 XLIV.
782 354 843 415 696

239 575 282 586 -
304 541 444 623 ingens
467 500 649 604 oblatum
671 537 854 601 auxllln
877 541 1054 605 avaritia
1076 540 1286 606 dimissum
1314 543 1391 603 est.

239 647 299 713 His
321 647 421 730 igitur
444 647 627 730 occupatis,
657 646 890 730 relinquuntur
916 649 1082 712 tamenin
1106 647 1168 713 hoc
1192 647 1298 731 capite
1321 646 1393 712 alia

153 759 224 830 (tw)
242 755 391 839 quaedam
423 755 626 838 corrigenda.
676 754 821 820 Primum
854 754 923 839 56,
956 755 1014 820 ubi
1047 752 1086 821 de
1120 756 1232 821 Persei
1266 761 1389 820 conatu

239 862 352 929 Gallos
376 862 418 928 ad
437 864 627 927 societatem
646 862 812 928 alliciendi
831 864 949 945 agitur,
968 863 1090 929 editur:
1113 866 1202 949 ipse
1221 860 1393 943 (Perseus)

239 994 362 1055 equos
385 969 659 1056 phalerasque
688 977 729 1036 st
757 972 912 1054 sagula,
942 972 1086 1038 donum
1117 970 1389 1056 principibus,

238 1080 345 1146 ferre
369 1087 407 1145 et
430 1100 566 1163 parum
590 1080 693 1158 auri,
717 1079 822 1162 quod
851 1081 960 1146 inter
990 1101 1144 1164 paucos
1167 1080 1394 1158 divideret,

239 1196 311 1268 oet,
334 1188 448 1253 vitiose
470 1207 608 1271 parum
630 1209 690 1270 pro
714 1208 768 1266 eo,
791 1188 880 1273 quod
904 1196 954 1254 est
976 1188 1155 1272 paulum,
1186 1189 1305 1270 posito.
1350 1185 1389 1251 ln

239 1298 351 1363 codice
374 1304 426 1362 est
452 1316 613 1380 parvom
640 1297 730 1360 auri
763 1295 852 1380 (ipsa
873 1298 1010 1381 antiqua
1032 1299 1207 1381 scriptura,
1232 1316 1332 1381 quam
1355 1300 1390 1360 et

239 1404 319 1470 alibi
340 1404 504 1469 interdum
525 1404 558 1468 in
581 1424 747 1487 aquom,
775 1425 916 1486 equom
946 1405 1019 1470 aliis
1048 1405 1202 1470 librarius
1225 1403 1391 1486 servavit),

110 1544 113 1551 ·
239 1514 328 1596 quod
350 1512 497 1595 quamvis
519 1533 579 1596 pro
602 1511 805 1577 substantivo
828 1512 867 1577 ds
891 1534 991 1596 parvo
1008 1533 1144 1578 numero
1161 1519 1194 1578 et
1217 1513 1313 1596 copia
1334 1533 1389 1576 ra·

239 1643 310 1685 rum
334 1622 378 1686 sit
400 1621 608 1701 (inusitatum
630 1641 700 1685 esse
725 1620 902 1702 significavi
926 1622 1070 1686 Gramm.
1094 1620 1165 1684 Lat.
1189 1619 1206 1704 ξ
1227 1624 1288 1684 285
1311 1619 1332 1685 b
1355 1620 1391 1683 in

238 1729 408 1812 margine),
440 1735 550 1794 tamen
584 1729 694 1813 sperni
729 1749 792 1793 non
827 1727 939 1809 debet,
968 1727 1083 1814 [quum
1112 1729 1295 1812 praesertim
1318 1729 1390 1812 ipse

239 1837 352 1903 Cicero
375 1835 548 1915 Verr.'III‚
573 1840 634 1902 130
664 1858 906 1921 perparvum
935 1859 980 1902 ox
1003 1837 1094 1902 illis
1116 1836 1246 1902 lucris
1276 1836 1325 1900 ad
1347 1856 1389 1900 se

239 1946 450 2029 pervenire
474 1941 617 2026 dixerit]‚
650 1965 716 2009 non
750 1946 852 2029 magis
875 1967 973 2029 quam
1002 1947 1142 2011 alterum
1171 1945 1267 2023 illud,
1299 1944 1389 2029 apud

239 2053 429 2120 Ciceronem
450 2058 484 2118 et
506 2053 711 2138 antiquiores
728 2075 793 2119 non
810 2055 916 2119 minus
934 2056 1138 2133 inusitatum,
1155 2053 1244 2137 apud
1263 2052 1391 2118 Livium

239 2168 355 2245 quater
377 2161 517 2240 omnino,
540 2161 602 2226 nisi
625 2159 730 2239 fallor,
754 2162 911 2244 positum,
935 2164 1118 2246 exiguum
1141 2183 1214 2227 cum
1238 2162 1390 2244 genetivo

238 2269 436 2354 (exiguum
454 2269 535 2334 diei
557 2268 612 2349 lx,
626 2273 677 2350 42,
691 2274 719 2351 6,
743 2272 930 2353 exiguum
952 2272 1079 2354 spatii
1096 2269 1198 2345 XXII,
1225 2275 1274 2339 al.
1289 2275 1387 2347 Sex.

239 2380 367 2462 campi
384 2376 578 2456 xxv11‚27‚
597 2382 626 2456 3,
640 2400 692 2442 ox.
711 2380 904 2462 temporis
924 2378 990 2460 XL,
1010 2384 1060 2456 aa,
1074 2379 1117 2460 4),
1135 2399 1264 2443 -nam
1276 2376 1346 2456 VII,
1360 2383 1389 2457 4,

239 2491 257 2550 7
281 2487 314 2551 si
337 2485 433 2570 quid
456 2487 650 2569 exiguum,
674 2509 740 2551 non
763 2509 821 2569 per
843 2508 877 2552 se
901 2490 1089 2570 origuum
1112 2487 1243 2563 dicitur,
1268 2486 1390 2552 deinde

239 2603 347 2660 autem
381 2594 470 2677 apud
493 2594 658 2671 Ovidium,
692 2592 847 2659 Senecam
880 2594 935 2676 (do
965 2595 1058 2659 Brev.
1082 2595 1146 2660 Vit.
1173 2595 1214 2676 1),
1248 2595 1391 2660 Plinium

238 2709 429 2787 utrumque,
451 2702 545 2766 alios.
590 2702 681 2787 Nam
703 2723 868 2784 parvum
891 2704 1105 2785 sanguinis
1129 2702 1284 2769 Lucanus
1308 2704 1391 2768 dixit

238 2811 280 2889 ΙΙ,
316 2814 390 2890 128,
425 2830 588 2893 parvum
620 2810 818 2892 temporis
852 2809 975 2875 Seneca
1007 2810 1091 2875 Med.
1116 2815 1187 2887 5393,
1223 2834 1391 2896 parrum

241 2920 300 2986 sui
328 2919 415 2985 idem
437 2919 532 2984 Herc.
556 2918 627 2985 Oet.
652 2923 724 2996 815,
758 2918 974 3002 parvulum
1009 2922 1209 3004 temporis
1240 2921 1392 2986 Valerius

239 3028 325 3093 Max.
354 3026 379 3107 I,
402 3032 431 3107 7,
456 3031 484 3108 7,
511 3029 691 3111 eodemque
714 3029 868 3112 pertinet,
892 3027 981 3111 quod
1012 3050 1071 3112 pro
1095 3050 1148 3107 eo,
1184 3029 1275 3111 quod
1305 3029 1393 3113 apud

240 3135 430 3202 Ciceronem
460 3142 496 3200 et
529 3137 731 3220 antiquiores
763 3135 884 3200 dicitur
916 3135 1040 3219 paulo
1069 3135 1207 3219 plures
1239 3136 1391 3218 (maior,

240 3245 325 3324 cet),
342 3244 454 3309 Livius
471 3245 572 3310 etiam
589 3265 712 3329 parvo
735 3245 873 3327 plures
903 3244 986 3308 dixit
1003 3244 1056 3326 (X,
1078 3249 1129 3323 45,
1151 3244 1203 3326 ll)
1225 3246 1392 3328 quomodo

240 3352 381 3418 Plinium
414 3353 572 3418 Maiorem
606 3361 639 3418 et
674 3352 815 3418 Gellium
847 3353 975 3418 locutos
1008 3351 1114 3417 lexica
1148 3353 1392 3435 demonstrant3

241 3461 380 3545 (Plinius
403 3461 502 3547 etiam
525 3461 669 3542 exiguo
693 3468 786 3544 post
813 3461 938 3543 habet).
983 3460 1052 3525 Nec
1080 3463 1129 3527 ita
1152 3460 1297 3526 difficilis
1320 3469 1393 3528 erat

241 3569 283 3634 ad
307 3569 375 3635 hmo
392 3569 553 3634 transitus
571 3568 613 3633 ab
632 3569 680 3648 iis,
704 3591 776 3654 quae
793 3569 880 3652 apud
900 3590 1011 3634 omnes
1030 3570 1248 3652 reperiuntur,
1268 3592 1392 3654 parvo

242 3684 476 3756 contentu,
500 3698 672 3743 summas
695 3677 939 3761 voluptates
963 3680 1159 3761 consequi
1183 3701 1325 3763 parvo,
1350 3680 1393 3744 si·

241 3785 382 3851 milibus.
427 3786 616 3868 Sequuntur
639 3784 669 3868 (ξ
688 3786 721 3868 9)
744 3785 813 3873 hacc
836 3785 876 3850 de
899 3785 1016 3850 iisdem
1033 3785 1153 3852 Gallis:
1178 3787 1269 3852 Haec
1292 3809 1394 3853 man·

242 3895 338 3960 data
360 3894 498 3977 adeos
522 3915 639 3978 quum
662 3894 909 3979 pertulisset
941 3895 1173 3977 Antigonus
1207 3896 1392 3961 adiecis-

243 4011 404 4087 setque,
427 4024 498 4086 per
521 4004 622 4067 viam
650 4009 801 4085 quanta
827 4002 1000 4068 omnium
1028 4012 1261 4087 preparata
1295 4026 1396 4071 cura

242 4112 350 4195 regis
374 4113 495 4195 copia
518 4111 774 4176 multitudini
797 4111 919 4189 foret,
953 4113 1185 4195 quibusque
1214 4114 1393 4177 muueri-

242 4218 318 4285 bus
354 4220 562 4303 principes
597 4220 864 4285 advenientes
892 4222 1037 4299 vestis,
1072 4222 1238 4303 argenti
1272 4242 1395 4304 equo·
