<?xml version="1.0" encoding="UTF-8"?>
<!DOCTYPE html PUBLIC "-//W3C//DTD XHTML 1.0 Transitional//EN"
    "http://www.w3.org/TR/xhtml1/DTD/xhtml1-transitional.dtd">
<html xmlns="http://www.w3.org/1999/xhtml" xml:lang="en" lang="en">
 <head>
  <title>
</title>
<meta http-equiv="Content-Type" content="text/html;charset=utf-8" />
  <meta name='ocr-system' content='tesseract 3.04.00' />
  <meta name='ocr-capabilities' content='ocr_page ocr_carea ocr_par ocr_line ocrx_word'/>
</head>
<body>
  <div class='ocr_page' id='page_1' title='image "./emendationesliv01madvgoog_0128.png"; bbox 0 0 3060 5272; ppageno 0'>
   <div class='ocr_carea' id='block_1_1' title="bbox 721 825 1328 896">
    <p class='ocr_par' dir='ltr' id='par_1_1' title="bbox 721 825 1328 896">
     <span class='ocr_line' id='line_1_1' title="bbox 721 825 1328 896; baseline 0.013 -10"><span class='ocrx_word' id='word_1_1' title='bbox 721 825 781 887; x_wconf 88' lang='lat'>119</span> <span class='ocrx_word' id='word_1_2' title='bbox 1199 839 1263 896; x_wconf 76' lang='lat' dir='ltr'>Iob.</span> <span class='ocrx_word' id='word_1_3' title='bbox 1280 839 1328 894; x_wconf 87' lang='lat' dir='ltr'>1v.</span> 
     </span>
    </p>
   </div>
   <div class='ocr_carea' id='block_1_2' title="bbox 167 1009 1412 4780">
    <p class='ocr_par' dir='ltr' id='par_1_2' title="bbox 167 1009 1412 4780">
     <span class='ocr_line' id='line_1_2' title="bbox 168 1009 1328 1096; baseline 0 -19"><span class='ocrx_word' id='word_1_4' title='bbox 168 1011 407 1096; x_wconf 88' lang='lat' dir='ltr'>lentumque</span> <span class='ocrx_word' id='word_1_5' title='bbox 435 1009 572 1095; x_wconf 82' lang='lat' dir='ltr'>praeda</span> <span class='ocrx_word' id='word_1_6' title='bbox 598 1009 856 1095; x_wconf 86' lang='lat' dir='ltr'>triumphans</span> <span class='ocrx_word' id='word_1_7' title='bbox 884 1010 1068 1077; x_wconf 89' lang='lat' dir='ltr'>dictator</span> <span class='ocrx_word' id='word_1_8' title='bbox 1090 1009 1202 1093; x_wconf 88' lang='lat' dir='ltr'>(Mam.</span> <span class='ocrx_word' id='word_1_9' title='bbox 1225 1011 1328 1077; x_wconf 85' lang='lat' dir='ltr'>AEmi·</span> 
     </span>
     <span class='ocr_line' id='line_1_3' title="bbox 168 1117 1328 1202; baseline 0.002 -17"><span class='ocrx_word' id='word_1_10' title='bbox 168 1119 250 1202; x_wconf 90' lang='lat' dir='ltr'>lius)</span> <span class='ocrx_word' id='word_1_11' title='bbox 279 1120 439 1185; x_wconf 89' lang='lat' dir='ltr'>Romam</span> <span class='ocrx_word' id='word_1_12' title='bbox 471 1118 647 1184; x_wconf 85' lang='lat' dir='ltr'>reduxit.</span> <span class='ocrx_word' id='word_1_13' title='bbox 699 1117 763 1184; x_wconf 86' lang='lat' dir='ltr'>Illa</span> <span class='ocrx_word' id='word_1_14' title='bbox 797 1118 845 1184; x_wconf 93' lang='lat' dir='ltr'>ab</span> <span class='ocrx_word' id='word_1_15' title='bbox 875 1120 1013 1201; x_wconf 89' lang='lat' dir='ltr'>equite</span> <span class='ocrx_word' id='word_1_16' title='bbox 1041 1119 1091 1185; x_wconf 86' lang='lat' dir='ltr'>ed</span> <span class='ocrx_word' id='word_1_17' title='bbox 1119 1121 1328 1187; x_wconf 89' lang='lat' dir='ltr'>centurio·</span> 
     </span>
     <span class='ocr_line' id='line_1_4' title="bbox 171 1224 1327 1312; baseline -0.003 -17"><span class='ocrx_word' id='word_1_18' title='bbox 171 1249 260 1295; x_wconf 94' lang='lat' dir='ltr'>nem</span> <span class='ocrx_word' id='word_1_19' title='bbox 292 1226 578 1294; x_wconf 86' lang='lat' dir='ltr'>Weissenbornius</span> <span class='ocrx_word' id='word_1_20' title='bbox 613 1224 672 1308; x_wconf 87' lang='lat'>(-</span> <span class='ocrx_word' id='word_1_21' title='bbox 703 1247 781 1292; x_wconf 88' lang='lat' dir='ltr'>nam</span> <span class='ocrx_word' id='word_1_22' title='bbox 815 1228 917 1292; x_wconf 88' lang='lat' dir='ltr'>ceteri</span> <span class='ocrx_word' id='word_1_23' title='bbox 950 1226 1093 1294; x_wconf 84' lang='lat' dir='ltr'><strong>editores</strong></span> <span class='ocrx_word' id='word_1_24' title='bbox 1125 1233 1239 1293; x_wconf 88' lang='lat' dir='ltr'>tacent</span> <span class='ocrx_word' id='word_1_25' title='bbox 1270 1229 1327 1312; x_wconf 91' lang='grc'>-)</span> 
     </span>
     <span class='ocr_line' id='line_1_5' title="bbox 172 1334 1328 1403; baseline 0.001 -1"><span class='ocrx_word' id='word_1_26' title='bbox 172 1338 256 1402; x_wconf 82' lang='lat' dir='ltr'>verti</span> <span class='ocrx_word' id='word_1_27' title='bbox 277 1335 386 1402; x_wconf 88' lang='lat' dir='ltr'>iubet:</span> <span class='ocrx_word' id='word_1_28' title='bbox 420 1356 507 1401; x_wconf 80' lang='lat' dir='ltr'>vom</span> <span class='ocrx_word' id='word_1_29' title='bbox 528 1335 665 1400; x_wconf 89' lang='lat' dir='ltr'>Ritter</span> <span class='ocrx_word' id='word_1_30' title='bbox 691 1335 755 1401; x_wconf 88' lang='lat' dir='ltr'>bis</span> <span class='ocrx_word' id='word_1_31' title='bbox 783 1356 868 1401; x_wconf 83' lang='lat' dir='ltr'>zum</span> <span class='ocrx_word' id='word_1_32' title='bbox 890 1334 1127 1401; x_wconf 89' lang='lat' dir='ltr'>Centurion.</span> <span class='ocrx_word' id='word_1_33' title='bbox 1183 1336 1236 1402; x_wconf 89' lang='lat' dir='ltr'>lta</span> <span class='ocrx_word' id='word_1_34' title='bbox 1258 1343 1328 1403; x_wconf 93' lang='lat' dir='ltr'>tum</span> 
     </span>
     <span class='ocr_line' id='line_1_6' title="bbox 170 1443 1329 1528; baseline 0 -18"><span class='ocrx_word' id='word_1_35' title='bbox 170 1445 300 1524; x_wconf 89' lang='lat' dir='ltr'>dicitur,</span> <span class='ocrx_word' id='word_1_36' title='bbox 329 1462 441 1527; x_wconf 88' lang='lat' dir='ltr'>quum,</span> <span class='ocrx_word' id='word_1_37' title='bbox 470 1443 656 1526; x_wconf 87' lang='lat' dir='ltr'>significato</span> <span class='ocrx_word' id='word_1_38' title='bbox 678 1462 797 1526; x_wconf 88' lang='lat' dir='ltr'>genere</span> <span class='ocrx_word' id='word_1_39' title='bbox 820 1443 943 1527; x_wconf 89' lang='lat' dir='ltr'>aliquo,</span> <span class='ocrx_word' id='word_1_40' title='bbox 972 1464 1084 1509; x_wconf 90' lang='lat' dir='ltr'>omnes</span> <span class='ocrx_word' id='word_1_41' title='bbox 1106 1444 1249 1524; x_wconf 90' lang='lat' dir='ltr'>omnino,</span> <span class='ocrx_word' id='word_1_42' title='bbox 1271 1445 1329 1528; x_wconf 92' lang='lat' dir='ltr'>qui</span> 
     </span>
     <span class='ocr_line' id='line_1_7' title="bbox 171 1551 1328 1638; baseline 0.001 -21"><span class='ocrx_word' id='word_1_43' title='bbox 171 1552 228 1617; x_wconf 95' lang='lat' dir='ltr'>illo</span> <span class='ocrx_word' id='word_1_44' title='bbox 250 1552 497 1631; x_wconf 81' lang='lat' dir='ltr'>contineantur,</span> <span class='ocrx_word' id='word_1_45' title='bbox 524 1551 765 1635; x_wconf 90' lang='lat' dir='ltr'>intellegendos</span> <span class='ocrx_word' id='word_1_46' title='bbox 793 1572 865 1617; x_wconf 92' lang='lat' dir='ltr'>esse</span> <span class='ocrx_word' id='word_1_47' title='bbox 888 1551 1094 1633; x_wconf 61' lang='lat' dir='ltr'>declaratum</span> <span class='ocrx_word' id='word_1_48' title='bbox 1126 1553 1239 1634; x_wconf 89' lang='lat' dir='ltr'>itaque</span> <span class='ocrx_word' id='word_1_49' title='bbox 1261 1552 1328 1638; x_wconf 90' lang='lat' dir='ltr'>pri-</span> 
     </span>
     <span class='ocr_line' id='line_1_8' title="bbox 169 1657 1328 1746; baseline 0.001 -21"><span class='ocrx_word' id='word_1_50' title='bbox 169 1681 258 1725; x_wconf 93' lang='lat' dir='ltr'>mum</span> <span class='ocrx_word' id='word_1_51' title='bbox 287 1659 430 1726; x_wconf 87' lang='lat' dir='ltr'>duorum</span> <span class='ocrx_word' id='word_1_52' title='bbox 457 1661 683 1746; x_wconf 83' lang='lat' dir='ltr'>proximorum</span> <span class='ocrx_word' id='word_1_53' title='bbox 711 1657 887 1743; x_wconf 89' lang='lat' dir='ltr'>graduum,</span> <span class='ocrx_word' id='word_1_54' title='bbox 920 1661 1008 1725; x_wconf 90' lang='lat' dir='ltr'>inter</span> <span class='ocrx_word' id='word_1_55' title='bbox 1035 1679 1118 1742; x_wconf 92' lang='lat' dir='ltr'>quos</span> <span class='ocrx_word' id='word_1_56' title='bbox 1145 1660 1256 1726; x_wconf 91' lang='lat' dir='ltr'>nullus</span> <span class='ocrx_word' id='word_1_57' title='bbox 1278 1661 1328 1726; x_wconf 89' lang='lat' dir='ltr'>in·</span> 
     </span>
     <span class='ocr_line' id='line_1_9' title="bbox 167 1767 1395 1855; baseline 0.002 -22"><span class='ocrx_word' id='word_1_58' title='bbox 167 1769 326 1834; x_wconf 84' lang='lat' dir='ltr'>teriectus</span> <span class='ocrx_word' id='word_1_59' title='bbox 359 1776 426 1848; x_wconf 88' lang='lat' dir='ltr'>est,</span> <span class='ocrx_word' id='word_1_60' title='bbox 465 1769 602 1836; x_wconf 88' lang='lat' dir='ltr'>nomina</span> <span class='ocrx_word' id='word_1_61' title='bbox 633 1767 682 1833; x_wconf 90' lang='lat' dir='ltr'>sio</span> <span class='ocrx_word' id='word_1_62' title='bbox 714 1767 870 1851; x_wconf 89' lang='lat' dir='ltr'>coniungi</span> <span class='ocrx_word' id='word_1_63' title='bbox 903 1769 1035 1834; x_wconf 90' lang='lat' dir='ltr'>omuino</span> <span class='ocrx_word' id='word_1_64' title='bbox 1068 1789 1135 1834; x_wconf 90' lang='lat' dir='ltr'>non</span> <span class='ocrx_word' id='word_1_65' title='bbox 1154 1775 1324 1852; x_wconf 89' lang='lat' dir='ltr'>·possunt;</span> <span class='ocrx_word' id='word_1_66' title='bbox 1342 1787 1395 1855; x_wconf 78' lang='lat'><strong>(99)</strong></span> 
     </span>
     <span class='ocr_line' id='line_1_10' title="bbox 168 1875 1327 1958; baseline 0.001 -16"><span class='ocrx_word' id='word_1_67' title='bbox 168 1883 258 1943; x_wconf 89' lang='lat' dir='ltr'>recte</span> <span class='ocrx_word' id='word_1_68' title='bbox 281 1877 369 1942; x_wconf 89' lang='lat' dir='ltr'>enim</span> <span class='ocrx_word' id='word_1_69' title='bbox 392 1876 498 1944; x_wconf 85' lang='lat' dir='ltr'>dicas:</span> <span class='ocrx_word' id='word_1_70' title='bbox 533 1898 618 1944; x_wconf 84' lang='lat' dir='ltr'>vom</span> <span class='ocrx_word' id='word_1_71' title='bbox 641 1875 843 1943; x_wconf 89' lang='lat' dir='ltr'>Obersten</span> <span class='ocrx_word' id='word_1_72' title='bbox 865 1875 929 1941; x_wconf 94' lang='lat' dir='ltr'>bis</span> <span class='ocrx_word' id='word_1_73' title='bbox 951 1897 1038 1941; x_wconf 88' lang='lat' dir='ltr'>zum</span> <span class='ocrx_word' id='word_1_74' title='bbox 1062 1876 1327 1958; x_wconf 82' lang='lat' dir='ltr'>Lieutenant3</span> 
     </span>
     <span class='ocr_line' id='line_1_11' title="bbox 168 1983 1328 2070; baseline 0 -19"><span class='ocrx_word' id='word_1_75' title='bbox 168 1992 258 2051; x_wconf 86' lang='lat' dir='ltr'>reete</span> <span class='ocrx_word' id='word_1_76' title='bbox 281 1986 398 2051; x_wconf 89' lang='lat' dir='ltr'>etiam:</span> <span class='ocrx_word' id='word_1_77' title='bbox 428 2006 512 2051; x_wconf 80' lang='lat' dir='ltr'>vom</span> <span class='ocrx_word' id='word_1_78' title='bbox 536 1993 675 2052; x_wconf 91' lang='lat' dir='ltr'>ersten</span> <span class='ocrx_word' id='word_1_79' title='bbox 696 1983 955 2070; x_wconf 85' lang='lat' dir='ltr'>Hauptmann</span> <span class='ocrx_word' id='word_1_80' title='bbox 978 1983 1042 2050; x_wconf 91' lang='lat' dir='ltr'>bis</span> <span class='ocrx_word' id='word_1_81' title='bbox 1064 2006 1149 2049; x_wconf 88' lang='lat' dir='ltr'>zum</span> <span class='ocrx_word' id='word_1_82' title='bbox 1169 1984 1328 2051; x_wconf 88' lang='lat' dir='ltr'>letzten</span> 
     </span>
     <span class='ocr_line' id='line_1_12' title="bbox 169 2092 1327 2178; baseline 0.002 -20"><span class='ocrx_word' id='word_1_83' title='bbox 169 2092 425 2174; x_wconf 86' lang='lat' dir='ltr'>Lieutenant‚</span> <span class='ocrx_word' id='word_1_84' title='bbox 447 2093 574 2178; x_wconf 88' lang='lat' dir='ltr'>inepte:</span> <span class='ocrx_word' id='word_1_85' title='bbox 597 2114 681 2158; x_wconf 84' lang='lat' dir='ltr'>vom</span> <span class='ocrx_word' id='word_1_86' title='bbox 697 2092 956 2177; x_wconf 86' lang='lat' dir='ltr'>Hauptmann</span> <span class='ocrx_word' id='word_1_87' title='bbox 977 2093 1042 2158; x_wconf 94' lang='lat' dir='ltr'>bis</span> <span class='ocrx_word' id='word_1_88' title='bbox 1065 2113 1150 2158; x_wconf 89' lang='lat' dir='ltr'>zum</span> <span class='ocrx_word' id='word_1_89' title='bbox 1168 2093 1327 2160; x_wconf 89' lang='lat' dir='ltr'>Lieute·</span> 
     </span>
     <span class='ocr_line' id='line_1_13' title="bbox 169 2200 1327 2284; baseline 0.001 -17"><span class='ocrx_word' id='word_1_90' title='bbox 169 2209 276 2267; x_wconf 85' lang='lat' dir='ltr'>nent.</span> <span class='ocrx_word' id='word_1_91' title='bbox 327 2201 455 2268; x_wconf 84' lang='lat' dir='ltr'>Deinde</span> <span class='ocrx_word' id='word_1_92' title='bbox 484 2201 543 2268; x_wconf 87' lang='lat' dir='ltr'>illa</span> <span class='ocrx_word' id='word_1_93' title='bbox 565 2200 806 2284; x_wconf 88' lang='lat' dir='ltr'>significatione</span> <span class='ocrx_word' id='word_1_94' title='bbox 827 2202 1014 2267; x_wconf 85' lang='lat' dir='ltr'>necessario</span> <span class='ocrx_word' id='word_1_95' title='bbox 1036 2202 1107 2267; x_wconf 80' lang='lat' dir='ltr'>hreo</span> <span class='ocrx_word' id='word_1_96' title='bbox 1128 2203 1230 2267; x_wconf 86' lang='lat' dir='ltr'>rerba</span> <span class='ocrx_word' id='word_1_97' title='bbox 1252 2224 1327 2268; x_wconf 91' lang='lat' dir='ltr'>eum</span> 
     </span>
     <span class='ocr_line' id='line_1_14' title="bbox 170 2308 1327 2394; baseline 0.001 -19"><span class='ocrx_word' id='word_1_98' title='bbox 170 2309 321 2377; x_wconf 87' lang='lat' dir='ltr'>subiecto</span> <span class='ocrx_word' id='word_1_99' title='bbox 350 2311 523 2376; x_wconf 80' lang='lat' dir='ltr'>sententia</span> <span class='ocrx_word' id='word_1_100' title='bbox 552 2308 757 2394; x_wconf 80' lang='lat' dir='ltr'>(captivis)</span> <span class='ocrx_word' id='word_1_101' title='bbox 781 2312 1065 2392; x_wconf 83' lang='lat' dir='ltr'>coniungerentur,</span> <span class='ocrx_word' id='word_1_102' title='bbox 1120 2310 1222 2394; x_wconf 82' lang='lat' dir='ltr'><strong>Atqui</strong></span> <span class='ocrx_word' id='word_1_103' title='bbox 1244 2311 1327 2376; x_wconf 92' lang='lat' dir='ltr'>nihil</span> 
     </span>
     <span class='ocr_line' id='line_1_15' title="bbox 168 2417 1326 2504; baseline 0.002 -20"><span class='ocrx_word' id='word_1_104' title='bbox 168 2424 220 2484; x_wconf 87' lang='lat' dir='ltr'>est</span> <span class='ocrx_word' id='word_1_105' title='bbox 242 2419 378 2499; x_wconf 88' lang='lat' dir='ltr'>certius,</span> <span class='ocrx_word' id='word_1_106' title='bbox 407 2439 506 2502; x_wconf 92' lang='lat' dir='ltr'>quam</span> <span class='ocrx_word' id='word_1_107' title='bbox 527 2417 715 2503; x_wconf 85' lang='lat' dir='ltr'>significari,</span> <span class='ocrx_word' id='word_1_108' title='bbox 743 2418 786 2483; x_wconf 80' lang='lat' dir='ltr'>ad</span> <span class='ocrx_word' id='word_1_109' title='bbox 808 2438 892 2501; x_wconf 90' lang='lat' dir='ltr'>quos</span> <span class='ocrx_word' id='word_1_110' title='bbox 915 2424 1003 2485; x_wconf 91' lang='lat' dir='ltr'>sorte</span> <span class='ocrx_word' id='word_1_111' title='bbox 1026 2419 1148 2504; x_wconf 80' lang='lat' dir='ltr'>captivi</span> <span class='ocrx_word' id='word_1_112' title='bbox 1169 2441 1326 2503; x_wconf 86' lang='lat' dir='ltr'>perrene-</span> 
     </span>
     <span class='ocr_line' id='line_1_16' title="bbox 169 2526 1327 2610; baseline 0.001 -18"><span class='ocrx_word' id='word_1_113' title='bbox 169 2527 251 2607; x_wconf 90' lang='lat' dir='ltr'>rint;</span> <span class='ocrx_word' id='word_1_114' title='bbox 284 2527 434 2610; x_wconf 83' lang='lat' dir='ltr'>alioquin</span> <span class='ocrx_word' id='word_1_115' title='bbox 467 2528 555 2594; x_wconf 92' lang='lat' dir='ltr'>enim</span> <span class='ocrx_word' id='word_1_116' title='bbox 586 2526 734 2610; x_wconf 79' lang='lat' dir='ltr'>intellegi</span> <span class='ocrx_word' id='word_1_117' title='bbox 764 2527 895 2592; x_wconf 91' lang='lat' dir='ltr'>omnino</span> <span class='ocrx_word' id='word_1_118' title='bbox 923 2528 1040 2609; x_wconf 90' lang='lat' dir='ltr'>nequit</span> <span class='ocrx_word' id='word_1_119' title='bbox 1065 2528 1164 2593; x_wconf 90' lang='lat' dir='ltr'>sortis</span> <span class='ocrx_word' id='word_1_120' title='bbox 1186 2549 1327 2593; x_wconf 88' lang='lat' dir='ltr'>comme·</span> 
     </span>
     <span class='ocr_line' id='line_1_17' title="bbox 169 2635 1326 2720; baseline 0.002 -20"><span class='ocrx_word' id='word_1_121' title='bbox 169 2635 327 2716; x_wconf 91' lang='lat' dir='ltr'>moratio,</span> <span class='ocrx_word' id='word_1_122' title='bbox 366 2635 522 2719; x_wconf 85' lang='lat' dir='ltr'>idemque</span> <span class='ocrx_word' id='word_1_123' title='bbox 561 2635 769 2720; x_wconf 79' lang='lat' dir='ltr'>apertissime</span> <span class='ocrx_word' id='word_1_124' title='bbox 803 2637 903 2701; x_wconf 86' lang='lat' dir='ltr'>etiam</span> <span class='ocrx_word' id='word_1_125' title='bbox 936 2636 1086 2720; x_wconf 85' lang='lat' dir='ltr'>proxima</span> <span class='ocrx_word' id='word_1_126' title='bbox 1111 2635 1171 2701; x_wconf 92' lang='lat' dir='ltr'>illa</span> <span class='ocrx_word' id='word_1_127' title='bbox 1193 2635 1326 2702; x_wconf 87' lang='lat' dir='ltr'>demon·</span> 
     </span>
     <span class='ocr_line' id='line_1_18' title="bbox 171 2742 1326 2828; baseline 0.002 -21"><span class='ocrx_word' id='word_1_128' title='bbox 171 2749 294 2809; x_wconf 88' lang='lat' dir='ltr'>strant:</span> <span class='ocrx_word' id='word_1_129' title='bbox 329 2750 369 2810; x_wconf 86' lang='lat' dir='ltr'>et</span> <span class='ocrx_word' id='word_1_130' title='bbox 390 2765 559 2828; x_wconf 88' lang='lat' dir='ltr'>quorum</span> <span class='ocrx_word' id='word_1_131' title='bbox 581 2743 728 2810; x_wconf 84' lang='lat' dir='ltr'>eximia</span> <span class='ocrx_word' id='word_1_132' title='bbox 749 2744 881 2809; x_wconf 80' lang='lat' dir='ltr'>virtus</span> <span class='ocrx_word' id='word_1_133' title='bbox 903 2743 1054 2824; x_wconf 83' lang='lat' dir='ltr'>luerat,</span> <span class='ocrx_word' id='word_1_134' title='bbox 1084 2742 1204 2809; x_wconf 89' lang='lat' dir='ltr'>binis.</span> <span class='ocrx_word' id='word_1_135' title='bbox 1259 2744 1326 2809; x_wconf 91' lang='lat' dir='ltr'>lta-</span> 
     </span>
     <span class='ocr_line' id='line_1_19' title="bbox 170 2850 1326 2936; baseline 0 -20"><span class='ocrx_word' id='word_1_136' title='bbox 170 2871 235 2935; x_wconf 88' lang='lat' dir='ltr'>que</span> <span class='ocrx_word' id='word_1_137' title='bbox 274 2852 323 2918; x_wconf 91' lang='lat' dir='ltr'>ab</span> <span class='ocrx_word' id='word_1_138' title='bbox 366 2852 505 2936; x_wconf 91' lang='lat' dir='ltr'>equite</span> <span class='ocrx_word' id='word_1_139' title='bbox 543 2852 731 2918; x_wconf 87' lang='lat' dir='ltr'>necessario</span> <span class='ocrx_word' id='word_1_140' title='bbox 771 2850 965 2936; x_wconf 87' lang='lat' dir='ltr'>simpliciter</span> <span class='ocrx_word' id='word_1_141' title='bbox 1003 2851 1214 2936; x_wconf 88' lang='lat' dir='ltr'>coniungitur</span> <span class='ocrx_word' id='word_1_142' title='bbox 1252 2873 1326 2917; x_wconf 91' lang='lat' dir='ltr'>oum</span> 
     </span>
     <span class='ocr_line' id='line_1_20' title="bbox 168 2959 1327 3042; baseline 0.001 -17"><span class='ocrx_word' id='word_1_143' title='bbox 168 2966 282 3026; x_wconf 87' lang='lat' dir='ltr'>sorte</span> <span class='ocrx_word' id='word_1_144' title='bbox 306 2959 457 3042; x_wconf 82' lang='lat' dir='ltr'>ductis3</span> <span class='ocrx_word' id='word_1_145' title='bbox 479 2960 637 3028; x_wconf 84' lang='lat' dir='ltr'>adiuncto</span> <span class='ocrx_word' id='word_1_146' title='bbox 654 2960 760 3026; x_wconf 82' lang='lat' dir='ltr'>&#39;simul</span> <span class='ocrx_word' id='word_1_147' title='bbox 781 2959 837 3025; x_wconf 94' lang='lat' dir='ltr'>illo</span> <span class='ocrx_word' id='word_1_148' title='bbox 861 2959 909 3025; x_wconf 86' lang='lat' dir='ltr'>ad</span> <span class='ocrx_word' id='word_1_149' title='bbox 932 2960 1215 3026; x_wconf 82' lang='lat' dir='ltr'>centurionem</span> <span class='ocrx_word' id='word_1_150' title='bbox 1236 2960 1327 3026; x_wconf 91' lang='lat' dir='ltr'>nulla</span> 
     </span>
     <span class='ocr_line' id='line_1_21' title="bbox 169 3066 1324 3154; baseline 0.001 -21"><span class='ocrx_word' id='word_1_151' title='bbox 169 3066 237 3133; x_wconf 85' lang='lat' dir='ltr'>alia</span> <span class='ocrx_word' id='word_1_152' title='bbox 269 3067 412 3135; x_wconf 87' lang='lat' dir='ltr'>efficitur</span> <span class='ocrx_word' id='word_1_153' title='bbox 439 3070 606 3136; x_wconf 90' lang='lat' dir='ltr'>sententia</span> <span class='ocrx_word' id='word_1_154' title='bbox 633 3069 697 3134; x_wconf 90' lang='lat' dir='ltr'>nisi</span> <span class='ocrx_word' id='word_1_155' title='bbox 723 3090 862 3154; x_wconf 89' lang='lat' dir='ltr'>prorsus</span> <span class='ocrx_word' id='word_1_156' title='bbox 889 3067 1045 3148; x_wconf 88' lang='lat' dir='ltr'>ridicula,</span> <span class='ocrx_word' id='word_1_157' title='bbox 1078 3068 1224 3152; x_wconf 88' lang='lat' dir='ltr'>singulos</span> <span class='ocrx_word' id='word_1_158' title='bbox 1247 3090 1324 3154; x_wconf 91' lang='lat' dir='ltr'>cap-</span> 
     </span>
     <span class='ocr_line' id='line_1_22' title="bbox 168 3176 1325 3260; baseline 0 -19"><span class='ocrx_word' id='word_1_159' title='bbox 168 3176 255 3242; x_wconf 86' lang='lat' dir='ltr'>tivos</span> <span class='ocrx_word' id='word_1_160' title='bbox 289 3176 333 3242; x_wconf 93' lang='lat' dir='ltr'>ab</span> <span class='ocrx_word' id='word_1_161' title='bbox 366 3177 477 3260; x_wconf 90' lang='lat' dir='ltr'>aliquo</span> <span class='ocrx_word' id='word_1_162' title='bbox 511 3179 621 3260; x_wconf 87' lang='lat' dir='ltr'>equite</span> <span class='ocrx_word' id='word_1_163' title='bbox 655 3178 698 3243; x_wconf 86' lang='lat' dir='ltr'>ed</span> <span class='ocrx_word' id='word_1_164' title='bbox 726 3177 871 3260; x_wconf 85' lang='lat' dir='ltr'>aliquem</span> <span class='ocrx_word' id='word_1_165' title='bbox 899 3178 1123 3243; x_wconf 86' lang='lat' dir='ltr'>centurionem</span> <span class='ocrx_word' id='word_1_166' title='bbox 1144 3182 1234 3242; x_wconf 85' lang='lat' dir='ltr'>sorte</span> <span class='ocrx_word' id='word_1_167' title='bbox 1256 3183 1325 3242; x_wconf 88' lang='lat' dir='ltr'>tra·</span> 
     </span>
     <span class='ocr_line' id='line_1_23' title="bbox 170 3283 1323 3366; baseline 0 -17"><span class='ocrx_word' id='word_1_168' title='bbox 170 3283 288 3350; x_wconf 89' lang='lat' dir='ltr'>ductos</span> <span class='ocrx_word' id='word_1_169' title='bbox 321 3305 412 3366; x_wconf 91' lang='lat' dir='ltr'>esse;</span> <span class='ocrx_word' id='word_1_170' title='bbox 445 3286 509 3351; x_wconf 89' lang='lat' dir='ltr'>etsi</span> <span class='ocrx_word' id='word_1_171' title='bbox 542 3286 750 3352; x_wconf 87' lang='lat' dir='ltr'>traductis</span> <span class='ocrx_word' id='word_1_172' title='bbox 785 3286 850 3352; x_wconf 91' lang='lat' dir='ltr'>dici</span> <span class='ocrx_word' id='word_1_173' title='bbox 884 3285 1042 3366; x_wconf 83' lang='lat' dir='ltr'>debebat,</span> <span class='ocrx_word' id='word_1_174' title='bbox 1074 3306 1141 3350; x_wconf 92' lang='lat' dir='ltr'>non</span> <span class='ocrx_word' id='word_1_175' title='bbox 1174 3284 1323 3351; x_wconf 89' lang='lat' dir='ltr'>ductis.</span> 
     </span>
     <span class='ocr_line' id='line_1_24' title="bbox 170 3389 1324 3477; baseline 0.002 -21"><span class='ocrx_word' id='word_1_176' title='bbox 170 3389 258 3469; x_wconf 85' lang='lat' dir='ltr'>Quid</span> <span class='ocrx_word' id='word_1_177' title='bbox 280 3391 391 3458; x_wconf 85' lang='lat' dir='ltr'>Livius</span> <span class='ocrx_word' id='word_1_178' title='bbox 413 3393 538 3460; x_wconf 83' lang='lat' dir='ltr'>lactum</span> <span class='ocrx_word' id='word_1_179' title='bbox 561 3415 633 3460; x_wconf 91' lang='lat' dir='ltr'>esse</span> <span class='ocrx_word' id='word_1_180' title='bbox 655 3393 833 3477; x_wconf 87' lang='lat' dir='ltr'>significet,</span> <span class='ocrx_word' id='word_1_181' title='bbox 869 3393 1045 3459; x_wconf 89' lang='lat' dir='ltr'>obscurum</span> <span class='ocrx_word' id='word_1_182' title='bbox 1072 3415 1138 3459; x_wconf 90' lang='lat' dir='ltr'>non</span> <span class='ocrx_word' id='word_1_183' title='bbox 1160 3400 1226 3474; x_wconf 89' lang='lat' dir='ltr'>est;</span> <span class='ocrx_word' id='word_1_184' title='bbox 1259 3393 1324 3460; x_wconf 88' lang='lat' dir='ltr'>hoc</span> 
     </span>
     <span class='ocr_line' id='line_1_25' title="bbox 169 3500 1325 3586; baseline 0.002 -21"><span class='ocrx_word' id='word_1_185' title='bbox 169 3501 257 3565; x_wconf 89' lang='lat' dir='ltr'>enim</span> <span class='ocrx_word' id='word_1_186' title='bbox 280 3500 377 3581; x_wconf 89' lang='lat' dir='ltr'>dicit,</span> <span class='ocrx_word' id='word_1_187' title='bbox 411 3501 580 3585; x_wconf 88' lang='lat' dir='ltr'>equitibus</span> <span class='ocrx_word' id='word_1_188' title='bbox 610 3509 645 3568; x_wconf 87' lang='lat' dir='ltr'>et</span> <span class='ocrx_word' id='word_1_189' title='bbox 671 3503 917 3569; x_wconf 85' lang='lat' dir='ltr'>centurionibus</span> <span class='ocrx_word' id='word_1_190' title='bbox 945 3502 1008 3569; x_wconf 91' lang='lat' dir='ltr'>hoo</span> <span class='ocrx_word' id='word_1_191' title='bbox 1030 3503 1187 3586; x_wconf 83' lang='lat' dir='ltr'>praecipui</span> <span class='ocrx_word' id='word_1_192' title='bbox 1211 3501 1325 3567; x_wconf 90' lang='lat' dir='ltr'>datum</span> 
     </span>
     <span class='ocr_line' id='line_1_26' title="bbox 169 3609 1326 3695; baseline 0 -21"><span class='ocrx_word' id='word_1_193' title='bbox 169 3628 260 3689; x_wconf 85' lang='lat' dir='ltr'>esse,</span> <span class='ocrx_word' id='word_1_194' title='bbox 298 3617 337 3675; x_wconf 92' lang='lat' dir='ltr'>ut</span> <span class='ocrx_word' id='word_1_195' title='bbox 369 3609 490 3694; x_wconf 88' lang='lat' dir='ltr'>singuli</span> <span class='ocrx_word' id='word_1_196' title='bbox 524 3611 672 3694; x_wconf 91' lang='lat' dir='ltr'>singulos</span> <span class='ocrx_word' id='word_1_197' title='bbox 705 3612 853 3695; x_wconf 81' lang='lat' dir='ltr'>captivos</span> <span class='ocrx_word' id='word_1_198' title='bbox 887 3617 978 3677; x_wconf 91' lang='lat' dir='ltr'>sorte</span> <span class='ocrx_word' id='word_1_199' title='bbox 1012 3610 1185 3689; x_wconf 88' lang='lat' dir='ltr'>ducerent,</span> <span class='ocrx_word' id='word_1_200' title='bbox 1226 3630 1326 3692; x_wconf 91' lang='lat' dir='ltr'>quum</span> 
     </span>
     <span class='ocr_line' id='line_1_27' title="bbox 168 3718 1325 3803; baseline 0.001 -21"><span class='ocrx_word' id='word_1_201' title='bbox 168 3718 330 3801; x_wconf 85' lang='lat' dir='ltr'>gregariis</span> <span class='ocrx_word' id='word_1_202' title='bbox 369 3718 531 3784; x_wconf 89' lang='lat' dir='ltr'>militibus</span> <span class='ocrx_word' id='word_1_203' title='bbox 569 3724 699 3784; x_wconf 85' lang='lat' dir='ltr'>tantum</span> <span class='ocrx_word' id='word_1_204' title='bbox 737 3720 878 3803; x_wconf 88' lang='lat' dir='ltr'>pecunia</span> <span class='ocrx_word' id='word_1_205' title='bbox 910 3740 950 3783; x_wconf 86' lang='lat' dir='ltr'>ex</span> <span class='ocrx_word' id='word_1_206' title='bbox 983 3719 1095 3802; x_wconf 75' lang='lat' dir='ltr'>prada</span> <span class='ocrx_word' id='word_1_207' title='bbox 1126 3718 1325 3783; x_wconf 85' lang='lat' dir='ltr'>venumdata</span> 
     </span>
     <span class='ocr_line' id='line_1_28' title="bbox 171 3824 1325 3911; baseline 0.002 -22"><span class='ocrx_word' id='word_1_208' title='bbox 171 3824 364 3892; x_wconf 82' lang='lat' dir='ltr'>solveretur.</span> <span class='ocrx_word' id='word_1_209' title='bbox 421 3824 606 3910; x_wconf 85' lang='lat' dir='ltr'>Scripseret</span> <span class='ocrx_word' id='word_1_210' title='bbox 628 3827 745 3911; x_wconf 90' lang='lat' dir='ltr'>igitur,</span> <span class='ocrx_word' id='word_1_211' title='bbox 779 3827 868 3909; x_wconf 86' lang='lat' dir='ltr'>quod</span> <span class='ocrx_word' id='word_1_212' title='bbox 890 3845 990 3892; x_wconf 91' lang='lat' dir='ltr'>unum</span> <span class='ocrx_word' id='word_1_213' title='bbox 1012 3826 1105 3890; x_wconf 84' lang='lat' dir='ltr'>illam</span> <span class='ocrx_word' id='word_1_214' title='bbox 1127 3827 1325 3891; x_wconf 88' lang='lat' dir='ltr'>seutentiam</span> 
     </span>
     <span class='ocr_line' id='line_1_29' title="bbox 168 3931 1324 4020; baseline -0.001 -22"><span class='ocrx_word' id='word_1_215' title='bbox 168 3931 286 4000; x_wconf 89' lang='lat' dir='ltr'>habet:</span> <span class='ocrx_word' id='word_1_216' title='bbox 326 3934 505 4020; x_wconf 89' lang='lat' dir='ltr'>singulis</span> <span class='ocrx_word' id='word_1_217' title='bbox 546 3936 724 4020; x_wconf 82' lang='lat' dir='ltr'>captivis</span> <span class='ocrx_word' id='word_1_218' title='bbox 764 3934 812 4000; x_wconf 91' lang='lat' dir='ltr'>ab</span> <span class='ocrx_word' id='word_1_219' title='bbox 854 3935 991 4017; x_wconf 87' lang='lat' dir='ltr'>equite</span> <span class='ocrx_word' id='word_1_220' title='bbox 1024 3951 1063 3996; x_wconf 83' lang='lat' dir='ltr'>ar</span> <span class='ocrx_word' id='word_1_221' title='bbox 1097 3934 1324 3997; x_wconf 76' lang='lat' dir='ltr'>centurione</span> 
     </span>
     <span class='ocr_line' id='line_1_30' title="bbox 168 4041 1323 4127; baseline 0.003 -21"><span class='ocrx_word' id='word_1_222' title='bbox 168 4051 282 4109; x_wconf 86' lang='lat' dir='ltr'>sorte</span> <span class='ocrx_word' id='word_1_223' title='bbox 304 4041 458 4121; x_wconf 85' lang='lat' dir='ltr'>ductis,</span> <span class='ocrx_word' id='word_1_224' title='bbox 488 4043 648 4127; x_wconf 85' lang='lat' dir='ltr'>singulari</span> <span class='ocrx_word' id='word_1_225' title='bbox 670 4064 806 4109; x_wconf 89' lang='lat' dir='ltr'>numero</span> <span class='ocrx_word' id='word_1_226' title='bbox 829 4042 982 4125; x_wconf 89' lang='lat' dir='ltr'>(equite</span> <span class='ocrx_word' id='word_1_227' title='bbox 1003 4075 1048 4085; x_wconf 94' lang='lat'>-</span> <span class='ocrx_word' id='word_1_228' title='bbox 1069 4042 1323 4125; x_wconf 87' lang='lat' dir='ltr'>centurione)</span> 
     </span>
     <span class='ocr_line' id='line_1_31' title="bbox 168 4149 1326 4236; baseline 0.003 -22"><span class='ocrx_word' id='word_1_229' title='bbox 168 4149 203 4214; x_wconf 92' lang='lat' dir='ltr'>in</span> <span class='ocrx_word' id='word_1_230' title='bbox 225 4149 460 4217; x_wconf 87' lang='lat' dir='ltr'>distributione</span> <span class='ocrx_word' id='word_1_231' title='bbox 483 4152 598 4217; x_wconf 89' lang='lat' dir='ltr'>eodem</span> <span class='ocrx_word' id='word_1_232' title='bbox 619 4152 717 4217; x_wconf 92' lang='lat' dir='ltr'>modo</span> <span class='ocrx_word' id='word_1_233' title='bbox 739 4152 859 4236; x_wconf 88' lang='lat' dir='ltr'>posito,</span> <span class='ocrx_word' id='word_1_234' title='bbox 888 4172 954 4234; x_wconf 92' lang='lat' dir='ltr'>quo</span> <span class='ocrx_word' id='word_1_235' title='bbox 977 4149 1033 4229; x_wconf 86' lang='lat' dir='ltr'>Ill,</span> <span class='ocrx_word' id='word_1_236' title='bbox 1055 4153 1096 4214; x_wconf 82' lang='lat'>43</span> <span class='ocrx_word' id='word_1_237' title='bbox 1119 4150 1171 4216; x_wconf 92' lang='lat' dir='ltr'>bis</span> <span class='ocrx_word' id='word_1_238' title='bbox 1194 4149 1226 4234; x_wconf 63' lang='grc' dir='ltr'>(ἓ</span> <span class='ocrx_word' id='word_1_239' title='bbox 1249 4156 1268 4216; x_wconf 89' lang='grc'><strong>6</strong></span> <span class='ocrx_word' id='word_1_240' title='bbox 1291 4158 1326 4218; x_wconf 92' lang='lat' dir='ltr'>et</span> 
     </span>
     <span class='ocr_line' id='line_1_32' title="bbox 168 4259 1412 4344; baseline 0.003 -23"><span class='ocrx_word' id='word_1_241' title='bbox 168 4259 224 4340; x_wconf 79' lang='lat' dir='ltr'>al)</span> <span class='ocrx_word' id='word_1_242' title='bbox 255 4259 427 4344; x_wconf 86' lang='lat' dir='ltr'>singulae</span> <span class='ocrx_word' id='word_1_243' title='bbox 455 4259 496 4324; x_wconf 93' lang='lat' dir='ltr'>in</span> <span class='ocrx_word' id='word_1_244' title='bbox 523 4260 695 4325; x_wconf 91' lang='lat' dir='ltr'>militem</span> <span class='ocrx_word' id='word_1_245' title='bbox 722 4260 869 4326; x_wconf 88' lang='lat' dir='ltr'>tunioae</span> <span class='ocrx_word' id='word_1_246' title='bbox 899 4260 1052 4325; x_wconf 90' lang='lat' dir='ltr'>dicuntur</span> <span class='ocrx_word' id='word_1_247' title='bbox 1073 4266 1109 4326; x_wconf 92' lang='lat' dir='ltr'>et</span> <span class='ocrx_word' id='word_1_248' title='bbox 1130 4259 1238 4340; x_wconf 87' lang='lat' dir='ltr'>XXII,</span> <span class='ocrx_word' id='word_1_249' title='bbox 1274 4263 1325 4340; x_wconf 81' lang='lat'>23,</span> <span class='ocrx_word' id='word_1_250' title='bbox 1408 4264 1412 4275; x_wconf 93' lang='lat'>&#39;</span> 
     </span>
     <span class='ocr_line' id='line_1_33' title="bbox 168 4367 1325 4453; baseline 0.003 -22"><span class='ocrx_word' id='word_1_251' title='bbox 168 4370 189 4431; x_wconf 87' lang='grc'><strong>6</strong></span> <span class='ocrx_word' id='word_1_252' title='bbox 223 4368 389 4452; x_wconf 77' lang='lat' dir='ltr'>argenti</span> <span class='ocrx_word' id='word_1_253' title='bbox 428 4367 561 4453; x_wconf 91' lang='lat' dir='ltr'>pondo</span> <span class='ocrx_word' id='word_1_254' title='bbox 594 4367 693 4434; x_wconf 85' lang='lat' dir='ltr'>bina</span> <span class='ocrx_word' id='word_1_255' title='bbox 726 4375 767 4434; x_wconf 87' lang='lat' dir='ltr'>et</span> <span class='ocrx_word' id='word_1_256' title='bbox 799 4368 964 4434; x_wconf 82' lang='lat' dir='ltr'>selibrae</span> <span class='ocrx_word' id='word_1_257' title='bbox 997 4369 1037 4433; x_wconf 91' lang='lat' dir='ltr'>in</span> <span class='ocrx_word' id='word_1_258' title='bbox 1070 4368 1242 4434; x_wconf 92' lang='lat' dir='ltr'>militem</span> <span class='ocrx_word' id='word_1_259' title='bbox 1275 4368 1325 4451; x_wconf 92' lang='lat' dir='ltr'>(et</span> 
     </span>
     <span class='ocr_line' id='line_1_34' title="bbox 168 4473 1325 4558; baseline 0.003 -20"><span class='ocrx_word' id='word_1_260' title='bbox 168 4474 259 4558; x_wconf 83' lang='lat' dir='ltr'>apud</span> <span class='ocrx_word' id='word_1_261' title='bbox 276 4473 481 4542; x_wconf 82' lang='lat' dir='ltr'>Ciceronem:</span> <span class='ocrx_word' id='word_1_262' title='bbox 505 4476 640 4542; x_wconf 89' lang='lat' dir='ltr'>tritici</span> <span class='ocrx_word' id='word_1_263' title='bbox 662 4476 822 4543; x_wconf 88' lang='lat' dir='ltr'>modius</span> <span class='ocrx_word' id='word_1_264' title='bbox 844 4483 934 4543; x_wconf 89' lang='lat' dir='ltr'>erat</span> <span class='ocrx_word' id='word_1_265' title='bbox 953 4475 1008 4542; x_wconf 89' lang='lat' dir='ltr'>HS</span> <span class='ocrx_word' id='word_1_266' title='bbox 1024 4476 1181 4558; x_wconf 83' lang='lat' dir='ltr'>ternis).</span> <span class='ocrx_word' id='word_1_267' title='bbox 1216 4474 1325 4544; x_wconf 89' lang='lat' dir='ltr'>Semel</span> 
     </span>
     <span class='ocr_line' id='line_1_35' title="bbox 169 4582 1324 4669; baseline 0.003 -22"><span class='ocrx_word' id='word_1_268' title='bbox 169 4582 295 4666; x_wconf 85' lang='lat' dir='ltr'>scripto</span> <span class='ocrx_word' id='word_1_269' title='bbox 322 4604 339 4647; x_wconf 84' lang='lat' dir='ltr'>r-</span> <span class='ocrx_word' id='word_1_270' title='bbox 367 4582 666 4667; x_wconf 89' lang='lat' dir='ltr'>(aceuturione)</span> <span class='ocrx_word' id='word_1_271' title='bbox 699 4583 823 4651; x_wconf 88' lang='lat' dir='ltr'>factum</span> <span class='ocrx_word' id='word_1_272' title='bbox 857 4583 975 4650; x_wconf 89' lang='lat' dir='ltr'>deinde</span> <span class='ocrx_word' id='word_1_273' title='bbox 1008 4591 1060 4650; x_wconf 88' lang='lat' dir='ltr'>est</span> <span class='ocrx_word' id='word_1_274' title='bbox 1092 4585 1243 4669; x_wconf 86' lang='lat' dir='ltr'>(propter</span> <span class='ocrx_word' id='word_1_275' title='bbox 1275 4584 1324 4651; x_wconf 90' lang='lat' dir='ltr'>ab</span> 
     </span>
     <span class='ocr_line' id='line_1_36' title="bbox 168 4691 1323 4780; baseline 0.006 -26"><span class='ocrx_word' id='word_1_276' title='bbox 168 4691 323 4772; x_wconf 90' lang='lat' dir='ltr'>equite)</span> <span class='ocrx_word' id='word_1_277' title='bbox 352 4691 402 4758; x_wconf 85' lang='lat' dir='ltr'>ed</span> <span class='ocrx_word' id='word_1_278' title='bbox 424 4694 721 4773; x_wconf 87' lang='lat' dir='ltr'>centurionem,</span> <span class='ocrx_word' id='word_1_279' title='bbox 751 4694 808 4776; x_wconf 89' lang='lat' dir='ltr'>qui</span> <span class='ocrx_word' id='word_1_280' title='bbox 831 4714 923 4759; x_wconf 89' lang='lat' dir='ltr'>error</span> <span class='ocrx_word' id='word_1_281' title='bbox 945 4691 1009 4773; x_wconf 90' lang='lat' dir='ltr'>(ad</span> <span class='ocrx_word' id='word_1_282' title='bbox 1031 4692 1241 4777; x_wconf 88' lang='lat' dir='ltr'>colloquia</span> <span class='ocrx_word' id='word_1_283' title='bbox 1262 4716 1323 4780; x_wconf 89' lang='lat' dir='ltr'>pro</span> 
     </span>
    </p>
   </div>
   <div class='ocr_carea' id='block_1_3' title="bbox 0 0 1534 5272">
    <p class='ocr_par' dir='ltr' id='par_1_3' title="bbox 0 0 1534 5272">
     <span class='ocr_line' id='line_1_37' title="bbox 0 0 1534 5272; baseline 0 0"><span class='ocrx_word' id='word_1_284' title='bbox 0 0 1534 5272; x_wconf 95' lang='lat' dir='ltr'> </span> 
     </span>
    </p>
   </div>
  </div>
 </body>
</html>
