3060 5272
706 837 767 898 689
1133 850 1194 905 Lib.
1214 849 1309 903 XLIV.

154 1024 271 1107 segnis
294 1023 373 1089 belli
396 1023 639 1087 administratio
663 1022 845 1105 exspectari
868 1030 988 1104 posset.
1028 1022 1071 1086 Et
1093 1044 1134 1087 ex
1156 1023 1308 1088 universo

157 1131 284 1199 AEmilii
305 1132 435 1214 ingenio
458 1139 492 1197 et
522 1152 561 1195 er
589 1132 788 1212 cogitatione
822 1131 891 1195 eius
924 1131 958 1194 in
991 1114 1084 1195 belli
1101 1129 1309 1196 Macedonici

154 1261 273 1307 curam
294 1240 422 1324 pridem
445 1260 603 1305 conversa
626 1240 817 1304 coniectura
838 1236 987 1321 fiebat.¹)

245 1346 324 1432 Gap.
347 1351 399 1427 22,
422 1352 441 1411 2
464 1348 512 1430 (in
534 1349 686 1414 contione
708 1346 743 1411 L.
767 1344 906 1426 AEmilii,
934 1353 1113 1430 antequam
1141 1347 1175 1411 in
1197 1346 1306 1412 ltlaoe·

156 1456 291 1523 doniam
313 1456 385 1535 iret,
407 1455 550 1538 habita):
574 1454 922 1519 Animadvertisse
945 1453 1097 1533 videor,
1115 1454 1306 1533 Quirites,

155 1565 347 1630 maiorem
369 1563 465 1629 mihi
487 1564 636 1628 sortito
658 1562 936 1628 Macedoniam
952 1564 1202 1645 provinciam
1222 1584 1306 1645 gra·

157 1672 406 1740 tulationem
428 1671 593 1750 factam,
627 1692 743 1756 quam
771 1691 889 1753 quum
912 1677 982 1735 aut
1009 1671 1151 1737 consul
1179 1692 1305 1737 essem

153 1780 448 1849 consalutatus
482 1786 552 1845 aut
590 1801 668 1863 quo
708 1779 770 1844 die
809 1779 1095 1861 magistratum
1126 1780 1304 1845 inissem.

156 1890 271 1974 Neque
301 1887 657 1973 plusquamperfectum
684 1907 790 1969 neque
813 1888 1037 1953 coniunctirus
1065 1888 1225 1953 rationem
1247 1886 1304 1951 ha-

156 1996 231 2077 bet,
258 2017 335 2061 nam
358 2003 484 2062 certum
507 2004 637 2080 tempus
660 1997 709 2061 rei
730 1994 826 2060 factae
848 1995 1029 2073 indicatur,
1063 2001 1097 2061 et
1125 1993 1303 2077 gratulatio

156 2104 197 2171 fit
217 2112 306 2185 tum,
340 2125 440 2187 quum
468 2104 541 2187 quis
570 2103 683 2168 consul
711 2104 939 2169 consalutatur
966 2112 999 2168 et
1021 2126 1085 2187 quo
1109 2102 1161 2167 die
1184 2103 1302 2187 aliquis
1321 2116 1391 2183 (5⁷1)

154 2212 388 2297 magistratum
412 2213 482 2277 init.
528 2210 640 2275 Coden
661 2210 777 2277 habet:
802 2232 918 2294 quam
940 2232 1025 2277 cum
1047 2220 1116 2276 aut
1139 2211 1307 2295 conpul-

155 2340 224 2387 sus
246 2306 500 2397 consulatus,
524 2321 559 2383 in
582 2340 645 2401 quo
669 2320 844 2403 perspicue
866 2320 1087 2402 significatur:
1123 2340 1207 2384 curn
1237 2324 1307 2383 aut

150 2428 304 2495 consul
326 2447 401 2491 ιιι
425 2428 739 2506 consalutatus;
767 2428 879 2509 itaque
903 2430 1002 2493 etiam
1024 2428 1306 2511 magistratum

153 2538 231 2603 inii
265 2535 473 2602 scribendum
507 2543 574 2615 'est3
609 2537 668 2600 etsi
698 2536 814 2599 mirum
838 2545 887 2601 est
914 2536 952 2613 ,id
975 2538 1010 2601 in
1032 2537 1213 2603 inissent
1243 2534 1306 2614 (sio

154 2645 243 2728 cod.)
266 2646 387 2710 mutari
409 2645 566 2727 potuisse.
613 2642 792 2725 [Originem
819 2644 927 2709 mendi
957 2646 1083 2727 aperiet
1115 2644 1176 2708 hac
1203 2645 1304 2726 scrip·

154 2760 248 2819 tura:
272 2753 436 2829 factam,
466 2773 578 2835 qnam
608 2774 727 2835 quum
749 2752 897 2831 -inii,
920 2773 1019 2817 esse.
1057 2750 1161 2834 1876]
1196 2752 1303 2834 (Quod

182 3006 207 3075 ¹)
229 3005 321 3077 [Quod
338 3007 470 3062 Hentzius
488 3006 575 3060 alias
595 3008 651 3058 vir
667 3007 770 3074 posuit,
788 3006 879 3059 voluit
896 3008 955 3061 sine
973 3008 1059 3062 dubio
1083 3008 1239 3077 alioquin
1265 3008 1305 3061 in·

224 3092 333 3161 tellegi3
361 3092 410 3147 sed
427 3094 468 3146 ita
485 3092 572 3145 alias
590 3108 679 3159 neque
698 3091 772 3159 apud
790 3092 900 3146 Livium
917 3111 1008 3163 neque
1024 3094 1077 3148 hac
1095 3098 1180 3150 astate
1199 3094 1305 3149 dictum

224 3177 377 3248 reperitur3
405 3195 457 3233 nec
475 3179 515 3232 ita
532 3178 649 3231 Paulum
667 3176 762 3229 Livius
780 3176 920 3245 laudavit,
945 3185 977 3232 ut
994 3181 1153 3251 superiores
1176 3180 1304 3235 consules

224 3262 302 3317 viros
320 3262 404 3317 finisse
422 3269 546 3334 negaret.
581 3262 691 3315 Kochio
720 3262 825 3330 agilis
844 3263 963 3332 placuit,
992 3284 1075 3333 quam
1097 3268 1229 3321 virtutem
1246 3264 1302 3320 Ro·

228 3365 326 3402 manus
345 3349 547 3418 imperatorin
566 3365 595 3401 se
614 3348 723 3402 laudari
740 3349 857 3401 miratus
877 3356 962 3415 esset:
985 3368 1074 3419 neque
1093 3354 1167 3407 enim
1185 3369 1305 3421 gnaram

226 3439 256 3488 et
272 3432 376 3487 fortem
392 3434 559 3488 industriam
577 3434 607 3486 id
625 3433 792 3488 vocabulum
815 3434 961 3503 significat.
999 3436 1150 3505 Seyffertus
1174 3455 1209 3491 ex
1226 3438 1304 3491 aliis

223 3518 292 3573 lacit
307 3520 492 3589 probatus,
512 3535 569 3572 non
588 3536 655 3574 sane
672 3520 827 3574 litterarum
846 3520 1055 3576 similitudinem
1070 3529 1187 3577 sectans.
1215 3522 1304 3590 Quian·
1397 3572 1400 3577 .

224 3610 285 3659 tum
302 3604 480 3675 praestitisset
495 3605 567 3658 bene
585 3605 699 3659 invento
717 3606 766 3658 uti.
796 3603 811 3673 ᾗ
830 3608 846 3658 3
864 3622 979 3672 prorsus
997 3624 1088 3674 neque
1107 3607 1182 3676 apud
1194 3608 1303 3662 Livium

219 3707 312 3759 neque
342 3690 417 3759 apud
443 3708 610 3759 quemquam
638 3694 702 3743 ante
720 3688 846 3743 Tacitum
870 3691 1036 3759 scriptorem
1059 3690 1125 3745 ferri
1142 3698 1237 3761 potest
1259 3698 1302 3757 (ac

221 3776 270 3829 vix
288 3775 364 3845 apud
381 3792 549 3845 quemquam
568 3781 672 3843 praeter
698 3776 789 3843 ipsum
808 3775 950 3845 Tacitum,
978 3777 1030 3831 nisi
1054 3777 1131 3846 quod
1153 3778 1187 3831 de
1210 3777 1301 3831 Plinio

220 3860 329 3915 Maiore
349 3879 406 3915 non
424 3859 542 3927 affirmo)
561 3860 622 3914 hoec
640 3861 719 3914 verbi
736 3862 911 3927 substantivi,
931 3862 1108 3918 coniunctius
1122 3862 1218 3929 modo,
1237 3880 1301 3915 cnm

221 3944 277 3999 alio
303 3946 390 3999 verbo
409 3946 547 4015 particula
574 3951 607 4000 ct
633 3944 756 4014 copulati
776 3947 898 3999 omissio:
927 3964 969 4003 an
996 3975 1029 3984 —
1052 3949 1218 4017 angustia
1246 3964 1302 3999 ex·

225 4037 401 4100 superatas
429 4037 462 4084 et
487 4033 521 4085 in
538 4048 628 4101 aequa
655 4031 732 4084 loca
756 4032 1008 4100 pervenissent.
1051 4034 1164 4089 Tacitus
1188 4034 1301 4103 quidem

220 4114 293 4169 hanc
311 4116 444 4170 duritiam
463 4117 586 4171 studiose
610 4122 740 4181 sectatur,
760 4122 790 4170 ut
807 4116 876 4170 Hist.
895 4118 968 4171 libro
986 4118 1034 4185 1v,
1054 4120 1101 4188 qui
1118 4136 1192 4174 nunc
1211 4121 1302 4188 ipsum

224 4200 254 4255 in
271 4202 403 4255 manibus
425 4209 476 4270 eat,
502 4220 525 4256 c.
546 4206 590 4256 13:
617 4203 645 4255 si
664 4202 942 4271 redintegratum
970 4204 1100 4259 bellum
1118 4210 1222 4259 sttot
1244 4221 1299 4257 ar·

225 4291 396 4340 matorum
423 4288 532 4341 millia
558 4316 592 4325 -
618 4287 756 4341 ltaliam
784 4289 1004 4357 irrupissent,
1029 4307 1051 4343 c.
1073 4293 1104 4344 18
1121 4290 1206 4355 med,
1226 4308 1249 4343 c.
1268 4292 1302 4342 34

222 4376 288 4425 ante
315 4373 389 4426 med.
424 4372 525 4442 Itaque
557 4374 772 4439 restituendum,
801 4374 877 4442 quod
904 4375 1021 4441 excidit,
1051 4382 1177 4429 essent.
1218 4372 1300 4441 1862]

221 4454 473 4527 §dscribendum
491 4459 616 4513 videtur:
646 4459 702 4511 Bis
729 4460 761 4512 in
784 4461 881 4512 exitu
907 4460 985 4513 anni
1012 4462 1084 4514 cius
1111 4460 1302 4530 lapidatum

219 4558 300 4597 esse
318 4544 516 4597 nuntiatum
544 4553 609 4613 est,
630 4536 829 4611 semellcod.
848 4545 1040 4599 nuntiatum
1059 4549 1144 4601 esset
1171 4546 1206 4599 in
1232 4544 1298 4599 Ro·

221 4643 320 4683 mano
339 4646 437 4699 agro,
466 4629 570 4683 semel
589 4632 621 4683 in
644 4629 795 4697 Veienti;
824 4631 874 4684 bis
901 4631 972 4697 (cod.
997 4631 1097 4685 simul
1124 4634 1157 4686 in
1184 4632 1301 4685 beien-

220 4714 332 4782 tibus)
351 4714 562 4768 norendiale
582 4714 863 4769 sacrumfactum
883 4723 941 4769 cst.

1038 4824 1072 4876 44
