3060 5272
243 348 305 403 Lib.
323 348 385 402 VIL
791 334 851 395 178

243 518 332 605 quod
358 519 643 585 Weissenbornius
672 518 832 602 populum
860 516 942 581 dicit
969 517 1097 582 senatui
1125 516 1327 601 permisisse,
1360 524 1399 583 ιιι

242 649 358 712 pacem
380 626 485 706 daret,
514 632 548 692 et
570 631 687 691 eontra
711 626 820 690 omnia
841 626 994 689 instituta
1016 625 1241 691 Romanorum
1262 624 1401 707 lingitur

242 757 303 801 nec
326 734 395 800 ullo
417 733 515 800 modo
536 733 588 798 his
610 734 717 798 verbis
740 731 918 814 significari
940 738 1081 816 poterat.
1115 733 1213 799 Latet
1234 733 1398 815 mendum,

242 845 332 928 quod
359 842 403 908 ad
431 843 627 926 scripturam
656 842 789 920 attinet,
817 841 923 924 prima
951 841 1060 923 speeie
1083 861 1252 925 magnum,
1280 862 1398 926 reapse

241 973 379 1037 parvum
412 958 446 1015 et
472 950 583 1028 facile,
616 950 788 1014 sententiae
822 948 1056 1032 perniciosum3
1090 969 1167 1013 nam
1196 949 1236 1012 in
1263 969 1310 1014 sc.
1332 970 1398 1015 re·

241 1059 342 1125 ferri
376 1059 534 1141 scriptum
567 1063 619 1122 est
650 1079 710 1140 pro
745 1079 798 1135 eo,
839 1055 927 1138 quod
963 1062 1027 1121 est:
1067 1057 1106 1121 in
1141 1075 1203 1119 aes
1235 1055 1397 1123 referri.

241 1166 370 1232 Tabula
393 1187 496 1231 aenea
517 1166 607 1249 pacis
630 1164 697 1229 fixa
720 1170 777 1229 est.
826 1161 949 1245 (1875.)

329 1274 407 1357 Cap.
432 1278 488 1353 25,
518 1277 552 1337 2:
586 1273 712 1338 Simul
742 1271 991 1336 dictatorem
1015 1271 1064 1352 (L.
1089 1271 1237 1356 Furium)
1259 1272 1398 1339 incre·

240 1382 412 1466 pabant,
447 1382 513 1463 qui
542 1380 646 1462 legis
674 1380 843 1444 Liciniae
873 1385 1021 1461 spretae
1049 1380 1273 1446 mercedem
1303 1402 1396 1448 oon·

240 1491 433 1568 sulatum,
461 1489 623 1572 privata
651 1487 883 1571 cupiditate
911 1506 1028 1567 quam
1051 1487 1220 1570 publica
1241 1488 1398 1554 iniuria

240 1597 467 1662 foediorem
490 1596 683 1678 cepisset,
716 1602 760 1659 ιιι
788 1615 827 1658 se
856 1595 945 1676 ipse
976 1595 1183 1660 consulem
1212 1596 1397 1663 dictator

242 1710 412 1770 crearet.
474 1702 632 1767 Extrema
659 1701 744 1777 haec,
778 1703 943 1784 praemisso
973 1702 1247 1784 consulatum,
1279 1705 1397 1771 vitiose

242 1811 427 1890 abundant;
455 1811 562 1893 ipsum
591 1817 702 1875 autem
730 1809 764 1873 id
787 1831 906 1873 nemen
930 1816 998 1874 tam
1022 1810 1227 1878 incommodo
1250 1811 1324 1878 loco
1346 1814 1398 1880 in·

241 1920 437 2003 terpositum
471 1925 535 1998 est,
574 1924 611 1983 ut
644 1920 675 1983 ei
708 1918 894 1983 necessario
929 1917 1129 2001 adiungatur
1161 1918 1397 2001 foediorem,
1477 1928 1482 1935 '

241 2027 330 2112 quod
369 2026 578 2092 manifestum
619 2033 669 2091 est
703 2047 777 2091 cum
815 2025 1042 2091 mercedem
1076 2028 1231 2110 coniungi
1264 2028 1396 2095 debere.

240 2135 357 2220 Itaque
388 2135 647 2200 consulatum
678 2135 719 2198 ad
748 2133 974 2198 mercedem
1003 2133 1152 2200 additum
1176 2156 1246 2201 esse
1270 2135 1312 2201 ab
1335 2137 1396 2202 ali·

240 2267 319 2328 quo,
349 2245 405 2328 qui
429 2265 501 2309 eam
524 2242 684 2307 mercedis
708 2241 989 2325 significationem,
1021 2263 1092 2325 quae
1115 2243 1244 2325 plenior
1265 2250 1300 2309 et
1321 2265 1397 2329 gra-

239 2354 310 2417 vior
338 2352 503 2434 sequitur,
537 2372 601 2415 nno
629 2349 790 2415 vocabulo
820 2350 1029 2432 preciperet,
1064 2351 1194 2430 eodem,
1229 2370 1294 2435 quo
1323 2372 1395 2435 ego,

240 2466 388 2543 tempore
411 2458 666 2524 Forchhammer
688 2456 858 2522 intellexit.
905 2456 1028 2538 (1861.)
1080 2457 1148 2541 [Sic
1170 2459 1235 2523 iam
1256 2458 1397 2524 Doerin·

154 2565 341 2657 (150)gius.]
391 2567 494 2632 Paulo
519 2572 593 2650 post
616 2564 646 2648 (ξ
670 2564 703 2646 l)
727 2565 811 2629 scire
839 2564 950 2643 velim,
980 2586 1046 2647 quo
1076 2565 1225 2650 exemplo
1254 2566 1395 2648 dicatur,

241 2696 306 2758 quo
329 2675 491 2739 neminem
514 2671 672 2738 offensum
695 2672 803 2736 video:
827 2672 1051 2738 extendere
1074 2695 1209 2739 omnes
1232 2674 1395 2760 imperii

239 2784 347 2847 vires
383 2781 539 2846 dilectu
569 2777 766 2844 habendo,
822 2777 984 2859 Equidem
1017 2781 1177 2845 intendi
1206 2782 1240 2846 in
1267 2782 1329 2847 tali
1356 2803 1394 2848 re

240 2911 353 2956 curam
380 2895 414 2954 et
435 2890 498 2952 vim
521 2893 617 2972 puto,
651 2908 715 2951 non
739 2886 922 2965 extendi,
956 2909 1150 2970 vereorque,
1183 2911 1225 2955 ne
1247 2889 1312 2955 hoc
1332 2910 1394 2975 pro

238 2999 296 3064 illo
325 2998 541 3063 substitutum
564 2996 620 3075 sit,
649 2994 727 3073 etsi,
757 2993 845 3078 quod
876 2993 918 3058 ad
947 2995 1125 3060 errandum
1153 2997 1316 3078 invitarit,
1343 2998 1396 3063 ni·

238 3106 286 3171 hil
309 3107 414 3171 video.

325 3215 404 3298 Cap.
428 3218 483 3292 26,
515 3218 547 3277 1:
589 3211 664 3277 Ubi
699 3232 813 3294 quum
844 3210 1101 3276 stationibus
1130 3213 1264 3296 quieti
1293 3219 1393 3279 tem·

238 3346 312 3407 pus
341 3325 526 3388 tererent
553 3318 736 3401 (Romani),
772 3318 917 3385 Gallus
946 3321 1160 3403 processit
1188 3327 1249 3386 eet.
1305 3320 1395 3386 Scri·

237 3431 395 3496 bendum:
430 3430 468 3492 ln
498 3427 772 3507 stationibus3
806 3447 873 3491 non
896 3428 1060 3491 exercitus
1083 3429 1283 3494 stationibus
1305 3435 1394 3495 tere·

236 3538 296 3605 bat
322 3545 466 3621 tempus,
501 3535 560 3601 sed
589 3536 646 3619 qui
673 3536 706 3599 in
736 3534 932 3600 stationibus
962 3541 1071 3615 erant,
1107 3536 1209 3620 quieti
1238 3536 1396 3602 terebant

236 3654 375 3730 tempus.
421 3642 543 3727 (1861.)

322 3753 401 3836 Cap.
425 3756 480 3829 30,
510 3756 546 3815 11
578 3748 624 3831 (in
648 3749 797 3815 oratione
820 3749 1004 3832 legatorum
1027 3748 1271 3834 Campanorum
1299 3751 1392 3816 auxi·

234 3862 315 3929 lium
344 3883 365 3926 a
392 3860 547 3926 Romanis
581 3863 698 3924 eontra
735 3856 899 3921 Samnites
934 3858 1152 3941 rogantiumlt
1196 3857 1394 3924 Omnibus

235 3970 406 4056 quidem,
434 3967 611 4046 Romani,
639 3973 817 4030 vestram
839 3966 1172 4032 misericordiam
1193 3974 1392 4032 vestrum·

235 4100 309 4164 qne
333 4076 530 4143 auxilium
553 4095 703 4159 aequum
729 4079 792 4139 est
813 4080 967 4156 patere,
992 4075 1044 4139 iis
1062 4080 1197 4139 tamen
1214 4075 1394 4153 maxime,

235 4188 303 4270 qui
331 4207 416 4251 eam
445 4180 767 4268 implorantibus
796 4181 894 4247 aliis
923 4181 1122 4247 auxilium
1151 4181 1241 4248 dum
1269 4201 1395 4266 supra
