3060 5272
231 358 293 411 Lib.
312 357 371 411 XL.
778 346 839 406 590

231 530 304 594 dem
321 529 447 594 inclusa
464 550 529 614 quo
552 531 749 613 pertineant,
773 528 990 609 intellegitur,
1021 524 1384 611 plusquamperfectum

229 640 313 704 enim
337 640 537 722 superiorem
560 639 656 703 domo
675 637 911 722 profectionem
929 635 1113 718 significare
1131 635 1267 715 videtur,
1286 635 1385 700 cuius

228 747 290 812 hoc
312 747 383 811 loco
407 746 697 812 commemoranda
715 746 808 811 nulla
825 745 960 809 minima
977 765 1080 809 causa
1099 750 1162 824 cst;
1185 758 1245 809 uec
1263 743 1381 808 domo

228 857 336 921 omitti
358 861 503 939 poterat3
526 876 613 919 nuuc
636 876 693 919 cos
717 861 793 938 pest
816 853 1087 918 deliberationem
1110 849 1269 917 Clondico
1292 849 1381 915 duce

227 966 261 1029 in
282 965 485 1029 Dardaniam
509 962 672 1046 profectos
707 984 788 1055 csse,
822 984 887 1026 non
915 968 1046 1045 poterat
1081 961 1148 1026 isto
1178 959 1274 1024 modo
1302 958 1381 1022 dici.

227 1073 412 1157 Scripserat
436 1072 561 1136 Livius:
586 1072 776 1154 Triginta
798 1071 928 1136 millia
946 1069 1161 1148 hominum,
1181 1066 1381 1133 Clondico

140 1194 210 1263 (483)
230 1181 342 1259 duce,
364 1199 434 1258 qu
451 1182 625 1265 profecti
644 1189 772 1260 erant,
790 1185 1073 1264 pervenerunt,
1092 1179 1226 1257 honest,
1243 1179 1277 1241 in
1295 1176 1381 1241 Dar·

229 1290 368 1365 daniam,
378 1311 476 1372 quarn
488 1289 530 1353 ab
543 1290 637 1354 initio
646 1290 1010 1373 petierautitinerisque
1019 1287 1116 1352 finem
1124 1290 1380 1371 proposuerant.

226 1398 352 1463 Deinde
382 1418 442 1481 pro
465 1397 751 1480 Appolloniam
785 1398 1048 1462 meridianam
1078 1397 1111 1459 in
1141 1395 1217 1459 edit.
1241 1392 1380 1458 FrobI

228 1507 298 1570 sine
326 1505 394 1570 ulla
424 1505 658 1588 probabilitate
692 1507 906 1571 substitutum
940 1512 1004 1569 est:
1038 1502 1380 1569 Transdanubia·

227 1635 315 1677 nam
348 1615 569 1696 regionem,
598 1621 776 1696 posteaque
806 1622 985 1690 servatum,
1014 1614 1076 1676 nisi
1099 1611 1188 1696 quod
1210 1611 1379 1675 Weissen-

229 1721 363 1784 bornius
387 1721 645 1803 Apolloniam
679 1723 1013 1787 mediterraneam
1042 1722 1250 1803 regionem
1274 1717 1380 1801 scrip·

225 1831 277 1907 sit,
300 1828 381 1912 quid
404 1829 465 1893 sub
489 1829 749 1913 Apolloniam
771 1831 904 1909 lateret,
928 1833 1078 1911 ignorare
1103 1827 1267 1893 salassus
1291 1826 1376 1891 obli-

223 1944 357 2022 tusque,
392 1937 594 2002 Dardaniam
627 1960 690 2002 uon
723 1941 832 2003 minue
862 1939 1136 2003 mediterraneam
1163 1936 1281 2013 fuisse,
1309 1954 1375 1999 uec

225 2047 355 2111 omniuo
368 2046 452 2111 ullos
464 2047 699 2111 Bastarnarum
712 2046 754 2110 ad
766 2068 856 2113 mare
875 2068 1068 2130 progressos
1086 2046 1197 2110 fuisse.
1221 2043 1377 2109 Scriben-

224 2152 300 2218 dum
323 2161 405 2233 erat,
430 2155 560 2219 excluso
583 2157 695 2238 inepto
715 2156 959 2239 supplement03
984 2153 1220 2231 aquilonia!
1243 2152 1374 2234 regio-

222 2284 309 2328 nem
331 2264 512 2346 repetiit.
548 2264 597 2327 Ab
621 2265 774 2346 aquilone
798 2267 883 2328 enirn
906 2265 939 2327 in
962 2263 1190 2327 Macedoniam
1213 2268 1246 2326 et
1268 2258 1374 2324 Thra·

223 2372 307 2436 ciam
329 2371 574 2436 descenderant.

309 2476 387 2561 Cap.
413 2484 461 2557 59,
490 2485 508 2543 8
537 2480 584 2561 (in
618 2481 844 2564 prodigiorum
878 2478 1202 2561 commemoratione)
1236 2477 1299 2541 etsi
1332 2477 1374 2556 is,

223 2587 280 2670 qui
314 2586 416 2651 lulius
450 2585 642 2671 Obsequens
680 2589 813 2667 dieitur,
848 2596 880 2652 θῖ
908 2589 1012 2667 lana,
1041 2588 1129 2670 quod
1163 2589 1196 2650 in
1225 2585 1373 2650 editione

221 2695 416 2778 Moguntina
439 2701 498 2774 est,
521 2697 555 2758 in
578 2718 637 2761 suo
662 2697 771 2761 codice
795 2697 910 2761 habuit
933 2705 965 2761 et
983 2696 1119 2761 eandem
1143 2695 1300 2761 orationis
1323 2693 1387 2755 in-·

222 2803 484 2885 terpunctionem
503 2810 633 2867 secutus
652 2812 712 2881 est,
737 2805 881 2869 dubitari
899 2812 1008 2869 tamen
1027 2806 1149 2887 nequit,
1173 2804 1250 2888 quin
1272 2799 1372 2866 scribi

222 2911 356 2976 debeat:
380 2911 556 2993 lanxque
581 2933 664 2976 cum
687 2914 995 2995 integumentis,
1032 2936 1112 2996 quae
1143 2914 1222 2981 Iovi
1246 2929 1371 2994 appo-

222 3021 306 3086 sita
328 3020 421 3101 fuit,
446 3020 600 3086 decidit
623 3022 667 3086 de
691 3045 830 3087 mensa.
877 3023 997 3087 Olcas
1027 3046 1183 3107 quoque
1218 3041 1372 3106 praegu-

222 3137 357 3196 stasse
380 3151 526 3209 mures,
549 3132 589 3194 iu
612 3131 847 3214 prodigium
870 3153 1029 3196 versum
1053 3140 1115 3198 est
1144 3132 1268 3215 (vulgo:
1304 3127 1372 3191 de·

222 3239 334 3304 cidit.
379 3238 433 3302 De
457 3260 592 3303 mensa
614 3239 725 3303 oleas
749 3262 905 3322 quoque
929 3239 1015 3320 cet).
1056 3242 1164 3306 Lanu
1186 3263 1245 3324 pro
1267 3239 1370 3317 lana,

221 3368 294 3431 quae
316 3368 422 3431 neque
445 3348 671 3430 integumenta
693 3347 795 3413 habet
817 3370 876 3413 uec
898 3350 931 3411 in
954 3371 1066 3414 mensa
1089 3350 1281 3434 apponitur,
1305 3343 1371 3409 Cu·

221 3456 292 3540 peri
315 3457 482 3519 inventum
512 3463 577 3534 est3
611 3463 735 3520 rectam
769 3458 928 3520 orationis
960 3455 1213 3538 distinctionem,
1248 3458 1277 3521 si
1303 3475 1371 3521 nou

220 3585 272 3629 res
295 3566 375 3646 ipsa,
400 3564 515 3627 saltem
533 3564 698 3645 particula
716 3586 873 3647 quoque
896 3573 1080 3630 monstrare
1099 3567 1249 3632 debebat.
1285 3564 1370 3629 Con·

220 3671 376 3754 iungatur
404 3671 466 3735 hoc
494 3672 645 3735 mendum
675 3672 896 3753 Obsequeutis
930 3681 1060 3738 aetatem
1088 3662 1266 3758 assequens
1295 3694 1371 3737 cum

220 3779 286 3860 illo,
321 3779 409 3862 quod
442 3780 475 3843 in
508 3778 572 3842 fiue
607 3779 681 3843 libri
715 3780 853 3843 XXXVI
887 3782 952 3863 (45,
982 3782 1014 3862 9)
1049 3784 1144 3848 fastis
1179 3781 1369 3848 Cassiodori

222 3888 348 3969 aequale
373 3895 430 3951 aut
453 3888 620 3970 antiquius
644 3888 884 3971 deprehensum
907 3898 964 3954 est.
1018 3955 1021 3959 .
