3060 5272
237 374 299 429 Lib.
318 374 364 428 IX.
786 361 847 422 220

238 567 337 610 cursu
359 545 535 610 verborum
558 546 695 624 insuavi,
725 545 784 609 sed
807 544 932 624 eodem,
963 546 1020 628 qui
1043 552 1095 609 est
1117 543 1269 624 XXXIII,
1300 548 1330 623 6,
1359 547 1393 608 5:

240 655 515 732 occurrisset,
565 652 799 717 faciendum
843 658 974 733 esset,
1025 653 1311 731 consulerent,
1361 657 1395 715 et

237 760 417 839 XXXVIII,
447 765 497 839 58,
521 763 555 824 8:
593 766 713 838 esset,
743 761 957 842 gessisset,
986 764 1300 843 praetereantur,
1335 758 1393 823 cfr.

151 873 221 941 (185)
239 866 371 947 XXXV,
398 872 449 947 45,
478 871 497 931 9
522 873 555 931 et
585 872 634 946 50,
663 871 692 931 9.
738 866 861 947 (1861.)
905 867 1030 932 Eodem
1058 868 1167 951 capite
1195 866 1212 949 ᾗ
1240 870 1275 930 8:
1304 865 1396 930 Tar·

237 975 492 1056 quiniensem
520 981 630 1039 metu
660 972 882 1055 subegerat
910 974 957 1055 (P.
986 974 1121 1056 Decius)
1152 973 1396 1038 frumentum

238 1082 442 1145 exercitui
460 1080 642 1165 praebere
661 1086 722 1146 cet.
754 1079 916 1157 Quoniam
935 1080 1396 1164 praeceduntSamnitibus

236 1222 280 1232 -
301 1189 428 1254 Marsi
450 1224 494 1234 -
515 1189 685 1272 Peligni,
718 1189 869 1272 sequitur
892 1189 1238 1266 Vulsiniensium,
1260 1186 1395 1266 nescio,

238 1315 280 1360 an
304 1316 377 1360 cum
405 1296 500 1362 codd.
524 1316 608 1361 reco.
632 1296 841 1361 scribendum
865 1296 1261 1379 sitTarquinienses3
1295 1314 1396 1378 quam

236 1402 333 1468 facile
361 1424 379 1468 e
407 1424 422 1465 s
450 1410 527 1469 ante
555 1423 584 1464 ι
612 1404 737 1468 lactum
765 1405 809 1468 sit
832 1423 874 1482 ιιι,
909 1411 1058 1487 apparet.
1103 1402 1226 1484 (1875.)
1270 1401 1397 1466 Deinde

238 1507 314 1591 §8,
348 1510 406 1574 ubi
430 1512 554 1575 editur:
588 1510 852 1592 Tranquillas
886 1532 950 1576 res
983 1513 1058 1575 iam
1088 1510 1276 1575 Etruscis
1309 1515 1396 1573 tur·

237 1617 353 1682 bavit
386 1620 608 1702 repentina
641 1617 823 1683 defectio
859 1617 1110 1697 Umbrorum,
1150 1617 1281 1682 dativus
1316 1615 1398 1680 ferri

237 1730 370 1809 posset,
404 1726 433 1790 si
462 1726 573 1790 Livius
602 1725 761 1790 Etruscos
790 1725 1011 1791 seditionibus
1045 1732 1079 1789 et
1106 1724 1214 1791 turbis
1244 1723 1397 1789 excitatis

237 1832 299 1896 otii
321 1830 432 1898 fructu
451 1834 600 1917 privatos
618 1840 828 1915 quereretur,
851 1854 947 1912 nunc,
971 1855 1073 1916 quum
1091 1840 1245 1916 pacatam
1263 1831 1396 1896 aDecio

238 1946 371 2022 gentem
401 1940 444 2004 ad
466 1939 591 2005 bellum
612 1941 769 2005 Romanis
792 1939 979 2005 faciendum
1003 1941 1202 2005 concitatam
1226 1938 1396 2022 significet,

237 2068 304 2112 non
342 2047 473 2128 dubito,
508 2049 588 2130 quin
623 2049 808 2131 scripserit:
844 2046 1111 2129 Tranquillas
1144 2067 1209 2111 res
1243 2047 1323 2112 iam
1356 2045 1395 2106 Ιιι

237 2153 429 2220 Etruscis
463 2155 654 2221 turbavit
687 2154 760 2219 def.
795 2155 850 2233 U.,
885 2155 1141 2237 praepositioque
1176 2161 1250 2237 post
1286 2174 1314 2214 ιι
1343 2174 1396 2217 ex·

240 2261 368 2341 ciderit,
391 2269 429 2327 ut
451 2262 544 2342 XXI,
572 2267 624 2342 43,
656 2267 694 2326 18
718 2262 951 2345 (procedam
979 2260 1129 2342 aciem),
1153 2261 1273 2340 XXIII,
1304 2264 1396 2339 2117

240 2368 299 2450 (eo
333 2391 394 2452 pro
427 2370 466 2433 in
501 2390 545 2435 eo
579 2375 656 2452 post
689 2368 896 2453 patriam),
925 2368 1046 2447 XXVI,
1082 2373 1137 2448 22,
1172 2374 1191 2432 9
1221 2368 1270 2449 (in
1297 2367 1395 2447 Fut),

238 2476 371 2555 XXVII,
401 2481 429 2554 5,
460 2482 537 2542 4et
561 2481 610 2556 15,
634 2484 654 2541 4
678 2478 725 2558 tin
749 2476 886 2557 eodem),
917 2476 1067 2555 XXXIII,
1096 2480 1146 2554 34,
1177 2475 1396 2558 5(legato·

239 2605 322 2647 rum
356 2585 549 2649 civitates
582 2605 643 2667 pro
673 2585 745 2667 leg.
769 2585 808 2647 in
842 2584 1064 2665 civitates),
1099 2583 1251 2662 XXXIV,
1287 2587 1343 2663 13,
1376 2587 1396 2645 7

240 2689 372 2772 (quum
394 2691 678 2774 Hispaniapro
701 2713 819 2774 quum
841 2693 881 2754 in
904 2691 1041 2772 Hisp.).
1094 2690 1171 2771 cn,
1194 2711 1267 2772 quae
1291 2690 1397 2754 dicam
1457 2744 1460 2749 .

241 2797 284 2862 ad
308 2797 424 2876 XXIV,
449 2804 477 2876 7,
500 2797 567 2879 4¹)

327 2903 405 2988 Gap.
430 2912 481 2985 44,
505 2911 526 2968 4
549 2904 605 2985 (de
627 2905 752 2969 biennii
775 2906 967 2970 consulibus
990 2926 1011 2970 a
1034 2906 1070 2970 L.
1094 2906 1214 2970 Pisone
1237 2904 1396 2985 omissis):
1479 2904 1482 2909 ’

241 3011 491 3077 Memoriane
530 3012 686 3095 fugerit
723 3013 763 3076 in
803 3011 1028 3078 annalibus
1069 3011 1309 3094 digerendis
1349 3032 1396 3076 an

241 3119 433 3185 consulto
467 3120 585 3184 binos
613 3119 806 3185 consules
834 3154 877 3163 -
905 3120 1229 3199 transcenderit,
1264 3120 1397 3183 ineer-

240 3232 321 3290 tum
359 3234 431 3292 est.
492 3226 607 3310 Neque
646 3228 843 3292 memoria
881 3227 1023 3310 fugere
1063 3225 1268 3311 (aliquem)
1307 3230 1396 3291 recte

241 3334 362 3398 dicitur
385 3333 436 3416 (ut
458 3335 501 3398 sit
524 3333 720 3416 deficere)
743 3355 860 3418 neque,
884 3334 972 3418 quod
995 3342 1073 3418 post
1090 3332 1397 3400 Drakenborchium

240 3440 528 3507 Weissenbornius
562 3440 710 3524 praelert,
750 3443 942 3507 memoria
981 3442 1143 3526 aliquid
1175 3441 1317 3524 fugere
1350 3439 1372 3521 ('

241 3567 307 3629 qua
329 3549 536 3613 enarratione
558 3554 719 3631 praeterea
741 3549 867 3614 nullum
891 3556 943 3614 est
960 3549 1051 3614 verbi
1070 3548 1277 3629 subiectum).
1313 3546 1398 3612 Scri-

240 3653 384 3718 bendum
407 3656 538 3720 videtur
558 3655 803 3721 Memoriana
833 3653 1028 3735 deluerit,
1059 3677 1098 3722 eo
1128 3658 1261 3740 quidem
1283 3655 1397 3736 magis,

241 3761 331 3843 quod
353 3762 386 3825 in
411 3762 595 3842 codicibus,
624 3784 690 3828 uno
719 3768 753 3828 et
780 3763 886 3828 altero
915 3765 1141 3830 recentissimo
1166 3769 1318 3849 excepto,
1346 3768 1399 3828 est

269 4027 293 4096 ¹)
312 4028 389 4099 [Cap.
409 4033 449 4098 42,
469 4034 485 4086 3
508 4049 532 4085 a.
554 4034 617 4087 1861
643 4033 819 4087 abdicarit
841 4051 893 4102 pro
918 4033 1105 4089 abdicavit
1126 4035 1244 4088 restitui.
1290 4033 1396 4087 Admo-

310 4115 388 4168 nitus
407 4116 653 4268 ll'fissenbornius
677 4118 751 4171 idem
770 4135 786 4171 a
804 4118 942 4187 Rupertio
962 4120 1088 4188 sumpsit.
1123 4118 1187 4186 Cfr,
1206 4136 1268 4186 quae
1287 4118 1345 4171 dixi
1363 4116 1400 4170 ad

310 4217 333 4254 c.
352 4202 394 4266 25,
413 4203 436 4253 o.
