3060 5272
222 363 284 418 Lib.
303 362 376 416 xxi.
767 350 829 410 272

221 534 405 618 Hispaniae,
434 535 469 597 in
496 533 615 617 quibus
644 533 790 598 nondum
813 533 987 617 quisquam
1010 530 1235 598 Romanorum
1256 533 1376 616 pedem

222 649 395 727 posuerat,
429 662 449 706 a
478 640 591 706 Sicilia
624 645 658 704 et
685 639 838 706 Sardinia
870 642 1041 705 seiunctae.
1055 661 1130 706 cum
1158 640 1270 706 Africa
1299 662 1377 707 con·

221 751 399 832 iungantur
421 754 455 813 et
477 749 519 813 ad
542 749 629 813 idern
651 747 787 813 verbum
810 747 1319 830 (transcendeslreferantur,
1344 756 1378 816 et

221 860 269 922 ita
297 878 317 921 a
344 857 435 922 Livio
470 857 653 921 orationem
689 857 903 939 compositam
941 855 1043 921 fuisse
1083 857 1243 938 ostendit,
1285 859 1376 942 quod

221 966 370 1047 sequitur
393 965 433 1029 de
456 971 597 1046 utroque
620 964 768 1041 consule,
803 963 908 1028 altero
931 964 965 1027 in
987 962 1179 1047 Hispanias,
1213 965 1319 1031 altero
1342 968 1377 1032 in

221 1073 367 1137 Africam
399 1073 515 1149 misso,
549 1071 612 1136 hoc
641 1076 705 1149 est,
741 1070 781 1135 de
814 1077 1011 1135 transcensu
1045 1072 1110 1136 iam
1137 1073 1169 1136 in
1199 1078 1376 1158 utramque

221 1188 344 1246 terram
365 1180 464 1245 facto.
494 1178 611 1262 Itaque
633 1182 781 1243 retracta
803 1179 1037 1261 praepositione
1060 1179 1109 1259 in,
1131 1201 1214 1264 qna,
1235 1188 1274 1246 nt
1294 1181 1376 1247 alibi

220 1309 307 1371 saepe
336 1287 413 1367 (vid.
438 1287 480 1351 ad
509 1286 570 1365 IX,
604 1290 655 1362 41,
691 1284 734 1366 8),
763 1285 963 1368 praecedenti
985 1285 1099 1351 littera
1122 1307 1149 1347 m
1172 1286 1293 1353 hausta
1314 1294 1375 1367 est,

221 1395 321 1460 sc'ribi
344 1394 457 1459 debet:
488 1394 621 1458 Etiam
643 1394 683 1458 in
701 1392 931 1476 Hispanias
954 1398 1003 1471 et,
1028 1394 1060 1459 si
1084 1395 1177 1459 inde
1200 1416 1375 1475 cessero,

221 1505 259 1567 in
282 1503 461 1567 Africam
489 1500 778 1566 transcendes?
813 1500 896 1563 Nam
925 1501 958 1564 in
987 1500 1049 1566 hac
1078 1502 1237 1567 orationis
1260 1502 1375 1581 forma,

220 1611 376 1693 quoniam
409 1609 525 1673 mediae
559 1614 647 1673 certe
680 1607 850 1671 sententiae
885 1607 944 1671 illa
976 1629 1036 1691 pro
1061 1609 1253 1674 condicione
1275 1608 1375 1674 adfir-

221 1719 323 1782 matio
352 1716 431 1781 ficta
456 1717 558 1781 inseri
584 1737 649 1797 non
679 1735 773 1797 posse
801 1715 945 1792 videtur,
979 1719 1167 1781 necessario
1197 1715 1295 1780 simul
1317 1717 1376 1780 ad·

221 1824 365 1890 dendum
389 1825 423 1888 si
445 1824 574 1907 puto.¹)
620 1822 745 1887 Deinde
769 1829 879 1887 autem
901 1823 1174 1906 interrogationis
1199 1825 1375 1888 correctio-

222 1953 297 1997 nem
324 1932 501 1996 indicantis
530 1931 638 1996 forma
665 1931 748 1994 scite
771 1930 1000 1995 animadversa
1022 1951 1043 1994 a
1065 1930 1231 1996 Gronovio
1255 1930 1376 2013 (tran-

222 2039 394 2104 scendes
419 2046 550 2104 autem
574 2035 701 2117 dicol)
723 2037 825 2102 habet
847 2045 966 2117 tamen,
996 2039 1028 2101 in
1053 2059 1116 2119 quo
1140 2039 1210 2102 iure
1233 2037 1376 2117 haereas3

221 2168 297 2212 nam
325 2153 383 2211 aut
411 2145 679 2211 transcendes
703 2146 858 2209 autem?
892 2152 950 2210 aut
972 2145 1240 2210 transcendes
1262 2146 1375 2211 dico?

222 2255 396 2320 dicendum
418 2255 547 2318 videtur
567 2253 686 2332 fuisse3
709 2252 766 2317 ubi
789 2257 964 2334 utrumque
987 2254 1205 2334 coniungatur
1227 2251 1377 2334 (autern

221 2362 361 2442 dicol),
384 2362 519 2438 frustra,
544 2362 669 2444 opinor,
693 2380 831 2443 quaeras.
876 2359 988 2442 (Locis
1012 2361 1155 2444 quinque
1178 2359 1219 2425 de
1242 2367 1375 2425 autem

222 2472 270 2535 sio
298 2471 409 2553 posito
438 2469 480 2533 ab
509 2468 640 2533 Handio
663 2467 758 2532 Ture.
781 2468 796 2532 I
819 2489 850 2550 p.
876 2471 936 2531 576
965 2469 1117 2532 excitatis
1146 2488 1186 2532 ex
1209 2466 1376 2533 Ciceronis

221 2579 316 2661 epist.
341 2577 383 2641 ad
406 2576 505 2640 Attio.
525 2577 561 2654 V,
588 2579 637 2653 13,
662 2580 690 2653 3,
715 2575 767 2653 Vl,
791 2579 820 2653 2,
850 2579 878 2654 8,
903 2574 972 2653 VH,
999 2581 1026 2653 1,
1050 2581 1079 2655 4,
1103 2582 1186 2640 orat.
1205 2597 1266 2659 pro
1290 2575 1373 2640 Rab.

220 2685 310 2750 Post.
334 2688 369 2763 5,
401 2687 454 2762 10,
482 2683 581 2747 Plinii
610 2683 730 2765 Paneg.
756 2686 797 2746 28
826 2681 904 2747 addi
932 2689 1074 2766 possunt
1097 2679 1265 2748 Ciceronis
1297 2683 1373 2759 duo,

220 2815 271 2875 ep.
295 2791 339 2856 ad
367 2791 456 2855 Fam.
481 2790 511 2868 1,
542 2796 570 2868 9,
604 2794 642 2854 10
665 2791 755 2855 etin
778 2790 887 2854 Pison.
911 2788 1026 2871 fragm.
1049 2793 1069 2853 2
1092 2810 1132 2854 ex
1155 2790 1250 2855 initio
1273 2792 1374 2855 orati·

220 2900 306 2966 onis:
327 2899 556 2980 -ingeniil
573 2899 729 2979 ingenii
746 2898 901 2962 autem?
921 2899 996 2962 imo
1015 2898 1184 2980 ingenui
1201 2897 1374 2963 hominis

220 3028 264 3072 ao
285 3006 416 3085 liberi,
441 3013 474 3071 et
496 3005 645 3070 nonnihil
667 3003 823 3069 inflexum
847 3005 991 3070 Terentii
1014 3025 1055 3069 ex
1076 3003 1194 3089 Hecyr.
1219 3005 1243 3084 Ι,
1269 3010 1298 3084 2,
1322 3008 1373 3084 25,

220 3115 291 3194 ubi,
326 3121 504 3198 postquam
527 3112 667 3179 Philotis
691 3112 788 3176 dicit:
823 3133 985 3177 uxorem
1008 3111 1175 3192 habere,
1210 3112 1372 3178 Parmeno

219 3224 387 3305 corrigens
427 3220 574 3286 subiicit:
620 3219 771 3284 habere
811 3220 967 3284 autem?
1011 3219 1073 3285 hoe
1113 3226 1178 3285 est:
1218 3218 1373 3286 habere

219 3327 358 3409 dioisl)
382 3329 489 3412 Auget
511 3328 740 3412 suspicionem,
764 3326 852 3410 quod
875 3327 907 3390 in
931 3327 1101 3393 codicibus
1125 3326 1165 3408 (P
1183 3333 1218 3392 et
1240 3326 1373 3408 ceteris)

132 3453 204 3520 (222)
224 3436 396 3502 scribitur:
439 3434 752 3502 transcendisse
791 3441 922 3499 autern
955 3434 1055 3499 dico.
1111 3434 1216 3500 Valde
1247 3456 1373 3514 vereor,

218 3566 269 3625 ne,
299 3566 399 3628 quum
421 3548 473 3608 ter
495 3543 530 3608 id
552 3542 690 3608 verbum
713 3541 824 3606 Livius
846 3543 1020 3625 posuisset,
1044 3542 1095 3608 bis
1119 3541 1236 3608 eadem
1257 3540 1372 3622 forma,

218 3652 325 3718 altero
353 3652 428 3717 loco
457 3650 627 3717 exciderit.
685 3648 739 3714 Sic
772 3649 859 3713 enim
886 3648 997 3715 Livius
1026 3650 1200 3734 scripsisse
1227 3649 1372 3715 ridetur:
1400 3634 1401 3638 ¹

218 3759 349 3824 Etiam
373 3759 412 3823 in
436 3758 660 3841 Hispanias
684 3763 734 3835 et,
758 3757 791 3820 si
812 3756 905 3820 inde
929 3777 1102 3837 cessero,
1132 3744 1172 3822 i'n
1193 3756 1373 3822 Africam

217 3865 509 3931 transcendes?
542 3863 826 3929 Transcendes
857 3864 1013 3928 autem?
1046 3864 1373 3931 Transcendisse

248 4118 271 4184 ¹)
289 4118 379 4175 Video
398 4136 482 4185 nuno,
500 4119 585 4172 etiam
602 4116 863 4186 Frondenbergium
881 4118 910 4172 in
929 4117 1071 4171 annalium
1089 4117 1188 4187 philol.
1207 4119 1262 4173 vol.
1280 4115 1372 4173 LXXI

285 4221 313 4273 p.
332 4205 382 4257 726
401 4222 460 4272 sqq.
480 4204 516 4258 in
533 4202 721 4272 Hispanias
739 4201 920 4256 scribendum
939 4219 999 4257 esee
1017 4202 1198 4258 intellexisse.
