3008 4756
688 357 750 418 483
1087 369 1148 423 Lib.
1168 368 1295 423 xxxm

145 548 326 625 ponuntur,
360 541 518 624 exemplis
551 540 629 604 addi
662 539 731 605 haec
764 541 830 605 tria
858 546 1008 623 possunt:
1044 537 1108 604 Cic.
1137 540 1228 603 Verr.
1258 540 1295 618 V,
1379 560 1384 569 ·

145 654 173 726 9,
197 653 237 711 22
262 655 295 713 et
320 652 382 725 13,
400 651 450 724 32,
479 669 539 732 pro
564 647 651 713 Cael.
676 651 725 727 20,
750 653 799 712 50.
850 646 975 712 Eodem
998 645 1095 711 modo
1120 666 1206 729 saepe
1230 646 1296 710 dici

143 776 319 837 purgare
353 756 559 820 notissimum
593 755 666 836 est.)
722 755 826 820 Miror
857 753 957 820 talem
990 774 1134 818 errorem
1167 753 1210 816 ad
1238 773 1296 817 no·

145 870 250 927 strum
274 869 404 945 tempus
426 862 574 928 latuisse.

559 1053 652 1134 Lib.
687 1052 883 1134 XXXIII.

231 1182 309 1268 Cap.
340 1190 375 1262 5,
411 1188 465 1262 ll,
506 1184 563 1249 ubi
597 1183 700 1249 codex
738 1191 772 1249 et
805 1183 878 1249 edd.
906 1183 1046 1249 habeut:
1088 1182 1196 1248 alius
1229 1202 1298 1265 per

145 1290 268 1355 alium
290 1292 460 1356 immissi
482 1292 607 1370 radii,
640 1290 889 1368 restituendum,
919 1311 984 1374 quo
1007 1288 1167 1355 vocabulo
1191 1296 1243 1355 ter
1264 1290 1298 1353 in

145 1398 208 1462 hac
248 1420 283 1463 re
321 1398 433 1462 Livius
473 1420 553 1464 usus
595 1408 661 1475 est,
699 1399 817 1478 rami3
864 1398 953 1481 apud
986 1396 1157 1480 Polybium
1193 1407 1298 1477 κεραῖαι
1375 1468 1378 1475 ⁴

145 1505 371 1587 appellantur;
404 1505 489 1570 radii
517 1505 559 1569 ab
587 1526 623 1569 re
646 1505 745 1569 alieni
769 1512 855 1570 sunt.
911 1503 976 1569 Sed
998 1512 1159 1587 practerea
1182 1503 1298 1569 Ussin-

145 1614 218 1694 gius
252 1612 483 1676 animadvertit
516 1611 616 1676 adeo
651 1611 704 1691 (et
740 1613 840 1677 adeo
874 1611 1001 1690 acuti)
1030 1631 1137 1694 neque
1166 1611 1193 1675 si
1225 1631 1297 1675 cum

145 1721 257 1784 acuti
279 1740 385 1801 neque
408 1721 435 1782 si
459 1741 533 1783 cum
555 1740 632 1783 nou
654 1719 896 1800 relinquunt
919 1720 1153 1801 coniungatur,
1183 1725 1298 1800 aptum

145 1847 215 1890 esse
238 1848 353 1907 neque,
382 1826 472 1907 quod
495 1827 524 1890 ei
547 1826 755 1909 respoudeat,
783 1817 961 1908 quidquam
984 1827 1018 1890 in
1040 1824 1167 1908 Polybii
1189 1824 1297 1888 uerbis

145 1954 226 1998 esse.
272 1933 432 2015 (1863.)¹)

231 2040 308 2124 Cap.
343 2044 395 2117 12,
432 2044 466 2104 3:
506 2040 731 2105 AEtclcrum
765 2041 814 2121 (iu
849 2039 987 2105 concilio
1021 2040 1186 2104 sociorum
1214 2038 1297 2103 aL.

145 2148 298 2225 Quinctio
321 2148 481 2212 advocato
505 2149 545 2212 de
567 2148 694 2230 legibus
717 2148 808 2232 pacis
830 2146 982 2230 Philippo
1006 2145 1166 2227 dicendis)
1190 2166 1298 2228 aspe·
1348 2198 1351 2205 .

144 2256 230 2319 rior·
258 2256 395 2319 oratio
424 2253 518 2334 fuit,
551 2256 617 2336 qui
652 2275 780 2338 pauca
815 2254 993 2338 praefati,
1026 2258 1139 2318 recte
1175 2259 1298 2335 atque

147 2362 286 2426 ordine
309 2363 602 2446 imperatorem
625 2362 846 2426 Romanum
869 2361 1021 2438 facere,
1052 2360 1167 2444 quod,
1197 2381 1298 2443 quos

145 2467 245 2534 belli
292 2469 425 2534 socios
471 2469 705 2546 habuisset,
752 2489 838 2533 cum
883 2469 933 2533 iis
979 2470 1387 2549 commumcarecpeu

146 2578 259 2659 pacis
294 2576 486 2641 consilia:
525 2576 619 2640 falli
658 2582 790 2640 autem
825 2597 911 2640 eum
944 2583 1033 2641 tota
1066 2595 1122 2653 re,
1164 2575 1197 2638 si
1231 2581 1301 2638 aut

147 2684 337 2748 Romanis
367 2703 506 2766 pacem
536 2689 606 2747 aut
635 2682 798 2748 Graeciae
828 2683 1064 2748 libertatem
1093 2683 1198 2747 satis
1227 2682 1300 2745 fir-

146 2811 243 2854 mam
277 2811 317 2853 se
353 2789 495 2852 credat
528 2790 769 2854 relicturum
803 2792 885 2854 nisi
914 2790 1106 2874 Philippo
1135 2796 1207 2853 aut
1236 2810 1300 2854 cc·

148 2898 233 2960 ciso
264 2902 334 2960 aut
362 2916 486 2976 regno
509 2895 627 2978 pulso
657 2904 717 2960 cet.
768 2896 916 2980 Apparet
938 2898 1136 2974 attendenti,
1166 2898 1301 2979 partici-

148 3004 237 3086 pium
260 3000 427 3085 praefati
450 3001 593 3084 pendere
615 3021 676 3065 uec
698 3000 830 3078 habere,
861 3003 914 3065 cui
937 3002 1144 3084 adiungatur,
1166 3003 1302 3067 uerbum

146 3109 292 3187 finitum
315 3128 392 3171 nam
415 3109 525 3190 ipsum
547 3127 654 3190 neque
677 3128 736 3189 pro
759 3107 852 3171 finito
876 3109 954 3191 poni
976 3109 1010 3171 in
1033 3111 1196 3173 sententia
1217 3110 1301 3173 rela-

147 3218 216 3281 tiva
244 3222 354 3299 potest
377 3214 457 3296 (qui
480 3211 644 3297 praefati
668 3235 745 3297 pro:
775 3215 842 3297 qui
870 3212 1029 3296 praefati
1058 3216 1165 3296 suut)
1193 3235 1300 3298 neque

146 3329 251 3389 totam
275 3323 458 3389 oraticnem
479 3321 665 3403 significare
688 3320 762 3403 (pro
786 3321 993 3401 dixerrunt3
1017 3322 1078 3386 etsi
1101 3322 1212 3387 obstat
1233 3323 1300 3387 iam

146 3430 302 3514 pauca);
325 3437 359 3494 et
382 3431 410 3493 si
433 3429 507 3511 quis
531 3429 574 3492 ad
597 3428 763 3511 posterius
786 3427 849 3494 hcc
871 3429 1113 3494 incommodum
1130 3429 1300 3495 vitandum

146 3537 264 3618 fingat,
298 3536 445 3601 iudicata
472 3536 678 3619 praefatione,
712 3535 873 3619 reliquam
903 3537 1085 3602 orationem
1113 3538 1183 3603 sine
1212 3557 1299 3604 com·

147 3647 238 3710 muni
274 3643 403 3710 dicendi
435 3642 536 3708 verbo
571 3641 706 3728 obliqua
740 3643 846 3709 forma
874 3644 1024 3727 adiungi,
1058 3650 1185 3710 evertat
1211 3643 1299 3710 hunc

148 3760 301 3816 conatum
334 3751 483 3835 paticula
516 3756 667 3830 autem,
707 3773 779 3835 quac
817 3753 851 3816 iu
885 3751 1047 3817 eiusmodi
1080 3753 1223 3817 transitu
1257 3751 1300 3817 ad

146 3860 307 3943 reliquam
347 3859 437 3942 (post
477 3856 717 3942 praefationem)
757 3859 939 3923 orationem
977 3858 1182 3924 referendam
1221 3860 1300 3943 poni

147 3967 271 4050 nequit.
327 3965 392 4032 Sed
419 3967 453 4029 in
480 3964 539 4029 illa
568 3967 643 4048 ipsa
669 3965 834 4048 particula
860 3967 962 4046 inest,
997 3966 1086 4049 quod
1108 3968 1300 4048 quaerimus3

147 4125 207 4132 -—

177 4195 198 4258 ι)
217 4191 246 4261 [ἓ
264 4197 281 4246 7
298 4192 419 4249 fortasse
438 4194 625 4248 omittendum
643 4200 686 4247 est
704 4200 739 4248 et
755 4194 831 4248 inter
848 4193 929 4248 Nam
948 4200 976 4247 et
994 4198 1081 4262 quia.
1119 4195 1204 4264 1862]

1020 4297 1069 4348 31*
