3060 5272
776 243 814 306 14

220 426 334 510 illis).
379 427 440 494 His
468 428 624 512 exemplis
647 428 834 494 addendum
858 449 929 494 esse
951 428 1007 508 IX,
1037 432 1066 508 6,
1097 431 1145 509 12,
1175 428 1232 495 ubi
1255 429 1371 496 ordine

221 535 264 600 ad
286 557 360 601 6616
374 536 490 620 *locum
512 544 644 602 ventum
666 538 741 616 erit,
763 536 943 602 ostendam.
1285 617 1290 628 ‚

305 644 459 709 Poteram
492 644 642 710 similiter
675 645 716 711 (16
751 646 870 711 6616116
903 644 1095 710 mendorum
1127 644 1302 728 generibus
1330 666 1370 711 ex

221 751 398 836 archetypo
421 753 464 817 ad
486 774 598 818 omnes
621 753 752 819 codices
775 753 965 838 propagatis
988 752 1109 832 dicere,
1132 752 1172 817 de
1195 754 1371 836 geminatis

221 859 341 926 litteris
373 867 407 926 et
429 860 564 945 syllabis
595 862 647 943 (ut
674 861 705 940 Ι,
740 864 796 942 32,
832 866 867 926 11
897 882 967 926 rex
996 882 1041 926 ex
1067 881 1128 945 pro
1156 860 1294 943 rex)¹),
1329 862 1371 927 de

153 973 206 1040 (13)
226 968 327 1033 semel
348 969 488 1053 scriptis,
512 991 585 1054 quae
609 970 661 1036 bis
685 970 784 1035 scribi
808 969 974 1035 debebant
996 967 1050 1051 [ex
1068 989 1134 1051 quo
1150 970 1224 1033 novi
1242 990 1370 1035 errores

220 1076 403 1160 supplendo
429 1077 498 1142 nati
526 1084 618 1156 sunt,
652 1085 691 1142 ut
712 1078 820 1143 dicam
842 1078 884 1143 ad
914 1077 945 1158 I,
975 1080 1029 1157 39,
1060 1075 1103 1160 5],
1132 1076 1370 1143 6116161661-

220 1185 349 1250 roribus
372 1207 411 1250 ex
433 1186 612 1251 vetustiore
635 1186 807 1251 verborum
829 1184 1049 1263 16161661116,
1072 1185 1135 1250 etsi
1151 1185 1175 1249 ii
1192 1206 1257 1250 non
1274 1185 1369 1251 multi

221 1300 298 1358 sunt
320 1292 388 1375 (IV,
420 1297 469 1373 13,
501 1297 539 1357 13
563 1294 741 1359 consilia
767 1316 808 1359 ex
831 1293 1002 1376 consili).
1053 1293 1188 1357 Nullum
1210 1298 1262 1358 est
1284 1293 1371 1358 enim

221 1402 353 1466 errandi
376 1423 478 1484 genus
502 1423 541 1466 ex
563 1403 620 1482 iis,
650 1422 723 1487 quae
745 1402 779 1467 in
802 1402 957 1486 antiquis,
986 1401 1043 1485 qui
1066 1407 1251 1484 supersunt,
1281 1400 1371 1466 codi-

221 1510 314 1574 cibus
337 1510 561 1593 reperiuntur,
595 1509 681 1592 quod
716 1531 780 1575 non
814 1511 880 1575 iam
906 1510 939 1574 in
969 1509 1068 1574 huius
1096 1508 1229 1574 decadis
1257 1510 1371 1575 codice

221 1617 399 1702 archetypo
429 1624 593 1683 versatum
624 1619 682 1698 sit;
716 1618 828 1702 itaque
856 1616 953 1682 facile
983 1624 1067 1681 esset
1095 1637 1168 1681 cum
1195 1617 1262 1697 his,
1297 1639 1370 1700 quae

220 1726 331 1809 posui,
365 1724 521 1808 exemplis
544 1724 664 1791 similia
687 1746 703 1790 e
727 1725 895 1791 codicibus
916 1725 1099 1803 Puteaneo,
1127 1725 1370 1810 Bambergensi,

221 1833 465 1899 Vindobonensi
503 1835 623 1913 tertiae,
662 1841 804 1917 quartae,
845 1835 967 1917 quintae
1001 1833 1134 1900 decadis
1168 1855 1370 1919 comparare.

220 1943 328 2025 Atque
362 1949 412 2007 est
445 1941 558 2021 etiam,
593 1941 649 2006 ubi
682 1963 746 2006 non
780 1942 980 2026 negligentia
1013 1942 1072 2008 sed
1104 1963 1204 2026 pravo
1237 1942 1370 2022 iudicio,

222 2072 322 2133 quum
346 2071 366 2115 a
389 2051 554 2115 sententia
576 2050 766 2116 aberratum
789 2057 890 2130 esset,
920 2057 980 2116 aut
1008 2052 1079 2134 ipse
1108 2050 1229 2116 codicis
1257 2050 1371 2117 arche·

220 2159 289 2243 typi
317 2157 472 2224 librarius
500 2165 559 2223 aut
588 2160 653 2224 iarn
685 2159 768 2224 alius
790 2158 847 2224 illo
870 2160 1038 2241 antiquior
1059 2159 1161 2224 verba
1182 2159 1368 2240 mutaverit,
1466 2140 1469 2145 ⁸

220 2272 259 2331 ut
279 2265 350 2346 VH,
378 2272 429 2345 41,
460 2270 488 2345 6,
520 2266 586 2346 ubi,
615 2266 728 2331 addito
756 2267 826 2350 qui
853 2272 988 2351 propter
1010 2287 1145 2332 eorum
1167 2266 1252 2332 male
1274 2267 1371 2333 intel·

220 2373 356 2453 lectum,
385 2374 501 2439 (1616116
532 2375 744 2457 fugissent
769 2396 828 2459 pro
859 2373 1041 2458 fugisset
1062 2377 1220 2460 scripturn
1243 2382 1308 2454 est,
1337 2381 1372 2441 et

221 2481 291 2560 VII,
316 2486 365 2562 30,
389 2486 429 2545 22
453 2483 648 2564 (iubentis
671 2505 730 2566 pro
753 2481 921 2564 iubetis)
944 2490 978 2548 et
999 2482 1054 2562 IV,
1078 2487 1128 2563 31,
1160 2486 1178 2547 3
1202 2483 1370 2567 (magnis

222 2591 366 2655 6616116
414 2597 534 2673 61666
574 2592 748 2675 ingeniis
787 2612 863 2675 pro:
908 2592 1042 2673 magni
1082 2592 1208 2657 animi
1248 2597 1370 2676 atque

221 2698 404 2782 ingenii),
428 2697 611 2782 dequibus
634 2699 770 2764 locisin
794 2698 907 2764 ordine
930 2699 1067 2765 dicetur.
1113 2698 1218 2776 Quam
1242 2700 1371 2784 antiqui

220 2807 408 2872 huiusmodi
444 2807 509 2872 sint
536 2808 571 2873 in
601 2808 709 2872 verbis
739 2807 974 2891 coniungendis
1001 2809 1238 2892 sententiisque
1265 2809 1370 2892 perci·

220 2914 349 3000 piendis
383 2936 527 2995 errores,
568 2937 651 3001 quos
692 2917 856 3000 scriptura
896 2916 966 2980 sine
1008 2915 1076 2980 ulla
1107 2917 1370 3001 interpunctione

221 3023 397 3088 decurrens
421 3024 613 3105 obiiciebat,
642 3031 676 3089 et
698 3024 773 3089 inde
796 3024 967 3107 scripturae
989 3024 1249 3108 depravationes,
1279 3024 1370 3089 vele

220 3132 317 3197 Gellii
346 3132 473 3216 aliquot
499 3132 582 3198 locis
612 3131 752 3215 intelligi
780 3137 903 3216 potest,
937 3132 1028 3199 velut
1049 3154 1089 3198 ex
1111 3133 1167 3212 iis,
1202 3153 1276 3217 quae
1297 3133 1369 3211 VII,

221 3244 240 3303 2
264 3240 303 3305 (16
327 3238 779 3320 (1116661116111611166661161,Ι
803 3240 942 3325 aliisque
966 3241 1122 3325 exemplis
1146 3240 1371 3305 declarabitur
1438 3250 1440 3256 ⁴

221 3348 264 3413 ad
286 3348 438 3428 XXVIII,
462 3353 518 3428 40,
548 3349 612 3432 bl)
663 3349 800 3433 Aliquot
827 3335 909 3414 locis
936 3348 1090 3415 mendum
1121 3368 1231 3414 611616
1254 3354 1368 3413 natum

221 3480 332 3487 --ψ
339 3480 398 3486 1-1,-

250 3536 272 3605 ¹)
290 3536 334 3590 Ex
355 3537 409 3590 hoc
432 3551 535 3604 genere
557 3539 601 3588 est
623 3552 826 3604 quamquam
848 3535 984 3604 scriptum
1006 3551 1057 3603 pro
1081 3550 1177 3602 quarn
1194 3533 1259 3602 VII,
1281 3536 1328 3602 37,
1352 3536 1369 3588 8

290 3623 329 3690 (in
353 3620 427 3675 Med.
451 3638 508 3674 nnc
531 3617 606 3685 VIII,
628 3622 653 3686 4,
678 3622 714 3672 10
736 3619 826 3674 unde
849 3617 941 3674 unde
961 3635 1014 3688 pro
1037 3618 1138 3686 unde,
1161 3624 1295 3688 sequente
1316 3619 1366 3672 Al·

290 3705 454 3774 achefskio);
482 3710 510 3759 et
531 3712 626 3758 tamen
646 3703 686 3773 11,
710 3707 742 3772 2,
767 3708 779 3758 1
799 3720 885 3772 quum
903 3705 1017 3759 tandem
1035 3721 1069 3758 ex
1087 3705 1272 3760 necubiubi
1290 3705 1369 3759 resti·

289 3799 380 3847 tutum
409 3795 483 3846 esset
510 3807 607 3844 verum
633 3790 772 3858 necubi,
800 3789 929 3845 Hertzius
950 3788 1092 3855 rediitad
1114 3789 1211 3846 infelix
1233 3788 1368 3845 Gronovii

289 3879 434 3933 inventum
457 3894 498 3932 116
516 3875 652 3944 ubiubi,
679 3875 760 3944 qussi
783 3892 836 3945 pro
860 3894 907 3945 sc,
934 3877 1010 3945 quod
1035 3882 1078 3933 est
1100 3894 1141 3931 66
1162 3875 1238 3944 quis
1260 3881 1311 3930 aut
1328 3893 1368 3931 66

291 3964 477 4032 quisquam,
496 3962 573 4018 dicas
590 3979 632 4016 ne
651 3961 813 4030 quisquis.
1295 4030 1299 4040 ἱ

249 4048 274 4114 ⁸)
291 4046 325 4103 In
343 4048 441 4103 eodem
458 4065 560 4119 genere
579 4063 671 4117 prava
689 4046 852 4101 mutationis
869 4047 1030 4116 ponendum
1047 4047 1077 4103 id
1095 4052 1147 4116 est,
1166 4065 1181 4102 e
1199 4064 1254 4117 quo
1271 4046 1307 4116 II,
1324 4049 1367 4116 40,

291 4135 308 4186 8
325 4131 432 4187 frustra
450 4133 618 4188 sententiam
636 4129 748 4188 efficere
766 4134 917 4187 conantur:
944 4149 1004 4188 nec
1026 4133 1093 4187 tibi
1118 4133 1252 4203 turpius
1271 4149 1368 4202 quam
