3060 5272
180 332 242 385 Lib.
260 332 386 386 XXXIII.
724 321 786 381 488

267 502 345 586 Cap.
375 507 431 581 24,
466 508 499 567 δε
541 502 710 569 Cosanis
747 524 791 567 eo
822 504 886 566 ‹lie
916 501 1235 585 postulantibus
1267 508 1338 567 eet.

179 610 316 675 Prorsus
346 612 426 674 mire
451 610 520 674 dies
544 611 620 674 talis
644 614 691 674 rei
716 610 891 694 postulatae
915 617 1060 683 notatur,
1084 616 1117 673 et
1140 608 1342 673 incredibile

180 728 245 789 est,
280 718 343 781 hoo
377 719 410 781 iu
440 726 557 783 senatu
585 719 618 782 in
649 718 719 789 aetle
746 716 890 780 Bellonae
920 717 1013 799 pacis
1041 714 1201 779 faciendae
1230 736 1342 781 eausa

178 824 294 905 legatis
333 825 569 889 Macedonibus
615 824 694 889 dato
734 824 939 906 postulatum
985 844 1067 887 esse.
1137 824 1204 886 Aut
1248 823 1340 889 alius

179 932 292 996 subest
315 953 406 996 error
429 939 487 997 aut
510 953 553 996 eo
578 952 681 995 anuo
702 931 812 993 Liuius
838 930 984 1011 scripsit3
1008 929 1147 994 fortasse
1166 929 1243 993 suit:
1266 928 1340 995 Co-

178 1040 290 1102 sanis
320 1060 363 1103 eo
393 1059 494 1104 anno
525 1040 655 1103 denuo
678 1036 934 1121 petentibus,
970 1037 1042 1100 coll.
1066 1036 1206 1105 XXXII.
1236 1040 1272 1113 2,
1305 1040 1346 1100 7.-

179 1144 195 1225 ξ
220 1152 237 1208 5
262 1166 301 1209 ex
323 1144 357 1208 u
380 1145 561 1226 (senatus
586 1155 624 1210 et
647 1143 831 1223 habitus)
855 1166 875 1207 a
899 1143 1039 1208 Goellero
1064 1152 1153 1227 recte
1177 1142 1336 1209 efficitur:

179 1260 343 1318 senatus
366 1260 427 1317 est
450 1253 578 1317 datus.
627 1251 783 1332 (1863.)¹)

92 1374 161 1441 (339)
267 1358 344 1442 Cap.
375 1363 431 1437 aa,
467 1365 484 1422 9
521 1360 588 1439 (ubi
620 1359 659 1423 ‹le
688 1359 925 1439 qrraestionibus
955 1360 1078 1433 agitur,
1113 1378 1185 1440 quae
1213 1356 1339 1423 Thebis

179 1467 300 1531 habitae
324 1474 400 1531 sunt
424 1467 464 1531 de
488 1468 542 1544 iis,
576 1468 632 1547 qui
656 1467 697 1530 ob
721 1466 841 1529 caedem
864 1464 1047 1547 Brachyllis
1071 1466 1104 1528 in
1127 1465 1234 1528 vinela
1256 1486 1338 1529 eon·

178 1575 256 1638 iecti
280 1573 403 1653 erant):
427 1574 539 1638 Torti
562 1580 653 1656 post
676 1572 796 1656 paulo
819 1573 1015 1648 insontes,
1039 1593 1154 1653 quum
1178 1574 1339 1636 scireut

179 1681 258 1762 ipsi
282 1679 393 1757 nihil,
419 1681 607 1763 opinione
628 1680 798 1743 omnium
819 1701 889 1762 pro
910 1679 1063 1743 iudicio
1084 1680 1146 1743 usi
1164 1680 1339 1763 Zeuxip-

178 1808 269 1870 pum
293 1793 330 1850 et
353 1786 624 1851 Pisistratum
647 1787 973 1850 nominaverunt.
1025 1786 1079 1850 Sia
1101 1808 1189 1850 uuna
1213 1786 1337 1865 edunt,

178 1896 210 1957 iu
233 1894 260 1958 B
283 1900 394 1958 tamen
417 1915 480 1957 uon
505 1903 555 1958 est
578 1896 650 1965 usi,
674 1893 763 1977 quod
786 1895 819 1957 iu
842 1893 919 1957 edit.
934 1893 1018 1975 Mag.
1034 1893 1209 1957 manifest-a
1231 1894 1338 1958 iuter-

178 2002 343 2083 polatione
367 2001 515 2065 additum
540 2008 606 2073 est;
641 2003 689 2066 sio
718 2002 804 2064 enim
834 2000 879 2063 ibi
909 2000 1078 2064 scribitur:
1115 2021 1232 2080 quum
1255 2001 1337 2064 soi-

177 2117 268 2172 rent
296 2109 376 2191 ipsi
407 2110 642 2192 opinionem
677 2109 864 2181 (oninium,
906 2128 950 2170 aa
986 2128 1055 2189 pro
1085 2106 1241 2170 iudicio
1270 2109 1338 2171 usi

178 2225 237 2280 oet.
290 2217 405 2298 Atqui,
437 2217 493 2298 qui
518 2217 581 2298 ipsi
603 2217 684 2280 torti
708 2215 857 2279 indicant
880 2214 1015 2295 aliquil,
1043 2235 1150 2295 neque
1174 2214 1334 2279 indicio

176 2331 346 2387 utuntur
370 2344 475 2404 neque
499 2345 570 2405 pro
593 2323 713 2386 iudicio
737 2322 848 2403 aliqua
874 2322 1044 2404 opinione3
1073 2323 1106 2384 iu
1130 2321 1202 2393 illa,
1233 2342 1332 2402 quam

176 2430 319 2493 editores
343 2429 427 2494 effici
450 2430 637 2506 uoluerunt,
668 2429 832 2492 sententia
855 2428 1027 2492 «licendum
1052 2436 1136 2492 erat:
1172 2429 1333 2511 opinio-

176 2558 259 2599 uem
299 2539 470 2599 omnium
510 2537 641 2600 secuti
681 2557 753 2617 pru
794 2536 946 2599 iudicio
982 2537 1231 2619 Zeuxippum
1266 2542 1329 2599 cet.

175 2642 259 2706 Nam
294 2665 365 2725 pro
399 2643 556 2707 iudicio
591 2643 767 2725 aliquem
800 2644 1012 2706 nominare
1047 2643 1161 2707 eudem
1191 2663 1331 2725 prorsus

176 2749 271 2812 morlo
296 2749 430 2821 elicitur,
460 2770 525 2831 quo
549 2771 619 2831 pru
642 2751 881 2813 testimonio
906 2750 1062 2831 aliquid
1088 2750 1239 2825 (licere,
1268 2770 1329 2813 nee

175 2864 313 2939 possunt
335 2856 405 2919 haro
430 2856 547 2919 diuelli.
594 2856 657 2920 Sed
680 2856 790 2920 Liuius
813 2856 901 2920 idern
925 2855 1015 2931 illul,
1040 2857 1127 2937 ‹11qu
1152 2856 1328 2939 participio

176 2966 306 3028 secuti
340 2963 469 3046 plenius
504 2964 679 3043 significari
713 2972 858 3045 poterat,
894 2963 1024 3027 breuius
1059 2963 1141 3027 dixit
1170 2962 1239 3027 solu
1269 2962 1328 3025 ab·

174 3071 289 3134 latiro:
326 3071 523 3152 opinione
557 3072 732 3134 omnium
762 3104 803 3115 -
830 3071 1153 3135 nominaverunt.
1211 3068 1326 3151 [Abla-

173 3179 276 3241 tirnm
300 3198 432 3260 prorsus
457 3178 691 3243 eodemmodo
716 3178 830 3241 Cicero
854 3178 965 3259 posuit
989 3176 1078 3240 Verr.
1102 3177 1157 3241 Il'.
1181 3175 1198 3258 ξ
1221 3174 1287 3257 67.]

259 3284 336 3368 Cap.
368 3288 422 3364 30,
460 3290 478 3348 8
508 3285 562 3365 (de
592 3305 673 3369 paee
703 3283 855 3367 Philippo
888 3284 958 3366 regi
989 3284 1097 3364 ‹latalz
1132 3283 1326 3349 I'alerius

172 3392 316 3456 Antias
345 3399 586 3475 quaternum
609 3392 780 3455 millium
804 3390 937 3474 pondo
961 3392 1121 3473 argenti
1146 3389 1325 3471 vectIgal

172 3500 211 3562 in
242 3498 377 3563 (leuem
406 3520 532 3563 annos
563 3500 801 3582 impositum
830 3498 914 3578 regi
942 3499 1090 3577 tradit-3
1125 3496 1325 3561 Claudius

172 3606 210 3668 in
246 3626 370 3669 anuos
404 3606 579 3686 triginta
613 3611 811 3688 quaterna
844 3603 976 3668 millia
1011 3604 1142 3687 pondo
1179 3612 1221 3679 et
1250 3602 1324 3667 <Iu-

171 3718 305 3790 uenta,
344 3733 523 3795 praesens
563 3713 714 3793 viginti
749 3711 881 3775 millia
913 3712 1054 3793 pondo.
1117 3710 1324 3783 Necessario,

172 3821 302 3902 opinor,
330 3820 362 3883 iu
385 3819 448 3884 hac
472 3820 633 3883 orationis
657 3819 764 3883 forma
787 3817 961 3881 dicendum
984 3826 1070 3883 erat:
1101 3818 1323 3901 prasentia

84 3954 154 4021 (390)
172 3927 320 4008 uiginti
348 3926 481 3991 millia
509 3927 639 4010 pondo
669 3927 720 4003 (ut
743 3924 909 3993 XXXVII.
940 3930 994 4003 45,
1026 3931 1063 3989 11
1087 3932 1120 3990 et
1144 3923 1322 4003 XXXVIII,

197 4126 220 4191 ¹)
242 4124 269 4193 [ξ
292 4130 308 4179 4
330 4129 488 4181 necessario
513 4144 676 4196 praenomen
700 4130 831 4197 praetoris
850 4126 1010 4180 addendum
1029 4136 1083 4180 est:
1112 4126 1176 4180 all.
1196 4126 1321 4195 Sergio

237 4218 371 4279 pratorum
390 4229 414 4264 v.
434 4210 550 4273 XXXII,
571 4213 611 4277 27,
630 4216 653 4266 7.
693 4212 777 4281 18611]
