3060 5272
696 818 758 880 429
1138 832 1201 887 Lib.
1219 833 1306 887 XXX.

152 1026 286 1089 prorsus
314 1025 466 1089 perverse
495 1005 528 1067 in
556 1005 628 1087 ipsa
655 1003 774 1087 proelii
801 1005 993 1069 narratione
1021 1004 1108 1069 inter
1135 1006 1222 1088 regis
1252 1027 1306 1070 ca·

153 1134 225 1178 sum
257 1119 292 1178 et
325 1134 486 1178 caesorum
518 1118 753 1196 captemmque
781 1131 952 1177 numerum
979 1113 1146 1196 interponi
1173 1112 1306 1177 brevem

152 1220 244 1286 illam
266 1220 308 1286 de
325 1218 418 1285 Cirta
439 1218 704 1304 hominibusque,
727 1220 784 1301 qui
807 1240 845 1284 eo
863 1220 1075 1305 perfugerint,
1099 1220 1305 1298 sententiam,

152 1327 297 1394 nendum
330 1334 587 1393 commemorata
619 1326 698 1409 fuga
731 1349 771 1392 cx
806 1328 876 1392 acie
910 1328 942 1391 in
971 1329 1044 1411 ipsa
1071 1334 1182 1392 castra
1210 1325 1242 1410 (ᾗ
1271 1333 1305 1392 5:

153 1456 229 1520 quo
258 1435 450 1520 perculsa
477 1457 569 1518 rege
599 1437 745 1500 amisso
774 1441 860 1514 cet).
916 1434 1001 1500 Nam
1030 1435 1120 1519 quod
1144 1436 1307 1500 Weissen-
1419 1514 1422 1519 Ι

151 1543 287 1609 bornius
311 1544 490 1628 praeparari
513 1544 574 1622 ait,
602 1564 673 1625 quae
697 1540 713 1625 ἓ
737 1547 755 1606 6
779 1549 814 1606 et
835 1543 990 1627 deinceps
1012 1550 1197 1624 narrentur,
1224 1545 1308 1609 mira

151 1673 227 1718 vero
251 1672 291 1716 ea
313 1657 366 1716 est
387 1653 601 1735 praeparatio,
636 1657 674 1715 ut
700 1651 830 1714 initium
857 1651 1056 1716 narrationis
1084 1652 1126 1716 ab
1155 1653 1229 1737 ipsa
1258 1652 1307 1716 di·

153 1759 281 1825 vulsum
316 1762 353 1824 et'
383 1760 554 1843 aliquanto
583 1779 684 1842 supra
711 1764 891 1822 retractum
920 1758 1006 1823 alius
1034 1760 1083 1823 rei
1106 1759 1308 1843 exponendae

154 1867 303 1932 ordinem
325 1868 554 1951 interrumpat.
610 1867 715 1930 Recta
743 1867 853 1930 omnia
881 1873 977 1930 emnt
1005 1874 1038 1930 et
1064 1866 1161 1931 facile
1191 1867 1306 1932 decur-

152 1981 240 2055 rent,
274 1978 303 2041 si
332 1975 513 2040 clausulam
543 1974 633 2039 illam
662 1973 813 2037 undecim
834 1973 1007 2039 verborum
1030 1996 1069 2039 ex
1092 1974 1210 2058 proelii
1232 1996 1307 2040 uar-

153 2085 281 2149 ratione
304 2084 488 2148 detractam
511 2104 571 2146 suo
595 2081 668 2146 loco
691 2082 943 2164 reposuerimus,
973 2080 1037 2147 hoc
1059 2081 1171 2146 mode:
1194 2083 1308 2148 -ad

153 2190 315 2256 Laelium
337 2188 604 2275 pertrahitur.
642 2186 777 2253 Caedes
800 2189 838 2252 in
863 2210 906 2254 eo
929 2190 1090 2272 proelio
1115 2225 1158 2234 -
1180 2196 1308 2255 certa·

154 2306 237 2365 tum
266 2300 410 2364 Inerat.
466 2298 495 2361 N
503 2318 549 2360 on
572 2295 664 2380 plus
689 2295 715 2356 V
737 2295 867 2360 millia
887 2304 1113 2381 -captum
1136 2304 1212 2377 est,
1237 2300 1308 2362 im·

153 2415 249 2491 petu
277 2409 317 2471 in
346 2412 484 2471 castra
507 2404 628 2481 facto,
657 2404 1029 2485 quo-multitudo
1060 2426 1100 2469 se
1126 2406 1308 2470 contule·

154 2521 227 2580 rat.
251 2513 327 2594 (Hic
350 2513 467 2599 proelii
490 2512 638 2576 narratio
661 2510 790 2591 finitur,
814 2518 1006 2595 sequuntur,
1029 2533 1102 2595 quae
1119 2519 1196 2596 post
1213 2534 1309 2595 proe-

152 2621 234 2687 lium
266 2628 343 2686 acta
377 2628 468 2700 suut,
503 2620 598 2684 initio
632 2624 729 2702 capto
760 2639 780 2681 a
808 2620 979 2683 notatione
1012 2618 1092 2697 loci,
1134 2639 1199 2699 quo
1234 2625 1309 2684 acta

154 2729 254 2812 sunt.)
305 2727 418 2794 Cirta
452 2735 573 2812 caput
601 2727 715 2808 regni
744 2725 941 2809 Syphacis
971 2732 1073 2804 erat,
1110 2746 1235 2808 eoque
1266 2747 1308 2791 se

154 2837 298 2920 ingens
327 2837 527 2901 hominum
555 2833 732 2900 contulit
759 2835 828 2898 vis.
880 2833 1097 2898 Masinissa
1120 2839 1181 2898 cet.
1225 2832 1306 2898 Tam
1325 2844 1396 2915 (350)

154 2945 330 3010 manifesta
352 2967 405 3009 res
428 2950 494 3020 est,
528 2951 566 3008 ut
593 2944 646 3006 vix
669 2941 909 3006 dubitationem
933 2940 1121 3006 habituram
1146 2963 1216 3006 esse
1240 2963 1311 3006 cre·

154 3052 240 3117 dam.
273 3052 411 3118 Accedit
433 3053 533 3133 igitur
556 3052 617 3115 hoc
641 3049 826 3133 exemplum
849 3048 992 3132 plurium
1016 3049 1112 3114 simul
1137 3050 1311 3115 verborum

156 3181 217 3225 sua
244 3160 322 3226 sede
350 3166 516 3225 motorum
545 3164 579 3222 et
601 3160 633 3222 in
658 3158 801 3221 alienum
824 3158 993 3222 illatorum
1015 3158 1059 3222 ad
1083 3179 1138 3238 ea,
1167 3180 1239 3242 quae
1269 3157 1312 3222 ad

155 3266 249 3346 VIII,
282 3273 329 3347 10,
362 3271 400 3330 13
423 3273 457 3331 et
479 3266 587 3344 XXII,
620 3269 673 3345 10,
704 3269 862 3330 enotata
885 3273 970 3330 sunt.
1029 3264 1123 3349 [Qum
1147 3267 1311 3332 Weissen-

154 3375 291 3440 bornius
321 3380 439 3439 contra
462 3373 618 3457 disputet,
646 3395 784 3458 prorsus
808 3375 920 3437 inania
943 3380 1029 3438 sunt.
1086 3374 1221 3452 Quidni,
1253 3375 1310 3458 qui

154 3481 279 3548 Cirtam
301 3482 466 3565 fugerant,
501 3483 692 3564 ignorarent
719 3503 828 3563 regem
858 3489 933 3564 post
960 3502 1051 3545 suam
1076 3479 1202 3563 fugam,
1236 3503 1309 3545 cum

152 3588 354 3674 fugientibus
377 3591 496 3653 ceteris
520 3589 737 3670 obequitaret,
762 3590 917 3672 captum?
948 3587 1082 3653 Orosius
1106 3587 1197 3665 nihil,
1220 3588 1310 3671 quod

156 3697 198 3763 ad
220 3698 306 3763 hanc
328 3719 397 3762 rem
421 3698 595 3780 pertineat,
618 3694 743 3777 habet]
780 3693 882 3759 Paulo
906 3702 983 3778 post
999 3693 1030 3776 (ἕ
1043 3693 1076 3773 8)
1095 3694 1183 3777 quod
1205 3715 1310 3778 nuper

154 3826 173 3869 e
206 3804 375 3869 codicibus
408 3810 587 3869 retractum
621 3803 908 3867 Weissenbornius
942 3803 1042 3866 tacite
1076 3803 1198 3866 tenuit:
1239 3823 1310 3865 nec

153 3912 273 3976 minis
301 3932 372 3976 nec
399 3912 606 3978 suadendo
630 3917 723 3975 ante
746 3910 888 3988 valuit,
918 3930 1033 3991 quam
1056 3931 1125 3973 rex
1150 3910 1309 3974 vinctus

154 4021 195 4085 in
224 4027 490 4102 conspectum
519 4020 640 4083 datus
671 4025 782 4083 esset
806 4018 880 4102 (pro
904 4025 979 4095 est,
1009 4018 1098 4101 qued
1121 4019 1309 4101 superiores

152 4125 352 4207 habebant),
385 4132 548 4210 repugnat
577 4128 742 4192 constanti
767 4127 849 4191 Livii
879 4128 912 4190 in
935 4125 997 4189 hac
1020 4127 1180 4190 orationis
1204 4125 1311 4190 forma

154 4236 244 4317 (non
268 4240 362 4299 ante
385 4269 428 4278 -
450 4233 578 4317 quam)
602 4234 849 4314 consuetudini,
879 4241 912 4299 et
935 4232 1031 4298 facile
1055 4234 1309 4318 frequenterque

153 4348 398 4408 commutantur
427 4349 488 4407 est
516 4349 548 4406 et
578 4352 684 4407 esset
714 4343 887 4426 (sequente
917 4343 1098 4425 prasertim
1127 4341 1162 4422 t).
1218 4341 1311 4406 Idem

153 4451 307 4516 mendum
331 4472 349 4515 e
372 4450 445 4515 cod.
464 4450 657 4533 Iloguutino
680 4452 712 4514 in
736 4451 898 4516 editiones
921 4471 981 4534 per
998 4450 1198 4514 Gronovium
1222 4448 1310 4514 vehit

152 4558 211 4623 Iib.
239 4557 392 4636 XXXIV,
426 4562 462 4637 8,
492 4562 526 4621 2:
560 4578 631 4622 nec
664 4565 759 4622 ante
793 4557 1062 4636 abstiterunt,
1098 4578 1214 4640 quam
1247 4577 1309 4621 re-

154 4667 277 4732 missa
299 4666 347 4731 ab
370 4666 552 4731 tribunis
576 4666 825 4731 intercessio
850 4672 975 4745 esset3
999 4664 1253 4747 Bambergensis
1277 4670 1310 4729 et
