3060 5272
773 286 835 345 446

227 491 300 533 rum
330 470 485 553 princeps
514 469 603 533 ducti
632 475 724 546 sunt,
752 470 817 533 iam
841 470 971 533 initium
994 468 1119 533 lactum
1143 476 1215 535 erat
1238 470 1381 554 propriae

228 578 400 641 cuiusdam
429 577 524 642 labis.
580 578 628 642 Ac
663 577 926 642 coniunctionem
955 577 1087 661 quidem
1116 578 1202 642 hanc
1228 577 1382 662 labisque

227 687 489 751 communionem
514 685 740 751 demonstrant
764 706 864 767 quum
881 684 1007 749 lacunae
1025 685 1266 768 verborumque
1284 687 1383 751 omis·

226 796 334 859 siones
371 793 452 876 (quo
490 815 609 877 genere
645 794 715 857 vitii
743 792 793 857 vel
822 794 962 856 maxime
992 792 1143 875 vulgares
1172 792 1381 877 premuntur)

225 903 337 968 multae
366 903 552 985 partimque
581 902 726 982 insignes
748 900 1004 983 Bambergensis·
1031 909 1064 965 et
1086 901 1268 984 vulgarium
1291 922 1382 967 com-

138 1054 141 1059 ·
225 1033 355 1086 munes,
385 1032 457 1094 quae
487 1031 527 1075 ex
557 1010 627 1074 solo
651 1009 842 1089 ltloguntino
872 1008 1009 1092 expletae
1038 1016 1130 1086 sunt,
1159 1008 1302 1072 velutin
1324 1007 1381 1072 XL

227 1120 340 1203 primis
364 1117 531 1202 capitibus
553 1117 630 1182 libri
653 1115 789 1180 XXXIV
811 1115 876 1180 hae:
906 1117 939 1180 in
962 1137 1033 1199 cap.
1059 1119 1086 1194 7,
1110 1120 1128 1179 2
1153 1116 1230 1195 (hic
1253 1117 1382 1181 Romae

225 1226 371 1292 infimo
395 1226 545 1309 generi,
570 1226 785 1307 magistris
808 1225 1013 1299 vicorum),
1043 1245 1069 1288 c.
1098 1229 1144 1303 16,
1171 1228 1185 1287 l
1211 1230 1245 1288 et
1267 1227 1285 1286 2
1310 1222 1382 1303 (ubi

226 1336 300 1419 plus
324 1335 565 1418 quinquaginta
587 1354 683 1397 voces
707 1331 928 1412 omittuntur),
958 1352 984 1396 c.
1012 1337 1060 1411 16,
1089 1337 1107 1396 5
1132 1333 1319 1416 (vinoque
1342 1338 1382 1396 et

226 1443 317 1508 cibo
342 1440 532 1519 curatos),
556 1462 583 1504 c.
603 1445 653 1515 21,
677 1441 768 1520 Stin
785 1439 1012 1523 Hispania),
1037 1461 1063 1503 c.
1083 1444 1133 1517 27,
1157 1438 1382 1519 4(Drom0n

225 1551 306 1633 ipsi
336 1552 515 1628 vocant),
546 1570 572 1612 c.
598 1553 653 1624 31,
684 1552 802 1612 aeto
834 1546 966 1627 (video
997 1554 1031 1611 et
1059 1547 1175 1628 eam),
1204 1568 1230 1611 c.
1256 1551 1311 1626 32,
1341 1551 1381 1610 12

226 1657 428 1738 (civibus),
464 1678 490 1720 c.
524 1661 579 1733 34,
613 1661 632 1718 2
662 1655 780 1735 (illud
813 1655 927 1719 morlo
960 1677 1007 1719 ne
1036 1654 1186 1736 fallat),
1219 1676 1246 1720 c.
1276 1658 1332 1733 36,
1361 1658 1380 1718 3

226 1763 534 1849 (praedatoriis),
563 1770 635 1828 tum
662 1763 782 1828 menda
804 1784 996 1843 erroresque
1020 1763 1133 1827 formae
1157 1762 1200 1827 ad
1222 1763 1381 1828 indicium

225 1872 408 1956 perspicuae
438 1878 471 1935 et
494 1878 591 1936 certae
615 1871 785 1953 permulti,
814 1870 904 1935 velut
926 1870 1078 1949 XXXVI,
1109 1874 1165 1950 23,
1197 1876 1216 1936 7
1246 1877 1286 1935 et
1314 1891 1381 1935 ex-

225 1980 408 2065 pectatio
453 1981 650 2062 temporis
696 2001 756 2062 pro
802 1985 842 2043 et
886 2001 931 2043 ex
979 1981 1142 2043 ratione
1181 1979 1380 2062 temporis

226 2088 358 2169 (omisso
399 2088 432 2150 in
466 2087 702 2168 Bambergeusi
742 2088 842 2151 etiarn
877 2086 1033 2164 consul,
1075 2086 1161 2168 quod
1195 2088 1227 2150 iu
1262 2086 1381 2151 ceteris

224 2192 400 2274 retinetur)
424 2202 483 2259 aut
506 2216 532 2258 c.
557 2199 607 2274 24,
638 2203 655 2259 5
680 2217 761 2278 qua
784 2196 997 2277 progressi
1023 2203 1137 2259 erant
1160 2204 1219 2278 pro
1242 2194 1309 2258 his:
1340 2194 1380 2257 in

138 2323 208 2392 (364)
228 2325 308 2388 qna
330 2302 512 2368 aedilicia
534 2310 649 2367 extra
672 2303 809 2367 urbem
834 2311 965 2380 erant,
995 2310 1027 2366 et
1049 2301 1284 2367 eiusdemmodi
1301 2322 1379 2384 per·

224 2410 339 2476 multa.
386 2409 503 2474 Nescio
527 2417 645 2488 tamen,
675 2431 716 2475 an
745 2411 826 2475 nihil
855 2410 896 2474 ad
926 2417 1030 2474 totam
1053 2432 1122 2475 rem
1145 2408 1380 2474 declarandam

224 2525 258 2584 et
281 2518 323 2583 ad
346 2517 601 2597 ostendendum,
633 2540 732 2601 quarn
761 2540 799 2582 ex
829 2519 951 2602 pusilla
974 2519 1098 2601 origine
1122 2539 1214 2583 error
1236 2538 1323 2601 saepe
1346 2517 1378 2581 in

225 2625 403 2709 archetypo
442 2624 696 2708 Bambergcnsis
743 2632 776 2690 et
820 2626 1000 2709 vulgarium
1044 2632 1136 2690 ortus
1175 2632 1378 2709 pervagetur,

224 2734 329 2816 magis
358 2733 568 2816 perspicuum
593 2735 636 2797 sit
658 2755 756 2815 quarn
780 2734 866 2816 quorl
891 2735 922 2797 in
946 2733 1093 2828 XXXIV,
1124 2738 1172 2812 57,
1201 2738 1221 2797 8
1247 2731 1377 2797 accidit.

223 2840 309 2905 Nam
331 2862 431 2922 quum
455 2840 564 2905 Livius
587 2843 790 2924 scripsisset,
824 2843 911 2924 quod
940 2841 974 2905 in
997 2841 1189 2924 llloguntino
1213 2847 1378 2905 servatum

225 2957 288 3014 est:
324 2970 368 3012 ex
391 2948 416 3011 F
425 2947 632 3014 ORMULA
655 2950 767 3027 iuris,
797 2972 836 3014 cx
859 2950 884 3013 F
907 2957 1021 3014 natum
1045 2957 1104 3027 est,
1132 2958 1170 3014 ut
1192 2949 1378 3033 saepissime,

223 3056 251 3121 E
275 3057 410 3139 duaeque
438 3057 557 3121 litterae
585 3058 765 3141 separatim
793 3065 953 3140 acceptae,
984 3079 1044 3135 eo;
1074 3065 1143 3121 tum
1173 3078 1213 3121 ex
1242 3056 1379 3134 rmula,

225 3166 312 3250 qnod
336 3166 494 3243 restabat,
523 3165 648 3229 factum
672 3172 722 3230 est
744 3165 862 3228 simul
885 3185 912 3241 a,
942 3165 1032 3249 quod
1055 3165 1113 3245 (ex
1138 3186 1180 3230 co
1203 3164 1322 3229 simul
1345 3162 1378 3244 a)

225 3273 355 3338 codices
377 3273 521 3338 Palatini
552 3280 584 3338 et
612 3274 758 3356 quinque
781 3270 1043 3337 Drakenborchii
1066 3272 1206 3352 habeut,
1240 3272 1380 3336 accessit

224 3381 342 3447 deinde
366 3381 561 3446 emendandi
584 3387 742 3459 conatus,
772 3401 816 3443 ex
840 3400 950 3462 aequo
975 3381 1035 3461 (ex
1058 3379 1184 3463 equo),
1214 3379 1323 3444 deleto
1346 3399 1379 3459 ι,

224 3488 347 3554 codicis
371 3488 621 3569 Barnbergensis
643 3488 815 3565 librarius,
851 3494 888 3551 ut
917 3487 997 3552 alibi
1021 3510 1151 3571 quoque
1174 3488 1255 3553 facit
1276 3488 1378 3552 inter·

224 3596 317 3675 dum,
351 3618 411 3679 pro
446 3596 610 3679 corruptis
644 3616 782 3659 vacuum
817 3597 962 3678 spatium
990 3596 1133 3678 reliquit.
1189 3595 1296 3676 Atque
1324 3593 1379 3659 hic

222 3705 316 3769 locus
344 3710 455 3767 tamen
485 3703 581 3767 simul
612 3702 663 3766 vel
691 3725 775 3767 unus
804 3703 884 3769 satis
913 3703 1115 3784 declararet,
1150 3703 1301 3787 vulgares
1324 3723 1378 3767 co·

224 3810 315 3876 dices
351 3833 418 3875 non
453 3832 492 3874 ex
521 3810 755 3892 Bambergensi
785 3811 858 3894 ipso
887 3820 977 3877 ortos
1006 3811 1239 3895 degenerasse;
1273 3831 1379 3893 neque

224 3920 310 3984 enim
345 3940 383 3982 ex
417 3939 520 3983 vacuo
550 3919 657 4001 spatio
686 3917 743 3983 illa
772 3940 816 3984 ex
848 3941 892 3984 eo
921 3919 1040 3985 simul
1069 3942 1089 3984 a
1116 3928 1175 3985 aut
1206 3941 1250 3984 ex
1279 3940 1378 4001 equo

225 4026 344 4091 simul
372 4027 464 4090 nasci
488 4032 682 4109 potuerunt;
717 4027 774 4092 scd
803 4027 890 4092 idem
919 4028 1090 4093 declarant
1118 4027 1253 4112 (prater
1281 4028 1378 4094 omis·

224 4135 349 4198 sionem
380 4133 455 4197 libn'
484 4133 640 4214 XXXIII)
675 4137 881 4218 apertissime
909 4157 975 4201 non
1004 4136 1101 4220 plura
1128 4137 1161 4201 iu
1191 4135 1379 4220 vulgaribus
