3060 5272
157 345 221 401 Lib.
239 345 337 401 XXIV.
706 335 768 397 342

157 518 247 603 apud
269 519 352 584 Vell.
376 519 504 585 Patere.
528 519 553 598 I,
576 523 606 598 2,
630 523 659 599 2,
683 519 772 601 apud
795 520 866 585 Vel.
889 519 975 585 Max.
999 520 1060 587 bis.
1090 520 1226 606 Semper
1247 519 1316 587 Pa·

157 633 249 693 tara
283 627 394 692 Livius
431 627 528 706 dixit,
577 649 642 693 non
676 627 875 693 Pataram.
934 626 1024 693 Nihil
1059 630 1102 695 ad
1137 651 1207 696 rem
1240 651 1316 713 per·

158 734 244 801 tinet
267 736 487 801 nominativus
509 735 695 819 Megaris.
742 735 865 816 (1862.)

244 841 324 927 Cap.
349 847 406 923 32,
437 847 456 909 6
485 843 540 925 (de
569 844 781 908 mercenariis
810 844 908 927 regiis
938 844 1121 929 Syracusas
1149 846 1316 915 intromis-

156 952 232 1033 sis):
278 973 350 1017 nec
391 953 543 1017 minore
582 953 694 1017 intus
732 952 769 1015 vi
808 974 925 1036 quam
958 951 1061 1019 foris
1094 960 1223 1038 portae
1256 951 1315 1020 ef·

156 1059 454 1142 fringebantur,
479 1058 757 1144 effractisque
782 1061 968 1126 omnibus
990 1067 1081 1127 tuto
1104 1061 1315 1145 Hexapylo
1429 1112 1433 1117 .

157 1188 296 1251 agmen
318 1175 524 1251 receptum
548 1174 620 1232 est.
660 1152 763 1233 Tuto
787 1175 957 1251 receptum
980 1191 1052 1234 esse
1074 1190 1202 1252 agmen,
1223 1168 1315 1236 nulla

157 1282 230 1341 erat
253 1298 368 1354 causa,
398 1298 457 1341 cur
480 1276 660 1354 diceretur,
690 1297 790 1358 quum
813 1276 895 1341 nihil
918 1278 1056 1360 periculi
1079 1276 1315 1343 insidiarumve

158 1384 378 1467 significatum
400 1391 498 1450 esset.
549 1383 613 1450 Sed
642 1385 730 1467 quod
753 1383 906 1450 Dukerus
936 1393 969 1450 et
991 1385 1163 1451 Creverius
1186 1392 1316 1460 totum

156 1492 254 1576 scribi
279 1493 461 1571 voluerunt,
483 1500 550 1557 tres
572 1492 702 1557 litteras
726 1499 895 1557 mutarunt
917 1515 978 1578 pro
1002 1515 1083 1573 una;
1107 1493 1207 1558 scribi
1229 1493 1316 1559 enim

156 1599 270 1665 debet:
294 1607 383 1665 toto
402 1600 610 1684 Hexapylo
635 1621 774 1682 agmen
796 1607 1006 1684 receptum
1029 1607 1101 1680 eat,
1124 1622 1184 1686 per
1202 1622 1315 1667 omncs

156 1729 214 1772 sex
237 1709 392 1773 introitus
415 1709 483 1774 sive
506 1709 610 1773 ianos
652 1707 863 1774 Contrarium
888 1709 950 1774 hoc
974 1717 1025 1774 est
1042 1710 1081 1789 ei,
1107 1709 1197 1794 quod
1215 1730 1317 1795 supra

156 1813 187 1897 (ἓ
212 1815 244 1896 5)
274 1817 363 1910 unis
396 1815 555 1882 foribus
583 1815 785 1900 Hexapyli
820 1818 976 1901 apertis
1012 1819 1151 1901 coepti
1184 1818 1316 1902 recipi

155 1930 344 1988 narrantur.
408 1924 454 1989 Ut
493 1925 579 1988 enim
612 1924 880 1990 Weissenbornio
919 1925 1112 2005 concedam,
1153 1924 1316 2010 Hexapyli
1383 1972 1386 1977 -

156 2031 224 2112 (τῶν
245 2037 412 2104 Ἑξαπύλων,
441 2039 478 2097 ut
501 2031 607 2097 Graeci
629 2031 823 2115 loquuntur)
847 2034 977 2098 nomine
1000 2055 1074 2098 vere
1098 2053 1195 2098 senas
1217 2032 1316 2112 fores,

155 2161 228 2223 quae
252 2140 326 2205 alico
349 2140 433 2206 alias
458 2141 657 2224 exciperent,
681 2148 719 2206 ut
742 2162 801 2224 per
823 2162 936 2207 omnes
960 2140 1197 2206 transeundum
1220 2146 1316 2220 esset,

155 2248 357 2331 significatas
386 2270 458 2314 esse
487 2249 564 2331 (etsi
593 2271 699 2332 neque
730 2249 927 2333 scriptorum
956 2250 1146 2315 testimonio
1175 2248 1209 2313 id
1240 2268 1316 2314 con-

156 2355 306 2421 firmatur
339 2379 446 2439 neque
480 2356 522 2421 ad
552 2357 701 2441 Dionysii
735 2359 866 2441 tyranni
902 2364 1032 2423 aetatem
1067 2378 1107 2422 ea
1140 2362 1315 2441 portarum

155 2463 261 2530 forma
289 2467 454 2548 pertinere
482 2465 636 2547 videtur),
661 2467 772 2530 Livius
799 2473 911 2531 tamen
939 2465 979 2530 de
1008 2464 1159 2549 pluribus
1187 2464 1314 2529 foribus

155 2572 249 2637 iuxta
271 2573 390 2655 positis
413 2573 584 2653 intellexit,
609 2581 654 2652 ut,
677 2574 829 2658 pluribus
852 2575 986 2657 apertis,
1009 2575 1114 2639 maior
1134 2571 1314 2638 multitudo

155 2680 281 2743 intrare
304 2687 428 2764 posset.
480 2681 634 2765 Alioquin
664 2703 728 2745 non
758 2683 850 2746 unis
879 2681 1057 2760 foribus
1085 2680 1144 2747 sed
1172 2680 1314 2765 primis

156 2785 310 2863 dixisset,
345 2808 405 2852 nec
438 2789 569 2873 recipi
606 2796 793 2873 coeptos,
827 2811 911 2873 quos
939 2790 1046 2872 quinae
1077 2789 1166 2854 fores
1193 2788 1314 2854 clausae

156 2894 375 2960 excluderent.
422 2894 491 2979 [Sic
518 2898 585 2962 iam
608 2896 731 2979 Fabri]
787 2896 905 2979 (Paulo
934 2905 1026 2978 ante,
1055 2897 1113 2962 ubi
1140 2897 1174 2961 in
1196 2896 1222 2960 P
1245 2902 1312 2961 est:

156 3002 225 3067 sed
262 3003 391 3069 surdae
425 3003 693 3070 aditomnium
729 3026 849 3070 aures
880 3007 1097 3072 concitatae
1125 3003 1314 3070 multitu·

155 3109 270 3175 dines
299 3119 430 3192 erant,
459 3134 561 3197 supra
589 3114 629 3191 it,
658 3113 747 3196 quod
775 3114 915 3178 etiami
938 3113 1004 3196 legi
1033 3120 1158 3197 potest,
1188 3113 1314 3196 scripto

155 3239 215 3296 eo,
249 3240 356 3304 neque
391 3220 430 3284 id
465 3220 505 3285 de
534 3228 607 3286 tota
636 3223 787 3287 oratione
816 3229 849 3286 et
876 3220 1032 3305 precibus
1061 3228 1150 3285 recte
1179 3221 1314 3304 ponitur
1359 3235 1361 3238 ·

154 3346 260 3408 neque
294 3325 373 3392 ferri
407 3328 476 3394 haec
512 3331 701 3413 epexegesis
735 3335 859 3413 potest:
901 3329 1074 3394 omnium
1102 3363 1146 3373 —-
1173 3328 1313 3393 conci·

155 3440 252 3500 tatae
291 3435 586 3518 multitudinis,
632 3438 793 3521 longeque
832 3436 962 3502 diversa
1002 3443 1054 3502 est
1093 3436 1312 3519 appositionis

154 3541 260 3608 forma
284 3543 384 3623 XXX,
408 3549 436 3623 7,
464 3550 517 3610 10:
541 3543 854 3625 Celtiberorum,
877 3546 1049 3628 egregiae
1070 3543 1312 3608 iuventutis.

155 3648 372 3746 scribendum
405 3652 549 3718 videtur:
589 3653 658 3718 sed
689 3651 819 3717 surdae
848 3652 897 3717 ad
926 3653 1061 3718 omnia
1089 3650 1151 3732 (ad
1180 3651 1313 3716 omnia

154 3758 271 3840 tuml)
295 3779 423 3826 aures.
470 3759 654 3827 Gronovius
676 3760 725 3826 ad
748 3760 832 3825 haec
854 3762 993 3826 omnia.
1040 3759 1146 3841 1862.)

241 3864 320 3951 Cap.
348 3872 472 3947 34,10,
500 3868 557 3934 ubi
580 3869 750 3935 scribitur:
781 3891 883 3953 quae
913 3869 1086 3954 propius
1116 3867 1313 3951 quaedam

155 3973 354 4040 subibant
376 3996 497 4042 naves
515 3976 600 4042 male
618 3978 888 4043 concurrentibus
907 3976 1165 4062 pronominibus,
1190 3976 1312 4041 rectius

155 4082 257 4146 etiam
285 4084 327 4148 ad
355 4086 552 4151 sententiam
580 4093 645 4151 est:
675 4087 769 4169 quia
797 4087 966 4171 propius
990 4093 1051 4150 cet.
1075 4083 1146 4166 (alii
1167 4083 1311 4167 quum).

155 4190 275 4270 Livius,
300 4213 336 4256 re
359 4194 466 4259 minus
489 4195 664 4278 perspicue
687 4195 796 4259 animo
820 4201 989 4278 concepta,
1014 4192 1057 4258 ad
1079 4192 1222 4259 ferream
1243 4213 1314 4257 ma·
