3060 5272
213 333 276 390 Lib.
293 333 328 388 X
760 322 823 385 232

213 506 340 588 terunt)
369 506 499 590 longius
528 506 631 571 evecti
655 516 688 570 et
709 507 816 571 maius
839 506 964 588 aliquid
987 508 1097 573 conati
1120 505 1224 592 (quod
1246 505 1372 592 signifi·

214 621 292 678 cant
319 614 489 697 particulae
523 618 563 677 et
596 613 685 695 iem)
725 635 792 679 non
825 615 892 679 iam
924 616 1011 680 inter
1039 617 1168 700 equites
1194 616 1230 680 iu
1255 613 1372 699 fugam

213 742 347 788 eversos
380 721 504 787 versari
538 720 738 801 debuerunt,
777 720 836 786 sed
868 721 910 786 ad
942 723 1048 806 ipsam
1080 723 1231 808 peditum
1263 723 1373 788 aciem

213 830 416 912 pervenisse,
444 849 544 912 quam
572 828 721 912 procelle
743 831 890 912 equestri
913 830 1043 895 turbari
1065 831 1187 897 Decius
1210 830 1370 896 voluerat

213 935 331 1018 Itaque
364 957 501 1020 prorsus
540 937 650 1001 iuter
683 936 816 1001 media
843 938 1011 1018 pcvlltn
1038 940 1198 1023 agmina
1225 937 1372 1004 scriben-

214 1044 294 1108 dum
326 1049 422 1128 puto,
463 1045 644 1128 equitum
678 1047 798 1110 errore
827 1045 1058 1126 substitutum,
1092 1067 1194 1129 quum
1228 1045 1371 1111 haereret

213 1153 324 1218 animo
343 1153 512 1234 equitatus
530 1150 650 1217 Gallici
667 1153 801 1218 mentio.
841 1152 1028 1219 Peditum
1044 1175 1163 1219 nomen
1180 1175 1241 1237 pro
1259 1153 1369 1238 eqni·

213 1259 325 1325 tibus
348 1266 400 1324 ter
421 1260 455 1323 in
477 1259 628 1324 omnibus
646 1259 817 1326 codicibus
835 1260 1051 1326 substitutum
1070 1268 1121 1327 est
1137 1259 1301 1341 XXXVII,
1317 1264 1371 1342 40,

214 1373 233 1433 5
256 1374 291 1433 et
316 1373 364 1448 10,
386 1387 448 1432 neo
471 1367 590 1432 desunt
613 1367 763 1451 exempla
785 1369 945 1434 contrarii
968 1369 1098 1433 erroris.

301 1474 379 1559 Cap.
405 1479 462 1555 31,
492 1480 510 1539 5
535 1475 662 1539 Livium
690 1497 752 1559 pro
776 1496 830 1555 eo,
865 1475 953 1558 quod
981 1483 1034 1541 est
1067 1474 1267 1541 Samnites
1295 1497 1370 1541 om·

213 1605 282 1649 nes
306 1582 537 1661 considunt,
560 1604 626 1647 non
648 1582 787 1648 dixisse:
820 1583 1069 1648 Samnitium
1090 1604 1226 1650 omnes
1249 1604 1368 1664 cons,

213 1695 411 1757 certumest.
444 1689 529 1754 Nam
541 1687 659 1768 XXXI,
682 1689 1056 1773 45,7(Maced0num
1073 1691 1158 1757 fere
1178 1691 1369 1758 omnibus

214 1806 254 1865 et
271 1796 513 1881 quibusdam
530 1797 791 1879 Andriorum)
817 1805 851 1863 et
868 1798 1036 1864 adiectum
1060 1798 1145 1864 iere
1163 1805 1198 1864 et
1216 1819 1257 1864 ex
1275 1818 1369 1881 aequo

214 1908 360 1991 positum
383 1904 623 1988 quibusdam
645 1907 838 1990 partitivum
861 1908 1029 1973 notionem
1052 1905 1153 1972 efficit
1170 1903 1250 1989 (quo
1271 1905 1370 1972 modo

215 2014 329 2081 Cicero
358 2013 449 2080 Orat.
474 2015 515 2076 90
538 2011 637 2077 dixit:
666 2035 684 2078 e
715 2014 930 2098 quibus-
951 2036 1029 2079 non
1059 2034 1192 2081 omnes
1218 2012 1370 2096 faceti),

215 2119 799 2204 etXXIV,32,8(praetorumque
821 2124 903 2188 nisi
925 2123 996 2205 qui
1018 2123 1126 2187 inter
1149 2120 1369 2186 tumultum

216 2229 472 2313 effugerunt,
512 2249 650 2294 omnes
689 2228 1025 2312 interficiuntur)
1063 2229 1296 2313 interpositum
1335 2229 1371 2294 si

215 2341 286 2425 qui
309 2339 459 2423 genetivo
482 2337 591 2403 locum
615 2336 723 2417 dedit;
746 2338 837 2421 quod
858 2345 969 2403 autem
992 2337 1174 2403 advocatur
1196 2328 1296 2402 etiam
1312 2335 1370 2416 IX,

215 2452 271 2527 42,
307 2453 361 2525 11,
395 2447 496 2511 miror
530 2445 650 2510 similia
684 2444 785 2509 videri
821 2466 954 2511 omnes
991 2444 1161 2510 Hernici
1196 2444 1372 2510 nominis

130 2569 201 2638 (194)
219 2562 253 2619 et
276 2575 412 2621 omnes
434 2553 719 2632 Hernicorum
743 2559 889 2618 ceterum
911 2559 1000 2618 recte
1018 2550 1187 2617 Cluverius
1208 2550 1373 2617 intellexit
1405 2548 1408 2555 ’

215 2662 263 2728 ibi
297 2661 507 2727 scribendum
541 2681 626 2725 esse:
667 2681 803 2726 omnes
830 2660 998 2726 Hernici
1025 2660 1201 2726 nominis
1228 2658 1372 2744 populi

215 2771 391 2835 Romano
409 2767 561 2833 bellum
579 2768 824 2833 indixerunt.
866 2767 939 2834 Hoc
955 2768 1097 2852 quidem,
1117 2767 1157 2833 de
1176 2788 1241 2852 quo
1261 2767 1371 2832 dicere

216 2878 324 2960 coepi,
353 2876 426 2941 loco
455 2877 524 2941 veri
547 2876 748 2941 simillimum
770 2874 900 2940 videtur
921 2877 1008 2940 inter
1031 2896 1164 2940 omnes
1187 2882 1221 2939 et
1243 2875 1371 2940 consi·

215 2985 318 3050 dunt
340 2983 500 3049 excidisse
523 2984 663 3068 copiae,
693 2981 869 3048 aberrante
891 2983 1021 3049 librarii
1044 2983 1139 3048 oculo
1162 3005 1183 3049 a
1204 2982 1371 3066 prioribus

214 3092 336 3158 litteris
366 3113 409 3157 co
437 3092 481 3156 ad
508 3092 641 3156 alteras.
694 3090 778 3155 Nam
807 3111 866 3156 cur
894 3092 936 3165 ob
967 3113 1067 3156 unum
1089 3090 1115 3154 P
1138 3097 1171 3155 et
1194 3089 1371 3157 editionem

214 3201 413 3280 Romanam,
446 3202 481 3265 in
514 3198 635 3283 quibus
669 3205 722 3263 est
748 3199 807 3264 ibi
835 3200 884 3264 ad
914 3198 1168 3278 Samnitium,
1202 3198 1301 3283 plura
1337 3199 1372 3262 in

214 3309 325 3374 mendi
347 3309 568 3391 suspicionem
590 3313 756 3386 vocentur,
780 3327 882 3372 causa
904 3307 997 3371 nulla
1020 3327 1091 3372 esse
1113 3305 1251 3371 videtur.

301 3414 381 3500 Cap.
406 3420 461 3496 33,
491 3421 511 3479 4
535 3413 589 3497 (de
612 3415 768 3480 Romanis
791 3415 961 3495 militibus,
990 3415 1145 3479 hortante
1169 3415 1304 3480 consule
1326 3414 1369 3478 M.

213 3525 314 3590 Atilio
336 3524 479 3607 Regulo,
513 3530 630 3589 contra
658 3520 835 3602 Samnites,
868 3524 926 3606 qui
957 3524 992 3588 in
1028 3530 1138 3588 castra
1170 3524 1370 3606 irruperant,

213 3630 468 3717 pugnantibus):
510 3631 688 3696 clamore
717 3629 885 3697 sublato
916 3631 1083 3696 connixi
1113 3631 1245 3715 primo
1271 3631 1370 3695 resi·

213 3746 344 3820 stunt;
378 3738 524 3804 deinde
556 3737 741 3803 inierunt
773 3736 915 3821 pedem
948 3744 1196 3822 urgentque,
1231 3745 1270 3804 et
1296 3739 1369 3802 im·

213 3848 360 3933 pulsos
384 3847 506 3913 semel
528 3853 688 3911 terrore
712 3843 847 3909 eodem
870 3854 1008 3927 agunt,
1032 3867 1108 3929 quo
1131 3852 1370 3930 coeperunt3

214 3955 434 4040 expellunt
469 3961 587 4018 extra
620 3957 777 4037 portam
804 3953 1049 4037 vallumque.
1105 3954 1187 4020 Post
1213 3953 1272 4019 illa
1297 3955 1369 4018 im-

212 4064 356 4148 pulsos
383 4064 507 4128 semel
535 4071 569 4128 et
598 4068 756 4126 terrore
786 4061 922 4127 ecdem
949 4063 1137 4129 necessario
1160 4069 1371 4147 exspectatur

212 4173 262 4237 rei
283 4172 327 4237 ad
350 4173 472 4236 exitum
495 4194 560 4237 uno
584 4179 700 4238 tenore
721 4169 888 4253 perducta
912 4171 1128 4253 significati03
1151 4176 1187 4235 et
1210 4170 1368 4254 sequitur,
