3060 5272
795 284 857 345 244

249 469 327 534 libri
355 468 433 533 XXI
467 468 508 533 ab
542 468 637 533 initio
671 473 706 532 et
731 466 808 532 libri
837 452 929 531 XXX
959 469 1095 532 extremi
1123 488 1201 551 pars
1230 466 1345 552 aliqua
1372 469 1408 533 in

248 577 417 642 Puteaneo
452 576 560 655 deest,
595 596 667 659 quse
700 576 734 639 in
768 576 887 640 ceteris
921 574 1091 640 codicibus
1119 582 1172 640 est
1198 573 1276 656 (etsi
1305 574 1408 640 etiam

248 684 333 749 bled.
356 685 390 748 in
420 682 484 750 fine
512 684 649 748 mutilus
678 682 757 764 est),
792 689 931 767 apparet
959 689 1036 766 post
1064 682 1195 748 codices
1223 681 1306 747 alios
1329 681 1407 747 inde

251 791 435 876 descriptos
458 792 566 875 prima
589 796 622 855 et
645 797 791 855 extrema
813 790 903 870 folia,
926 797 964 855 ut
985 789 1032 871 fit,
1055 811 1135 856 casu
1152 796 1186 855 et
1201 789 1409 873 neglegentia

250 906 309 964 aut
331 901 362 964 vi
386 900 527 982 denique
549 898 766 964 intercidisse.
814 896 877 979 [De
900 898 1098 981 antiquioris
1121 897 1256 980 originis
1277 896 1407 963 lacunis

250 1012 283 1071 et
315 1008 573 1089 transpositione
608 1005 721 1090 aliqua
755 1005 862 1070 dicam
897 1005 997 1089 paulo
1031 1003 1132 1089 post]
1187 1004 1321 1088 Itaque,
1353 1003 1407 1070 his

248 1112 399 1195 partibus
424 1115 586 1197 exceptis,
621 1113 808 1195 ubicunque
838 1112 878 1177 de
907 1113 1032 1178 codicis
1055 1112 1216 1178 Puteanei
1239 1113 1408 1197 scriptura

249 1225 393 1298 constat,
428 1222 461 1284 in
490 1223 637 1305 quinque
668 1220 800 1305 quidem
829 1221 996 1305 prioribus
1024 1219 1122 1285 huius
1153 1219 1287 1286 decadis
1308 1220 1405 1286 libris

249 1328 292 1392 ad
322 1349 396 1392 eum
419 1351 534 1407 unum,
569 1330 688 1394 ceteris
712 1328 878 1407 omnibus,
914 1330 1014 1393 etiam
1036 1328 1182 1411 antiquis
1206 1334 1239 1393 et
1261 1326 1406 1410 reliquo-

249 1457 323 1498 rum
362 1436 468 1500 turbae
507 1436 604 1519 longe
638 1436 888 1520 prestantibus,
929 1435 1144 1519 posthabitis,
1185 1436 1290 1501 omnis
1321 1456 1407 1501 verae

252 1543 423 1626 scripturae
452 1545 655 1609 existimatio
679 1551 712 1607 et
734 1545 911 1627 exquisitio
937 1543 1112 1609 referenda
1140 1550 1191 1608 est
1219 1543 1297 1621 (nisi
1318 1542 1406 1609 forte

251 1650 330 1733 quid
372 1650 449 1715 olim
487 1652 521 1714 in
555 1672 592 1716 eo
626 1653 834 1735 perspicuum
867 1672 954 1715 nunc
987 1650 1148 1732 evanuit),
1188 1652 1222 1715 in
1255 1651 1404 1734 quinque

247 1758 488 1839 posterioribus
512 1780 585 1823 cum
604 1780 652 1838 ea,
677 1781 750 1843 quae
767 1780 842 1823 nrox
860 1759 1178 1837 commemorabitur,
1201 1759 1405 1843 exceptione.

247 1862 334 1929 Usus
369 1872 418 1930 est
451 1873 561 1931 autem
590 1869 715 1950 primus
744 1888 784 1932 eo
814 1865 927 1931 codice
955 1865 1002 1930 Io.
1034 1865 1086 1930 Fr.
1117 1864 1302 1932 Gronovius
1329 1887 1406 1931 cum

250 1993 376 2038 summo
406 1974 489 2038 Livii
523 1974 647 2054 fructu,
680 1974 828 2039 adhibito
863 1974 984 2055 ingenii
1013 1974 1178 2052 acumine,
1214 1973 1273 2039 sed
1302 1974 1405 2059 scrip·

249 2086 343 2144 turas
373 2080 462 2145 illius
491 2083 599 2145 aetatis
622 2103 723 2157 more,
759 2104 859 2165 quum
887 2083 972 2166 ipse,
1006 2087 1043 2145 ut
1071 2083 1104 2144 in
1133 2080 1325 2163 praefatione
1354 2088 1405 2146 te·

253 2193 375 2265 statur,
408 2188 533 2253 nullum
568 2211 634 2254 non
668 2190 795 2272 apicem
829 2193 1022 2272 persecutus
1056 2194 1159 2268 esset,
1191 2194 1321 2253 tantum
1349 2209 1406 2253 ex-

248 2301 387 2377 cerptas,
417 2318 434 2360 c
457 2296 576 2377 quibus
599 2297 668 2380 ipsc
691 2297 938 2361 emendationes
962 2297 1231 2379 suspicionesque
1254 2294 1406 2376 duxerat,

247 2402 418 2485 evulgavit.
469 2403 606 2468 Addidit
633 2425 758 2488 paucas
788 2403 1079 2468 Drakenborchius
1109 2426 1129 2468 a
1158 2401 1297 2468 Sallerio
1326 2404 1404 2469 sub-

246 2510 461 2589 ministratos,
479 2512 640 2592 quasdam
652 2509 833 2591 Creverius,
852 2518 967 2576 neuter
987 2512 1056 2577 sine
1074 2510 1251 2576 erroribus.
1279 2511 1405 2579 Nostro

246 2621 357 2679 autem
379 2623 527 2700 tempore
553 2641 681 2683 omnem
705 2620 877 2703 scripturae
900 2620 1092 2683 varietatem
1110 2620 1143 2683 in
1161 2618 1269 2684 tribus
1287 2619 1404 2703 primis

247 2722 342 2788 libris
380 2723 603 2792 Alschefskius
643 2748 663 2791 a
697 2748 732 2791 se
773 2733 941 2791 enotatam
982 2726 1086 2790 edidit
1125 2724 1221 2808 (satis
1261 2726 1406 2792 molesta

246 2829 382 2912 forma),
412 2833 445 2895 in
469 2854 526 2897 sex
549 2835 706 2917 proximis
730 2832 765 2914 (a
787 2833 894 2897 XXIV
917 2834 960 2898 ad
982 2834 1120 2916 XXIX),
1151 2855 1171 2898 a
1193 2834 1231 2899 G.
1254 2833 1404 2901 Beckero

248 2937 422 3021 diligent-er
456 2940 670 3024 descriptam,
705 2941 1006 3021 Weissenbornius3
1040 2943 1074 3005 in
1109 2942 1195 3006 libro
1227 2941 1318 3005 XXX
1346 2941 1404 3006 Al·

247 3045 445 3128 schel'slrius,
480 3071 580 3130 quum
615 3070 690 3113 euru
717 3049 837 3113 librum
861 3050 1039 3133 separatim
1063 3051 1190 3130 ederet,
1223 3071 1303 3115 usus
1332 3057 1406 3115 erat

246 3155 418 3238 script-uris
458 3156 500 3220 ab
534 3156 571 3219 Ε.
605 3155 735 3221 Millero
770 3158 912 3223 enotatis
947 3178 1069 3240 easque
1103 3157 1404 3224 incommodissime

247 3262 428 3346 discerptas
461 3285 527 3327 non
561 3285 673 3328 omnes
703 3264 820 3344 edidit,
855 3265 1020 3349 supplevit
1049 3272 1161 3330 autem
1187 3271 1305 3349 postea
1333 3266 1404 3349 ipse

247 3370 399 3453 (quaedam
433 3377 466 3436 et
489 3372 642 3450 correxit,
672 3393 744 3453 quae
764 3373 1050 3440 ll'oissenbcrnius
1073 3375 1122 3437 ita
1145 3374 1342 3457 composuit,
1366 3380 1405 3439 ut

247 3487 358 3542 tamen
382 3478 508 3561 aliquid
531 3479 564 3542 in
587 3478 649 3543 hoc
670 3479 756 3544 libro
781 3481 823 3544 ad
847 3481 977 3564 plenam
1000 3481 1220 3564 cognitionem
1244 3480 1376 3564 desit.¹)

336 3586 465 3651 Desunt
492 3607 593 3665 nuno,
628 3594 666 3651 ut
692 3588 758 3651 iam
787 3588 869 3667 dixi,
903 3589 1028 3654 codicis
1055 3589 1081 3653 P
1109 3587 1189 3654 folia
1216 3589 1346 3672 aliquot
1371 3590 1406 3653 in

245 3695 339 3759 initio
364 3700 396 3759 ot
418 3694 492 3771 linc,
515 3695 548 3757 in
571 3694 691 3776 quibus
715 3701 810 3759 erant
826 3695 901 3760 libri
913 3696 992 3760 XXI
1004 3698 1113 3781 capita
1130 3696 1351 3781 quadraginta
1368 3703 1404 3763 et

245 3824 322 3886 pars
351 3803 593 3884 quadragesimi
622 3803 736 3886 primi,
766 3804 828 3868 nisi
858 3802 946 3887 quod
976 3805 1040 3870 duo
1064 3803 1144 3871 folia
1165 3811 1403 3885 remanserunt,

247 3932 320 3994 quac
351 3912 520 3975 continent
549 3933 575 3974 c.
600 3915 655 3989 20,
684 3915 703 3975 ὃ
734 3911 776 3974 ad
800 3916 856 3990 21,
890 3916 927 3975 13
957 3920 990 3978 et
1019 3934 1045 3977 c.
1070 3918 1126 3994 29,
1155 3918 1173 3978 6
1198 3912 1241 3978 ad
1264 3918 1319 3994 30,
1351 3917 1401 3993 11,

246 4018 321 4083 libri
345 4026 453 4083 autem
476 4018 568 4082 XXX
592 4041 669 4102 pars
692 4020 761 4083 fero
784 4021 883 4084 tertia
907 4041 927 4084 a
950 4043 977 4085 c.
1002 4026 1053 4102 30,
1080 4027 1127 4099 14,
1150 4021 1214 4086 nisi
1237 4020 1325 4104 quod
1348 4020 1402 4085 bic

276 4210 298 4274 ¹)
319 4207 394 4278 [Cfr.,
413 4226 475 4279 quoe
494 4212 625 4281 exposuit
643 4210 821 4267 Woelfflinus
839 4213 950 4268 Hermae
968 4213 1023 4267 vol.
1042 4212 1109 4268 VIII
1127 4232 1153 4283 p.
1173 4214 1223 4268 361
1242 4209 1314 4283 sqq]
