3060 5272
237 294 299 349 Lib.
317 295 404 350 xxn.
785 285 847 345 298

238 466 452 533 cohaerentia:
476 467 642 532 artibus
662 467 789 546 Fabii,
807 468 989 534 sedendo
1008 476 1042 536 et
1059 471 1303 553 cunctando,
1316 473 1399 559 quid

238 583 315 659 apte
348 576 514 659 interponi
546 576 663 658 possit,
703 598 767 641 non
806 575 918 656 rideo;
960 585 1049 643 certe
1091 599 1191 645 causa
1229 579 1310 646 belli
1349 582 1399 648 ita

238 683 373 767 gerendi
395 682 691 748 incommodissime
714 683 783 747 illic
804 684 1012 765 interficitur,
1035 695 1220 770 quaerente
1242 689 1290 753 sic
1311 709 1399 773 prrs-

237 783 440 856 mitteretur:
469 792 626 873 iamque
651 824 689 836 —
715 812 809 874 pars
833 793 1038 858 exercitus
1061 793 1208 860 aberat
1230 830 1273 841 —
1295 793 1399 862 arti·
1427 878 1431 888 Α

238 897 312 964 bus
335 898 469 976 Fabii,
503 897 681 962 sedendo
711 906 749 963 et
778 906 923 973 cunct,
957 900 989 964 b.
1012 922 1089 983 ger.
1148 900 1272 969 Contra
1293 903 1396 988 paulo

238 1027 337 1089 supra
354 1006 385 1088 (ἓ
398 1006 431 1086 9)
444 1005 653 1071 vehementer
672 1005 800 1089 aliquid
816 1006 998 1073 desiderari
1016 1008 1160 1090 videtur,
1184 1031 1261 1076 nam
1279 1018 1398 1079 tauta

238 1114 298 1179 illa
321 1115 510 1197 paucitas
534 1112 717 1195 (copiarum
739 1115 773 1178 iu
795 1116 915 1180 castris
937 1116 1134 1182 Hannibalis
1158 1120 1290 1184 omnino
1312 1140 1398 1204 proe·

239 1222 395 1303 sentium)
418 1242 491 1307 qnae
513 1221 614 1286 inerit
637 1230 670 1286 et
692 1222 857 1304 quomodo
882 1223 1013 1302 effecta,
1043 1226 1153 1290 Livius
1180 1247 1242 1291 nec
1263 1226 1312 1291 ibi
1332 1247 1396 1293 nec

240 1351 340 1414 supra
363 1330 461 1410 dixit3
490 1329 544 1393 hic
572 1328 702 1394 demum
730 1330 920 1396 brevissime
949 1333 1112 1413 significat
1134 1334 1244 1416 (pars
1267 1353 1396 1399 exerc.

239 1438 328 1519 ab.);
363 1438 532 1522 ePolybii
559 1438 749 1502 narratione
778 1439 913 1511 scimus,
947 1442 1064 1505 castris
1093 1443 1241 1524 utrisque
1264 1443 1298 1506 in
1320 1462 1398 1525 pro-

238 1548 360 1630 pinquo
389 1552 567 1628 conspectu
596 1547 729 1628 positis,
763 1545 985 1612 Hannibalem
1013 1551 1153 1631 primum
1180 1571 1240 1634 per
1268 1549 1397 1634 aliquot

240 1654 310 1719 dies
340 1660 448 1719 totum
477 1654 658 1718 exercitum
687 1655 905 1734 continuisse,
939 1656 1057 1722 deinde
1089 1664 1219 1740 partem
1247 1658 1319 1723 eius
1347 1678 1397 1736 eo,

240 1783 305 1843 quo
335 1761 418 1839 dixi,
453 1760 590 1825 consilio
620 1760 798 1838 dimisisse,
832 1771 904 1827 tum
932 1763 1062 1828 demum
1086 1786 1107 1829 a
1128 1764 1271 1830 Miuucio
1300 1771 1334 1830 et
1361 1765 1398 1830 in

239 1869 495 1934 frumentatores
519 1876 553 1933 et
574 1870 608 1933 in
632 1878 744 1934 castra
765 1871 923 1953 impetum
944 1872 1079 1938 iactum.
1124 1873 1242 1956 Itaque
1266 1873 1300 1937 in
1323 1893 1398 1938 eam

241 1978 428 2060 opinionem
449 1978 536 2054 veni,
564 1977 651 2042 idem
674 1976 831 2043 hocloco
856 1979 1031 2060 accidisse,
1061 1981 1149 2063 quod
1172 1980 1215 2046 ad
1238 2002 1265 2045 c.
1292 1986 1346 2060 10,
1377 1984 1396 2045 3

218 2086 415 2168 aliquoties
437 2085 561 2151 facturn
585 2085 730 2166 ostendi,
763 2093 801 2150 ut
828 2087 931 2151 rerba
959 2087 1088 2171 aliquot
1115 2111 1173 2154 sno
1202 2089 1276 2155 loco
1305 2095 1398 2155 mota

238 2194 345 2260 alieno
375 2195 615 2273 insererentur,
648 2194 774 2258 Livium
803 2195 890 2260 euim
917 2196 964 2261 sic
987 2197 1174 2279 scripsisse:
1203 2196 1281 2261 Nec
1309 2197 1397 2262 acie

240 2302 624 2368 certareHanniba'l
641 2323 774 2380 ausus,
798 2305 897 2385 quia
912 2324 1007 2388 pars
1024 2304 1235 2369 exercitus
1253 2303 1400 2369 aberat

155 2425 227 2495 (244)
247 2410 461 2492 (abierat‘t)
484 2411 560 2475 iam
582 2416 622 2474 et
643 2418 760 2475 tanta
783 2413 996 2494 paucitate
1018 2412 1083 2475 vix
1105 2419 1255 2490 castra,
1277 2412 1311 2476 si
1334 2433 1399 2496 op·

240 2524 540 2602 pugnarentur,
568 2518 698 2582 tutari
727 2525 904 2602 poterat.
953 2519 1121 2601 Iamque
1144 2519 1306 2585 artibus
1329 2519 1399 2584 Fa·

240 2625 309 2702 bii,
337 2624 514 2690 sedendo
538 2635 578 2690 et
600 2626 843 2705 cunctando,
872 2627 1025 2692 bellum
1046 2628 1219 2709 gerebat
1241 2633 1303 2692 cet.
1348 2625 1400 2691 Ex

241 2733 319 2798 iam
354 2741 393 2797 et
428 2733 493 2814 (vel
522 2735 638 2812 iame,
672 2733 792 2799 hausta
825 2741 974 2800 extrema
1002 2735 1129 2813 littera,
1165 2734 1253 2818 quod
1283 2733 1399 2799 eadem

244 2839 458 2922 sequebatur)
481 2842 676 2925 geminando
700 2849 809 2908 ortum
831 2843 962 2908 videtur
982 2842 1063 2907 iam
1083 2842 1197 2908 fame.
1242 2841 1307 2907 Sed
1328 2841 1399 2907 haec

242 2948 323 3012 mihi
350 2949 438 3013 inter
464 2949 609 3015 incertas
632 2951 776 3033 suspicio
799 2952 909 3033 posita
933 2951 985 3015 sit.
1043 2949 1131 3032 [Non
1153 2950 1249 3033 louge
1272 2948 1314 3014 ab
1336 2948 1399 3015 hac

244 3057 430 3140 suspicione
454 3055 626 3123 Creverius
655 3059 781 3124 aberat.
822 3060 871 3123 De
893 3058 1154 3141 transpositione
1176 3078 1243 3123 non
1266 3056 1398 3136 dubito;

244 3164 325 3247 quid
353 3186 393 3229 ex
421 3166 498 3229 iam
520 3163 623 3231 fame
647 3165 853 3231 efficiendum
876 3168 928 3244 sit,
951 3166 1109 3232 incertius
1132 3173 1193 3231 est.
1244 3165 1398 3231 Teutsri:

242 3273 339 3354 quia
366 3279 484 3338 tanta
511 3295 604 3357 pars
627 3277 838 3341 exercitus
861 3276 1008 3340 aberat
1030 3282 1068 3339 et
1091 3274 1169 3338 iam
1192 3296 1237 3338 ea
1260 3273 1399 3357 pauci-

243 3387 329 3445 tate
352 3381 418 3444 rix
440 3380 553 3463 cet.]¹)

246 3506 435 3513 ——-—-·..-......

273 3554 295 3622 ¹)
316 3556 380 3625 Cap.
400 3560 442 3622 23,
461 3559 478 3608 7
496 3557 629 3624 quoniam
647 3559 677 3611 in
695 3558 716 3611 P
731 3575 864 3612 numerus
882 3559 957 3612 notis
977 3557 1117 3625 scribitur,
1135 3555 1297 3627 ponendum
1315 3559 1399 3624 puto:

312 3641 472 3695 ducentis
496 3642 731 3713 quadraginta
753 3649 885 3712 septem
908 3660 1007 3711 quum
1029 3642 1153 3711 plures
1171 3645 1235 3707 cet,
1259 3656 1317 3693 non
1335 3638 1396 3692 du·

312 3732 447 3780 centos.
475 3727 540 3781 Non
558 3727 677 3783 dixerim
695 3733 791 3782 tamen
806 3746 923 3798 pravum
938 3744 999 3781 asse
1016 3733 1088 3781 tras
1107 3726 1228 3796 plures
1246 3729 1296 3778 aut
1313 3740 1399 3792 qnos

312 3812 440 3880 plnres,
459 3818 490 3867 ut
509 3819 552 3867 est
570 3813 646 3883 apud
659 3814 779 3868 Gellium
793 3812 834 3866 VI
847 3813 937 3881 (VII),
958 3815 998 3880 18,
1016 3813 1070 3867 etsi
1088 3829 1205 3882 pravum
1224 3828 1286 3865 essa
1303 3808 1399 3863 iudico

312 3915 373 3951 sex
390 3897 503 3952 millia
521 3899 598 3966 plus
617 3898 778 3966 XXXVIII,
797 3901 839 3964 bb,
857 3900 881 3952 6.
910 3893 1017 3965 ’(1862.)
1058 3897 1124 3967 Cap.
1143 3899 1185 3963 25,
1203 3898 1220 3951 3
1238 3893 1398 3951 necessario

313 3983 478 4052 reponenda
497 3990 553 4050 ost,
581 4002 664 4052 quam
683 3983 840 4039 Gronovius
865 4000 983 4053 cumque
1005 3982 1095 4037 secuti
1118 3982 1205 4037 ceteri
1223 3979 1399 4050 expulerunt,

313 4075 393 4123 vetus
411 4069 507 4123 nescio
526 4068 605 4123 cuins
624 4069 796 4124 emendatio:
821 4068 854 4123 id
879 4069 1053 4123 enimvero
1078 4064 1255 4122 ferendum
1274 4082 1341 4134 pro:
1364 4061 1400 4116 id

312 4153 403 4206 enim
436 4153 629 4219 ferendum
662 4154 767 4209 excidit
793 4172 877 4209 vero
905 4157 971 4208 ante
997 4152 1079 4208 fere.
1131 4151 1214 4219 Quod
1240 4149 1399 4204 Gronovius
