3060 5272
226 357 289 413 na.
306 357 368 413 vn
603 337 609 347 ‘
778 346 838 407 aaa
868 402 873 411 f

228 529 357 597 ordine:
391 550 515 614 prope
548 530 589 595 in
616 529 825 594 contionis
853 528 1010 596 modum
1036 528 1083 610 11,
1112 533 1168 619 23,
1197 533 1217 595 5
1245 536 1280 596 et
1301 528 1390 611 (sine

226 636 367 724 prope)
401 641 456 718 38,
490 641 519 718 2,
547 637 588 702 in
615 635 770 702 modum
799 637 1045 721 fugientium
1072 636 1238 719 XXXVII,
1262 643 1314 719 46,
1342 638 1389 723 8).

226 745 344 830 Itaque
366 744 421 810 hie
444 766 589 830 quoque,
612 751 651 810 ut
666 744 720 826 Vl,
744 748 794 825 31,
819 749 848 826 5,
871 746 911 810 in
934 752 1010 810 ante
1033 766 1063 807 ι
1085 745 1248 813 excidisse
1271 747 1391 831 opinor

227 853 518 938 scribendumque:
564 852 681 919 Inter
719 853 940 918 carminum
978 874 1104 938 prope
1143 853 1183 916 Ιι
1229 854 1389 921 modum

227 961 446 1028 incondita
485 961 668 1044 quaedam
708 960 956 1026 militariter
988 961 1239 1028 ioculantes.
1302 960 1389 1028 Con·

226 1071 355 1136 iunctio
384 1076 419 1135 et
447 1069 528 1136 ordo
555 1069 747 1148 verborum,
782 1071 849 1134 sive
877 1070 917 1133 in
946 1070 1014 1134 sive
1041 1089 1168 1154 prope
1195 1071 1389 1155 praepositio

226 1179 376 1263 ponitur,
406 1178 546 1243 eandem
574 1177 677 1243 habet
706 1177 878 1257 duritiam,
906 1176 1010 1242 nihilo
1037 1184 1151 1242 tamen
1172 1176 1263 1242 illam
1284 1178 1389 1244 mole·

143 1300 213 1369 (145)
233 1287 369 1352 stioram
390 1306 491 1369 quam
512 1287 546 1350 in
569 1285 655 1351 libro
676 1284 901 1364 XXVHI‚‚12‚
925 1289 959 1349 6:
993 1283 1090 1351 Post
1111 1284 1389 1353 Hasdrubalis

226 1416 321 1461 vero
344 1395 570 1460 exercitum
587 1392 824 1458 —deletum
846 1392 1109 1477 cedendoque
1132 1393 1174 1457 in
1196 1391 1389 1477 angulum

227 1502 436 1568 Bruttium
459 1508 597 1566 cetera
618 1500 747 1566 Italia
769 1521 1018 1581 concessum,
1059 1523 1100 1566 ne
1123 1507 1192 1567 tam
1213 1499 1389 1567 molestam

228 1610 372 1695 quidem,
395 1610 551 1694 quoniam
573 1609 660 1673 inter
682 1616 777 1692 post
800 1616 833 1674 et
856 1629 1103 1675 concessum
1124 1614 1246 1693 prater
1267 1608 1388 1675 ablati·

227 1740 304 1782 vum
325 1716 466 1797 Italia,
502 1717 560 1800 qui
587 1737 608 1780 a
635 1736 871 1782 concessum
898 1716 1021 1802 pendet
1049 1715 1153 1801 (quod
1175 1738 1279 1801 genus
1301 1717 1387 1782 indi·

229 1826 300 1890 cavi
329 1824 473 1890 Gramm.
497 1824 569 1889 Lat.
594 1822 611 1906 §
639 1828 701 1889 469
731 1831 799 1888 not.
824 1828 860 1904 2;
897 1824 953 1889 cfr.
977 1824 1158 1890 Weissenb,
1182 1822 1227 1888 ad
1252 1822 1387 1905 XXVII,

230 1937 286 2013 36,
315 1931 364 2015 2),
394 1932 619 2016 interponitur
645 1954 713 1999 non
741 1933 846 1997 solum
877 1933 962 1998 alius
985 1933 1150 1998 ablativus
1173 1930 1388 2015 (instrumen-

228 2041 323 2121 talis,
358 2039 568 2123 eedendo)‚
602 2041 661 2105 sed
688 2041 790 2106 etiam
818 2040 896 2106 huic
919 2040 1076 2106 adiuncta
1098 2040 1290 2125 praepositio
1314 2060 1389 2106 cum

229 2170 327 2215 casu:
361 2150 403 2214 in
426 2148 620 2231 angulum
642 2149 862 2214 Bruttium.
909 2147 1041 2232 [XXXL
1065 2152 1117 2228 40,
1142 2152 1160 2212 9
1184 2152 1218 2213 et
1239 2146 1388 2231 XXXVI,

229 2262 286 2338 23,
321 2262 339 2322 6
362 2258 464 2343 posui
492 2257 628 2322 Advers.
653 2254 732 2322 crit.
756 2257 789 2322 Π
816 2280 847 2342 p.
874 2262 951 2336 514,
984 2255 1082 2321 huius
1110 2255 1388 2322 Emendatiouum

228 2368 295 2433 loci
327 2363 524 2447 immemor]
580 2363 664 2431 Sunt
690 2364 761 2429 haee
790 2386 926 2449 prorsus
955 2364 1093 2429 Liviana
1119 2385 1160 2429 ex
1188 2385 1228 2431 eo
1258 2383 1388 2447 genere,

229 2475 320 2559 quod
353 2480 430 2539 ante
465 2473 607 2538 sedecim
641 2494 745 2538 annos
778 2474 892 2538 notavi
920 2473 1183 2556 (Bemerkungen
1209 2471 1292 2538 iiber
1317 2493 1389 2537 ver·

230 2581 405 2646 schiadene
428 2580 556 2646 Punkte
585 2581 642 2645 des
666 2580 812 2664 Syetems
841 2581 901 2646 der
928 2579 1147 2646 lateinischan
1171 2579 1390 2665 Sprachlehre

229 2712 261 2774 p.
286 2688 356 2770 79),
384 2690 418 2753 in
446 2688 566 2771 quibus
596 2689 749 2770 analogia
776 2709 836 2772 per
860 2689 1018 2772 ambages
1041 2687 1244 2773 amplificata
1264 2688 1300 2753 in
1321 2687 1389 2753 for·

229 2818 302 2861 mas
331 2796 508 2879 diligenter
530 2797 742 2879 compositas,
772 2798 830 2861 sed
852 2796 1011 2862 molestas
1034 2803 1068 2861 et
1091 2816 1250 2879 operosas
1272 2794 1387 2878 exit.¹)

228 2903 333 2969 Paulo
357 2911 435 2970 ante
459 2903 572 2969 eodem
595 2905 703 2986 capite
726 2903 757 2987 (ἓ
780 2906 813 2987 8)
837 2905 942 2989 pudet
963 2925 1056 2988 pane
1079 2903 1266 2984 admonere,
1287 2902 1391 2969 verba

231 3013 278 3078 sic
317 3013 582 3096 interpungenda
615 3032 704 3076 esse:
742 3034 821 3078 non
851 3019 1009 3092 cantus,
1048 3034 1125 3078 non
1159 3010 1388 3078 exsultatio

231 3141 511 3204 armorumque
534 3121 713 3203 agitatio
736 3141 854 3201 vana,
888 3121 958 3186 sed
985 3127 1129 3204 peetus
1159 3120 1388 3184 animorum

228 3229 383 3313 iraeque
428 3229 603 3312 plenum;
650 3249 806 3294 omnem
849 3229 1049 3294 ferociam
1088 3226 1306 3311 (Torquatus)
1347 3227 1389 3291 iu

230 3337 455 3402 discrimen
482 3337 615 3420 ipsum
642 3337 881 3401 certaminis
911 3336 1145 3402 distulerat.
1200 3334 1306 3418 Vulgo
1334 3334 1388 3399 Li·

228 3445 318 3510 vium
348 3444 512 3509 dicentem
539 3444 684 3523 faciunt,
711 3465 777 3508 non
806 3451 940 3509 cantum
961 3465 1023 3509 nac
1045 3465 1213 3509 armorum
1236 3443 1389 3527 agitatio·

229 3574 318 3632 nem,
353 3552 410 3617 sed
439 3558 555 3636 pectus
585 3551 754 3616 distulisse
783 3550 955 3631 ferociam,
989 3573 1056 3617 non
1079 3551 1389 3633 animadvertentes,

228 3660 464 3725 nominativum
486 3659 639 3738 breviter,
663 3660 785 3724 omisso
807 3659 918 3738 verbo,
941 3681 1003 3744 pro
1025 3666 1098 3724 tota
1119 3660 1284 3725 sententia
1298 3659 1388 3743 poni.

230 3766 300 3850 (Gr.
325 3768 397 3832 Lat.
422 3766 439 3850 ᾗ
462 3771 524 3832 479
547 3773 614 3832 not.
639 3770 674 3847 2;
708 3766 766 3830 cfr.
791 3764 857 3832 Cio.
881 3767 973 3831 Verr.
997 3766 1034 3847 V,
1063 3771 1092 3847 7,
1119 3772 1173 3832 16:
1207 3767 1389 3851 Exspec-

230 3877 337 3941 tatio
360 3897 513 3941 summa
534 3874 748 3955 hominum,
771 3874 968 3960 quidnam
990 3876 1030 3940 id
1053 3882 1178 3956 esset3
1201 3874 1389 3957 Liv.1,54,

260 4148 283 4212 ¹)
304 4144 414 4215 [Kleirm
432 4146 529 4216 philol.
550 4144 692 4201 Schriften
710 4163 737 4216 p.
756 4149 808 4201 aba
826 4144 898 4216 sqq]
