3060 5272
155 300 218 354 Lib.
236 298 335 353 XXIX.
702 289 766 350 420

156 472 330 551 dicaret3
364 479 459 536 ante
493 472 625 537 omnia
658 478 720 537 eet.
779 471 843 538 Sed
876 472 1091 538 vindicationi
1123 472 1218 540 loeus
1245 492 1316 539 non

157 586 208 645 est
242 580 274 643 in
305 602 340 644 re
368 602 435 644 non
463 581 682 664 comparenti,
719 600 779 645 nec
807 580 929 646 iudicio
960 580 1051 662 (nam
1078 580 1227 661 luerunt,
1255 581 1316 665 qui

156 688 407 754 indicarent
446 688 596 770 mallent)
635 688 817 771 quidquam
861 688 1089 773 proficeretur.
1157 686 1316 755 Scriben-

157 796 233 862 dum
263 797 394 881 opinor:
428 796 461 859 si
495 796 591 878 quid
624 818 700 861 non
734 803 1003 881 compareret,
1037 796 1141 862 unde
1169 794 1315 877 vellet,

157 911 369 989 repeteret
402 901 627 987 [repeteret
659 904 772 969 Pal.3
810 911 844 969 et
879 905 952 969 edd.
976 905 1126 989 quaedam
1153 903 1316 989 veteres];

157 1020 251 1077 ante
285 1017 364 1091 cet.;
399 1010 477 1076 data
511 1012 642 1077 videtur
675 1018 823 1097 potestas
856 1012 944 1097 apud
978 1012 1098 1077 milites
1133 1012 1314 1096 quarendi.

157 1119 279 1201 (1863.)
342 1118 358 1201 ξ
395 1124 433 1183 10
469 1118 515 1200 (in
549 1121 698 1186 oratione
732 1120 974 1201 Locrensiumlz
1014 1142 1085 1204 pro
1125 1126 1237 1185 certo
1271 1141 1315 1187 se

156 1228 324 1304 haltere,
354 1248 483 1311 noque
513 1230 623 1293 iussu
652 1251 780 1312 neque
804 1228 1020 1293 voluntate
1043 1227 1079 1293 P.
1103 1227 1314 1311 Scipionis

156 1342 221 1401 tot
255 1342 333 1401 tam
362 1334 540 1400 nefanda
569 1337 792 1416 commissa,
827 1337 894 1402 sed
926 1343 995 1401 aut
1023 1335 1223 1401 Pleminio
1250 1337 1315 1401 ni·

157 1446 273 1508 urium
307 1451 375 1507 aut
404 1443 485 1507 sibi
516 1464 654 1526 parum
683 1444 900 1524 creditum,
936 1450 1004 1508 aut
1032 1449 1182 1508 natura
1208 1442 1315 1509 insi·

157 1557 237 1615 tum
279 1550 526 1634 quibusdam
567 1573 673 1629 esse,
719 1557 762 1615 ut
806 1553 930 1634 magis
970 1552 1135 1636 peccari
1175 1550 1315 1617 nolint

157 1679 271 1740 quarn
302 1657 406 1721 satis
435 1657 557 1721 animi
589 1658 639 1721 ad
663 1659 909 1723 vindicanda
933 1665 1102 1743 peccata
1124 1657 1332 1724 habeant'

158 1765 257 1829 llecto
282 1764 537 1829 Forchhammor
560 1765 700 1830 alterum
724 1774 794 1837 aut
815 1767 997 1831 tollendum
1021 1766 1188 1832 iudicavit.
1229 1765 1314 1831 Duae

157 1872 242 1937 enirn
266 1892 373 1937 eausa
397 1880 602 1955 saltarentur,
626 1881 771 1938 autnon
795 1875 974 1940 credidisse
997 1875 1194 1958 Scipionem,
1216 1879 1314 1939 tanta

157 2004 228 2047 csso
247 1979 395 2045 l’leminii
415 1980 548 2058 scelera,
575 1988 633 2046 aut
651 1982 840 2061 credidisse,
857 1983 914 2047 sed
932 2004 1048 2066 parum
1066 1984 1166 2047 animi
1184 1982 1227 2046 ad
1243 1983 1314 2046 vin·

156 2088 333 2155 dicandum
356 2088 527 2169 habuisse3
558 2090 649 2173 prior
676 2092 797 2154 nonin
821 2090 885 2155 duo
909 2092 1076 2155 contraria
1099 2090 1315 2174 distinguitur

156 2197 262 2278 (suut),
276 2198 334 2263 scd
352 2198 416 2262 duo
436 2199 611 2262 coniuncta
628 2199 782 2277 continet,
796 2198 981 2282 Scipionem
993 2198 1153 2263 Pleminio
1166 2198 1314 2278 nimium,

157 2305 374 2370 Locrensibus
397 2326 513 2389 parum
531 2305 725 2386 credidisse;
751 2314 928 2389 utrumque
948 2307 1034 2370 euim
1055 2305 1193 2371 eandem
1210 2303 1314 2370 habet

104 2455 108 2463 ·
156 2413 229 2477 viru.
269 2413 317 2477 De
340 2412 556 2477 additamenti
579 2434 698 2494 genero
722 2413 779 2477 cfr.
803 2414 845 2477 ad
868 2413 923 2492 IX,
943 2419 970 2493 9,
988 2419 1016 2477 9.
1065 2412 1188 2495 (1863.)

241 2517 320 2603 Cap.
344 2524 394 2599 22,
420 2524 448 2583 3.
495 2520 573 2598 Quin
597 2521 629 2583 in
652 2521 677 2585 P
701 2520 903 2585 scribuntur:
933 2529 1015 2587 tum
1044 2523 1157 2585 circa
1186 2540 1312 2585 arma·

157 2629 358 2691 mentaria
387 2634 427 2691 et
453 2627 662 2692 horratum
691 2628 898 2693 visendum
928 2637 1077 2712 prator
1098 2627 1311 2711 legatique

157 2735 289 2813 ducti,
324 2735 370 2798 sic
400 2734 586 2818 supplenda
615 2734 781 2799 videntur:
806 2743 829 2800 t.
860 2757 886 2800 c.
917 2736 1236 2801 armamentaria
1272 2741 1313 2800 et

156 2842 299 2907 horrca
338 2842 382 2902 orl
421 2842 525 2904 tclll
565 2850 799 2923 apparatum
833 2844 1040 2908 visendum
1081 2851 1142 2909 cet.
1198 2842 1236 2907 In
1270 2863 1311 2909 eo

156 2950 398 3033 supplemento,
432 2972 496 3032 quo
531 2951 625 3034 vulgo
660 2957 813 3030 utuntur,
854 2953 1012 3016 inusitate
1047 2952 1170 3016 dicitur
1202 2951 1313 3015 circa

155 3080 235 3122 rem
265 3058 479 3123 visendam.
536 3059 574 3122 In
610 3061 873 3124 armamentariis
902 3067 935 3124 ct
963 3059 1089 3124 horreis
1118 3066 1191 3124 erat
1218 3065 1311 3123 totus

154 3166 233 3231 belli
257 3172 446 3250 apparatus.
482 3166 604 3248 (1863.)
649 3166 730 3250 §10
755 3168 827 3250 (ubi
850 3168 1040 3250 exponitur,
1072 3166 1152 3249 quid
1175 3164 1311 3231 Clodius

154 3274 286 3338 Licinus
309 3275 349 3338 de
373 3274 410 3352 Q.
434 3273 593 3339 Pleminio
616 3274 829 3353 narraveritl:
864 3273 1076 3359 patefacto
1106 3273 1197 3338 (lein
1228 3293 1311 3337 sce-

154 3381 242 3448 lere
272 3382 504 3465 delegatum
534 3384 573 3446 in
595 3381 824 3447 Tullianum
853 3404 898 3447 ex
927 3380 957 3445 S.
983 3380 1017 3445 C.
1074 3380 1159 3458 Quid
1188 3380 1311 3464 signifi·

154 3498 255 3569 cetur,
286 3496 421 3555 constat
444 3497 478 3554 et
501 3489 579 3553 dicit
601 3491 736 3574 proprio
762 3490 858 3554 verbo
882 3482 993 3554 Livius
1015 3488 1163 3567 XXXIV,
1193 3493 1244 3568 44,
1274 3492 1310 3552 8:

155 3600 194 3662 in
224 3598 465 3662 inferiorern
494 3597 696 3661 demissus
726 3618 932 3662 carcerem
957 3603 1020 3661 est
1042 3603 1310 3679 necatusque,

78 3718 80 3723 '
154 3728 220 3789 quo
255 3707 333 3770 item
367 3705 472 3769 utitur
502 3704 677 3769 Sallustius
706 3705 746 3769 de
775 3704 915 3769 Lentulo
946 3704 1032 3786 (Cat.
1058 3709 1113 3769 55:
1148 3706 1188 3768 in
1223 3725 1310 3769 eum

153 3813 301 3893 locum,
331 3811 360 3876 h.
386 3836 412 3876 o.
437 3812 633 3891 Tullianum,
664 3811 886 3894 (lamissus).
944 3812 1009 3878 Sed
1033 3812 1227 3896 delegare
1250 3833 1310 3895 pro

154 3921 371 3986 demittere
402 3921 472 3984 siue
502 3919 568 3985 ullo
598 3920 745 4004 exemplo
777 3921 914 4001 dieitur;
948 3921 1038 4005 quod
1065 3904 1179 3986 alitem
1202 3920 1310 4004 suspi-

154 4037 272 4095 cantur
294 4029 441 4112 quidam‚
471 4029 599 4093 Livium
627 4028 661 4092 id
684 4029 818 4094 verbum
841 4050 861 4093 a
884 4028 1000 4094 Clodio
1024 4030 1218 4113 sumpsisse,
1246 4028 1311 4093 etsi

155 4137 265 4201 Livius
288 4137 477 4202 huiusmodi
502 4137 652 4202 obsoleta
675 4137 777 4202 verba
793 4137 1033 4219 verborumque
1051 4137 1311 4220 significationes
