3060 5272
228 374 291 431 Lib.
309 374 343 429 X.
775 363 840 424 234

229 546 330 627 bitur,
352 545 404 611 his
428 547 552 613 verbis:
581 552 621 612 et
643 547 809 612 deorum
832 546 957 612 etiam
979 545 1258 613 adhibuerant
1280 567 1388 631 opes,

230 656 313 720 ritu
352 654 527 737 quodam
565 654 814 720 sacramenti
853 659 1018 720 vetusto
1051 653 1167 719 velut
1198 655 1389 721 initiatis

228 762 442 828 militibus.
505 762 633 828 Deinde
671 763 779 847 ipsam
817 762 866 827 rei
906 760 1161 846 descriptionem
1194 763 1242 835 sio
1273 762 1389 829 Livius

230 870 375 936 orditur:
416 870 584 935 Dileotu
618 891 690 954 per
723 890 837 935 omne
872 866 1075 935 Samnium
1108 869 1252 935 habito
1284 891 1389 936 nova

228 977 331 1061 lege,
359 984 412 1058 ut,
435 979 504 1060 qui
527 979 731 1042 iuniorum
753 998 831 1041 non
855 978 1123 1042 convenisset
1145 976 1193 1042 ad
1215 977 1388 1060 impera·

229 1091 360 1150 torum
383 1086 570 1165 edictum,
594 1086 742 1169 quique
765 1085 929 1149 iniussu
951 1084 1124 1166 abisset,
1155 1091 1278 1168 eaput
1300 1084 1389 1150 Iovi

229 1199 437 1259 sacratum
472 1203 577 1272 erat3
611 1198 694 1257 tum
728 1193 935 1257 exercitus
964 1194 1092 1258 omnis
1119 1192 1388 1277 Aquiloniam

229 1308 293 1366 est
319 1302 514 1366 indictus.
570 1300 641 1364 Iam
664 1306 819 1385 apparet,
850 1300 1006 1365 mendum
1028 1300 1125 1381 illud,
1154 1299 1241 1383 quod
1263 1301 1298 1364 in
1321 1321 1388 1366 aa·

228 1415 387 1474 oratum
410 1415 501 1474 erat
523 1409 654 1488 eminet,
682 1408 847 1474 levissima
870 1408 994 1490 Sigonii
1016 1407 1271 1492 interpolatione
1294 1407 1387 1489 (sac.

228 1516 349 1598 esset)
377 1516 432 1580 vix
459 1521 618 1599 tanquam
645 1515 810 1600 pellucido
839 1517 910 1581 velo
935 1515 1182 1597 obumbratum,
1217 1517 1388 1600 pertinere

228 1625 329 1688 etiam
359 1623 401 1688 ad
430 1629 529 1704 tum;
562 1645 670 1708 neque
700 1625 785 1688 enim
813 1623 877 1688 hoc
904 1623 979 1689 loco
1010 1622 1113 1688 ullum
1143 1624 1305 1689 eiusmodi
1334 1630 1389 1691 est

226 1731 262 1795 in
295 1732 454 1814 temporis
487 1733 656 1796 notatione
691 1732 851 1797 orationis
880 1731 1026 1815 pondus,
1061 1737 1100 1796 ut
1127 1731 1282 1797 ablativis
1311 1730 1387 1814 (di-

227 1837 337 1903 lectu
358 1873 403 1883 -
424 1838 583 1921 habito)
612 1846 694 1903 tum
724 1839 901 1923 superaddi
930 1840 1087 1922 potuerit.
1144 1839 1216 1904 Hoc
1242 1840 1387 1921 invento,

227 1947 281 2010 vix
304 1946 452 2011 dubitari
473 1952 600 2031 potest,
629 1948 708 2029 quin
732 1952 820 2011 erat
842 1968 980 2031 prorsus
1003 1946 1185 2012 tollendum
1209 1948 1261 2027 sit,
1290 1947 1387 2013 addi-

226 2059 296 2118 tum
326 2053 414 2137 (cum
442 2056 533 2136 gravi
562 2054 726 2120 oblivione
756 2053 1026 2135 constructionis)
1056 2054 1098 2119 ad
1122 2056 1307 2121 orationem
1330 2077 1387 2120 ex·

226 2161 394 2246 plendam,
428 2184 530 2246 quum
560 2162 696 2227 verbum
719 2184 739 2227 a
761 2162 853 2228 Livio
881 2162 1027 2246 positum
1056 2162 1103 2226 sic
1133 2169 1222 2227 esset
1245 2162 1386 2229 distrac-

227 2275 314 2351 tum,
348 2277 386 2336 ut
414 2270 491 2335 inde
513 2276 707 2335 nasceretur
728 2276 826 2348 tum,
861 2291 901 2335 ex
930 2276 1134 2334 sacratum
1163 2276 1244 2335 tum
1273 2277 1387 2336 autem

226 2377 415 2442 faciendum
439 2384 689 2457 sacraretur,
717 2377 781 2442 hac
804 2379 976 2443 sententiae
999 2377 1120 2443 forma:
1154 2376 1319 2442 Dilectu
1340 2412 1387 2423 -

227 2484 373 2551 habito
408 2507 512 2552 nova
540 2485 646 2568 lege,
678 2491 735 2564 ut,
770 2486 837 2568 qui
864 2519 909 2531 —
935 2507 1013 2550 non
1042 2486 1305 2550 convenisset
1331 2520 1387 2566 -,

228 2598 352 2675 caput
384 2592 471 2658 Iovi
510 2599 766 2672 sacraretur,
807 2594 1014 2658 exercitus
1054 2593 1185 2658 omnis
1219 2599 1280 2657 cet.
1341 2592 1388 2658 Et

228 2706 466 2765 sacraretur
488 2699 699 2765 scribendum
722 2723 805 2780 esse,
828 2702 928 2765 etiam
950 2700 1217 2765 Weissenbornio
1239 2702 1272 2765 in
1295 2722 1387 2765 men-

227 2812 294 2871 tem
322 2809 450 2872 renisse
473 2806 578 2873 video.
635 2808 762 2873 Deinde
792 2807 907 2873 eodem
937 2809 1046 2892 capite
1069 2806 1086 2891 ἓ
1109 2811 1146 2887 6,
1179 2806 1237 2873 ubi
1260 2809 1384 2873 editur:

228 2916 298 2999 qui
332 2936 373 2980 se
407 2916 447 2980 id
482 2936 642 2980 sacrum
674 2920 818 2999 petere
852 2914 1106 2981 adfirmabat
1139 2936 1187 2980 ex
1218 2921 1387 2982 vetusta

228 3021 471 3089 Samnitium
492 3023 705 3107 religione,
732 3045 799 3089 non
824 3023 950 3103 dubito,
979 3024 1059 3107 quin
1081 3029 1244 3107 perpetuo
1267 3023 1385 3089 Latine

225 3130 431 3212 loquentium
453 3153 514 3196 usu
538 3132 578 3196 de
600 3132 789 3197 renovando
813 3133 950 3215 antiquo
974 3132 1127 3198 instituto
1149 3130 1260 3197 Livius
1283 3131 1386 3216 scn'p·

226 3240 308 3305 serit
334 3246 534 3324 repetere.
590 3238 732 3322 (Ibidem
765 3241 847 3304 mire
875 3260 922 3304 ex
948 3239 1057 3305 libro
1086 3245 1225 3305 vetere
1253 3239 1385 3304 linteo

225 3345 335 3413 lecto
372 3347 654 3413 sacrificat-um
687 3348 823 3428 dicitur,
857 3348 952 3430 quasi
981 3368 1021 3412 ex
1048 3368 1114 3413 non
1143 3347 1230 3413 lecto
1259 3346 1385 3412 sacrifi·

225 3455 296 3520 cari
328 3456 491 3539 potuerit3
532 3455 723 3536 videndum,
762 3477 804 3520 ne
840 3454 952 3520 Livius
992 3455 1163 3539 scripserit
1196 3476 1240 3520 ex
1273 3453 1384 3521 libro

225 3568 362 3628 vetere
391 3561 523 3629 linteo
554 3569 683 3643 tecto,
718 3569 756 3628 ut
789 3562 832 3628 ad
864 3563 1056 3644 religionem
1085 3563 1284 3647 pertinuerit
1311 3582 1385 3647 spe·

225 3671 292 3735 cies
314 3670 391 3735 libri
413 3670 519 3737 linteo
542 3672 632 3736 tecti.
680 3670 788 3753 1861.)

311 3775 393 3862 Cap.
423 3781 480 3859 39,
514 3782 550 3844 6:
581 3777 650 3863 (Sp.
674 3776 818 3845 Carvilio
847 3776 1033 3845 Cominium
1060 3777 1234 3845 obsidente
1261 3776 1297 3841 L.
1321 3774 1384 3841 Pa·

223 3887 330 3971 pirius
363 3886 407 3953 ad
439 3886 652 3970 Aquiloniam
691 3885 865 3971 pervenit.)
920 3885 982 3951 Ibi
1022 3884 1277 3971 aliquamdiu
1312 3904 1384 3949 neo

224 4000 431 4060 cessatum
447 3994 496 4060 ab
514 3995 637 4060 armis
654 4001 718 4060 est
735 4016 864 4078 neque
882 3994 1044 4060 naviter
1063 3999 1300 4078 pugnatum
1322 3991 1383 4056 la·

224 4102 423 4169 cessendo
452 4104 632 4188 quietos,
666 4103 971 4168 resistentibus
994 4101 1190 4181 cedendo,
1223 4099 1384 4166 commi·
