3060 5272
720 827 760 887 75
1201 841 1265 897 Lib.
1283 841 1318 896 Il

153 1008 405 1094 Quamquam
431 1009 537 1075 haud
562 1030 657 1075 sene
680 1008 789 1075 liber
809 1016 900 1075 erat
922 1009 1123 1096 religione
1145 1015 1317 1094 animus,

153 1117 404 1184 verecundia
434 1125 571 1184 tamen
598 1117 833 1183 maiestatis
860 1119 1177 1203 magistratuum
1198 1122 1317 1186 timo-

155 1246 240 1290 rem
263 1225 382 1305 vicit‚
410 1245 458 1291 ue
486 1225 528 1290 in
549 1246 620 1291 ora
641 1223 842 1290 hominum
865 1247 937 1310 pro
961 1226 1148 1293 ludibrio
1172 1228 1315 1295 abiret.

155 1333 240 1399 Mire
251 1355 313 1419 pro
323 1334 492 1418 religione,
511 1353 585 1417 quea
597 1333 646 1398 ire
657 1332 701 1398 ad
713 1331 865 1398 consules
876 1333 1083 1416 hortabatur,
1103 1335 1318 1403 substituitur

154 1443 272 1522 timor,
300 1443 401 1527 idque
429 1449 500 1507 tam
529 1440 698 1524 ambigue,
727 1447 765 1506 ut
792 1440 908 1521 timor,
939 1464 980 1507 ne
1009 1443 1044 1508 in
1067 1464 1126 1508 ora
1147 1443 1317 1512 hominum

154 1551 295 1630 veniret,
327 1552 435 1616 victus
475 1548 541 1614 dici
575 1548 742 1628 videatur,
777 1549 866 1631 quod
900 1556 1017 1615 contre
1050 1559 1118 1631 est;
1152 1573 1228 1616 nam
1262 1553 1316 1618 hic

153 1658 254 1723 timor
269 1656 532 1740 verecundiaque
549 1657 806 1741 magistratuum
816 1657 894 1722 vicit
907 1657 1097 1740 religionem
1110 1659 1316 1744 obstititque,

154 1785 196 1830 ne
223 1766 298 1831 iret.
350 1766 468 1851 ltaque
498 1771 559 1831 aut
585 1770 626 1830 et
652 1764 772 1829 timor
802 1764 1013 1829 scribendum
1042 1773 1094 1831 est
1123 1773 1182 1831 aut
1204 1769 1315 1851 potius

152 1871 337 1938 tollendum
359 1873 562 1952 timorem,
589 1870 754 1951 additum,
785 1892 886 1956 quum
908 1892 974 1937 non
996 1873 1316 1941 animadverteretur

154 1981 306 2048 vincendi
322 1981 455 2047 verbum
471 1979 623 2046 absolute
642 1978 708 2044 dici
725 1979 910 2062 victamque
928 1980 1119 2064 religionem
1138 1981 1316 2065 significari

156 2111 177 2155 a
199 2089 394 2156 verecundia
416 2087 668 2170 magistratuum
690 2086 788 2151 simul
810 2088 913 2152 risum
934 2087 1112 2171 vitanti.)¹)
1158 2090 1282 2173 (1866.)

243 2194 321 2282 (lap.
344 2202 396 2276 41,
423 2195 588 2260 tmultas
609 2194 727 2261 turbas
748 2215 801 2261 res
824 2216 925 2280 parva
948 2197 1057 2276 movit,
1086 2198 1310 2283 interpunctio
1329 2207 1382 2275 (61)

155 2325 221 2370 non
243 2311 334 2370 recte
355 2305 460 2384 iacta3
493 2304 603 2368 omnia
631 2303 718 2368 enim
745 2301 847 2387 plana
876 2310 986 2384 erunt,
1020 2306 1048 2370 si
1078 2304 1125 2369 sic
1154 2306 1313 2389 scriptum

154 2411 274 2478 fuerit:
308 2433 392 2496 quse
422 2410 545 2496 (plebs)
574 2411 701 2496 primo
729 2418 924 2495 coeperat
951 2410 1147 2478 fastidire
1170 2435 1313 2479 munus

155 2519 382 2604 vulgatum:
411 2541 431 2585 a
453 2519 612 2585 civibus
635 2518 718 2584 isse
739 2518 780 2583 in
803 2521 947 2584 socios.
998 2519 1048 2584 Eo
1070 2520 1144 2604 ipse
1166 2520 1312 2605 vulgatio

153 2636 227 2694 erat
248 2627 356 2713 plebis
378 2626 509 2693 iudicio.
554 2627 640 2692 Isse
661 2625 764 2692 habet
785 2626 810 2690 P
832 2626 1018 2711 habuitque
1041 2648 1061 2691 a
1084 2629 1191 2712 prima
1213 2650 1313 2695 manu

153 2736 193 2816 R,
216 2737 250 2801 in
273 2757 340 2820 quo
365 2735 518 2819 „quidam
542 2735 751 2819 scripserat“,
773 2734 836 2800 hoc
859 2740 918 2814 est,
941 2736 1135 2819 corrigendo
1159 2734 1314 2802 effecerat

155 2865 256 2922 esee,
279 2850 318 2909 ut
339 2845 592 2926 coniungeretur
614 2863 689 2907 cum
710 2842 928 2925 vulgatum,
952 2842 1105 2928 idemque
1128 2843 1162 2907 in
1183 2843 1230 2908 Ll
1251 2852 1311 2909 est.

154 2952 300 3036 Egisse
328 2972 473 3035 quoque,
507 2950 597 3034 quod
625 2948 729 3016 babet
749 2950 784 3015 M
807 2958 840 3016 et
863 2949 906 3015 ab
930 2950 959 3014 R
981 2955 1015 3015 et
1037 2950 1079 3015 ab
1103 2952 1220 3017 ceteris
1246 2953 1312 3018 dis-

153 3059 285 3140 cedens,
309 3061 455 3125 exisse
479 3064 588 3124 ortum
611 3064 672 3122 est.

223 3247 326 3301 littero
348 3247 384 3314 s),
411 3245 524 3311 deinde,
552 3261 638 3313 quum
661 3244 839 3314 intellegeret
860 3244 887 3299 h.
911 3244 928 3298 l.
953 3245 1092 3315 pluralem
1115 3245 1235 3300 formem
1253 3265 1311 3302 non

223 3337 299 3387 recte
335 3331 413 3402 poni,
439 3330 560 3386 fortasse
598 3328 731 3384 laudem
761 3347 852 3385 suam
886 3331 1064 3387 scribendum
1096 3348 1158 3386 esse
1188 3338 1308 3402 putaret.

223 3416 349 3472 Movitne
376 3434 439 3471 eum
466 3414 627 3486 Spaldingii
649 3414 793 3482 iudicium,
820 3415 933 3469 Livium
956 3417 1031 3471 inter
1053 3422 1187 3472 veteres
1210 3436 1307 3472 uume-

223 3501 325 3569 rsntis,
349 3519 418 3571 quos
443 3501 632 3569 Quintilianus
650 3498 713 3566 (IX,
736 3503 760 3567 3,
786 3501 809 3566 l)
834 3501 941 3556 scribet
964 3502 1101 3558 invideo
1129 3503 1218 3558 hanc
1241 3521 1312 3558 rem

227 3587 353 3642 dixisse?
376 3587 465 3656 Atqui
482 3585 695 3654 Quintilianum,
717 3586 776 3640 sive
793 3586 817 3640 is
835 3584 946 3641 Livium
964 3588 1040 3643 inter
1056 3593 1165 3643 veteres
1183 3606 1311 3644 numera·

223 3673 266 3726 vit
282 3672 340 3727 sive
358 3689 417 3726 non
433 3672 606 3739 numeravit,
633 3670 745 3726 codices
767 3676 796 3725 et
814 3673 916 3741 optimi
934 3677 964 3726 et
980 3673 1139 3728 mediocres
1158 3673 1312 3728 ostendunt

225 3773 283 3812 non
310 3757 395 3812 benc
423 3773 507 3824 rem,
535 3755 587 3811 sed
611 3756 690 3811 huic
716 3755 764 3809 rei
791 3757 937 3826 scripsisse
963 3757 1112 3823 (invideo
1138 3757 1312 3814 felicitati

224 3841 397 3908 alicuius).
438 3840 604 3896 Invidere
627 3841 735 3896 alicui
753 3840 900 3909 aliquid,
924 3841 1001 3910 quod
1019 3841 1222 3909 Quintilianum
1238 3851 1312 3899 vete·

224 3927 302 3981 ribus
325 3930 356 3981 et
372 3924 503 3981 Ciceroni
526 3928 669 3997 precipue
692 3926 835 3994 assignare
859 3931 975 3996 putant,
1004 3926 1074 3981 adeo
1093 3943 1151 3982 non
1170 3927 1311 3995 dixerunt,

223 4017 256 4066 ut
276 4011 307 4066 id
328 4010 403 4081 apud
425 4013 567 4066 neminem
589 4012 704 4067 omnino
726 4013 810 4065 bones
833 4011 925 4066 oetatis
949 4013 1114 4082 scriptorem
1137 4029 1227 4083 prosse
1246 4030 1309 4068 ora·

223 4096 311 4152 tionis
334 4097 453 4167 reperiri
477 4097 654 4152 contendam.
696 4095 767 4150 Nem
787 4096 861 4166 apud
880 4097 1043 4152 Ciceronem
1061 4097 1142 4153 Tusc.
1167 4099 1220 4166 111,
1243 4101 1312 4168 2,3

223 4181 293 4251 quid
314 4199 348 4237 ex
370 4181 515 4238 codicibus
538 4182 653 4252 optimis
671 4179 831 4236 efficeretur
848 4181 898 4249 (ut
915 4183 1013 4237 uobis
1032 4186 1161 4253 optime
1178 4190 1310 4240 naturte

223 4267 288 4321 vim
312 4266 442 4322 vidisse
463 4266 670 4334 videantur),
699 4267 811 4322 ostendi
834 4274 900 4323 ante
922 4269 1027 4323 multos
1052 4286 1141 4325 annos
1166 4271 1310 4339 secutique

223 4358 289 4406 sunt
306 4357 406 4422 postea
424 4369 528 4408 omnes

182 4438 206 4502 ¹)
224 4436 290 4508 Cep.
320 4439 366 4505 88,
406 4439 424 4492 2
453 4442 560 4493 rectam
592 4438 749 4493 orationem
779 4438 905 4507 incipere
937 4456 953 4493 e
985 4440 1076 4494 verbis
1108 4441 1153 4496 Ut
1185 4443 1309 4508 omnis,

223 4521 380 4579 Gronovius
398 4523 567 4579 etDulserus
586 4528 744 4592 senserunt,
762 4523 809 4579 hic
827 4525 913 4578 etiem
927 4524 1064 4581 excidisse
1079 4526 1310 4596 prepositionem

223 4608 347 4678 aliquam
365 4614 431 4664 ante
448 4609 801 4666 veteres...iniurias.
829 4607 885 4664 Sed
903 4608 1009 4663 excidit
1027 4611 1121 4680 potius
1140 4611 1309 4668 adversus

225 4694 301 4764 (post
318 4695 474 4763 exorsus)
493 4711 576 4764 quem
593 4695 634 4749 in.
670 4693 769 4762 (1861.)
