3060 5272
250 353 312 406 Lib.
331 353 388 406 XL.
784 344 845 404 5⁷2

238 524 419 597 Gronovio,
444 526 500 606 qui
524 532 634 590 tamen
656 546 716 610 pro
739 527 916 608 recipiet
939 526 1042 591 scribi
1070 525 1204 592 volebat
1231 528 1399 611 recipe·

237 636 316 710 ret3
340 631 509 697 Belrlrerus
533 640 566 698 et
587 633 872 698 Weissenbornius
895 635 1075 717 recipiat
1097 639 1291 717 posuerunt.
1328 634 1400 701 Sed

238 745 310 803 tota
334 741 500 804 sententio
528 762 682 823 perversa
711 749 772 805 est.
818 742 865 806 De
894 763 1022 807 summa
1044 743 1129 821 enim
1151 763 1204 821 re,
1231 742 1399 825 recipien-

239 847 314 911 dine
338 848 406 912 siut
427 847 564 930 Ligures
587 868 699 926 necne,
722 848 804 913 nihil
827 857 960 913 senatus
982 850 1171 932 respondet,
1194 848 1268 928 sed,
1291 849 1321 915 si
1342 870 1399 915 re-

239 956 421 1037 cipiantur,
444 962 534 1020 vetat
556 957 588 1018 in
618 956 763 1039 receptis
791 956 880 1033 fieri,
911 956 999 1039 quod
1028 955 1205 1021 Marcellus
1228 977 1263 1022 se
1285 954 1399 1023 factu·

237 1084 310 1126 rum
333 1084 397 1127 non
420 1062 630 1143 significarat,
652 1071 742 1127 vetat
765 1071 875 1127 autem
899 1072 1014 1128 contra
1043 1070 1250 1129 constantem
1273 1064 1397 1130 Roma·

238 1190 355 1233 norum
376 1171 410 1233 in
434 1170 597 1235 dediticiis
619 1171 814 1253 recipiendis
836 1191 974 1245 morem,
1004 1172 1058 1253 qui
1088 1180 1241 1255 apparet,
1270 1178 1308 1236 ut
1331 1171 1398 1237 hoc

237 1283 327 1356 utar,
350 1277 407 1342 lib.
438 1276 590 1351 XXXIX,
615 1283 643 1351 2,
669 1284 683 1341 1
709 1286 743 1342 et
765 1285 793 1340 4.
839 1279 920 1343 Mire
945 1280 1044 1343 etiam
1062 1299 1135 1344 curn
1151 1278 1215 1343 hac
1240 1280 1397 1344 cautione

239 1385 413 1468 copulatur
447 1385 557 1467 (atqu
566 1386 598 1463 e)
633 1392 827 1461 extremum,
862 1386 1039 1450 mittendos
1074 1408 1144 1451 esse
1178 1386 1317 1469 Ligures
1352 1386 1396 1453 ad

239 1493 406 1571 consules,
429 1514 511 1574 quos
533 1495 638 1558 vitare
661 1493 848 1573 voluerant,
873 1495 969 1576 quasi
990 1493 1051 1558 hoc
1075 1515 1115 1558 ex
1137 1493 1251 1559 eodem
1274 1514 1396 1576 genere

239 1603 291 1664 sit.
337 1601 401 1664 Res
425 1607 459 1664 et
483 1603 645 1665 sententia
669 1608 701 1665 et
724 1604 829 1665 oratio
853 1608 950 1666 rectae
969 1609 1074 1681 erunt,
1097 1603 1251 1667 retractis
1274 1623 1292 1667 e
1314 1600 1396 1685 fuga

240 1708 367 1772 duabus
389 1706 525 1785 litteris
557 1708 631 1773 aliis
660 1715 749 1773 recte
773 1710 940 1773 diiunctis:
975 1717 1057 1774 tum
1091 1730 1249 1792 quoque
1277 1707 1396 1793 (quum

238 1815 374 1898 Ligures
398 1816 439 1880 ad
462 1815 654 1881 Marcellum
678 1816 885 1900 confugerint
915 1802 1022 1882 etrus
1046 1839 1105 1901 per
1127 1816 1321 1883 Marcellum
1350 1818 1396 1883 ad

240 1934 390 1989 senatum
412 1924 537 1988 reiecta
562 1923 618 2004 sit)
642 1945 717 1989 non
746 1925 908 2007 placore
938 1926 1014 1987 uisi
1043 1947 1112 2009 per
1142 1925 1395 1990 deditionem

240 2033 414 2115 Ligures
437 2031 576 2111 recipi,
611 2040 645 2094 et
669 2034 853 2117 recept-is
878 2054 986 2097 arma
1009 2033 1134 2097 adimi
1165 2039 1288 2114 atque
1323 2053 1395 2099 eos

239 2141 288 2206 ad
316 2140 508 2205 consules
543 2140 661 2217 mitti,
696 2149 878 2206 senatum
912 2162 1065 2222 {equum
1099 2161 1275 2205 censere.
1320 2139 1396 2206 Nisi

238 2250 325 2315 lacta
349 2256 462 2331 aperte
487 2255 519 2312 et
543 2249 612 2313 sine
637 2249 832 2332 anibagibus
861 2249 1027 2313 deditione
1057 2250 1158 2332 recipi
1182 2248 1320 2331 Ligures
1344 2269 1396 2313 se·

239 2366 336 2423 natus
361 2365 466 2435 retat3
501 2355 619 2420 deinde
644 2357 795 2438 adiungit
819 2356 894 2437 (et),
929 2357 1008 2439 quid
1039 2356 1192 2421 Romanas
1216 2362 1396 2421 consuetu·

240 2466 307 2530 dini
340 2465 569 2529 convenienter
597 2467 630 2528 in
658 2466 799 2548 receptis
834 2464 1020 2528 faciendum
1054 2466 1106 2529 sit.
1151 2464 1194 2528 Et
1221 2462 1398 2548 particular

153 2581 224 2649 (467)
243 2574 321 2638 nisi
355 2572 437 2635 adeo
473 2572 649 2635 manifesta
680 2580 757 2635 sunt
789 2573 927 2653 vestigia
961 2573 993 2636 in
1024 2574 1143 2637 Lov.4
1178 2580 1210 2636 et
1238 2571 1344 2636 llead.
1379 2576 1395 2635 1

241 2671 331 2753 (non
355 2679 621 2760 placerentsi‚
646 2678 723 2743 Lor.
749 2683 766 2741 3
791 2700 865 2742 non
889 2679 1140 2762 placeretsi),
1164 2687 1201 2744 ut
1221 2680 1398 2744 Gelenium

241 2809 306 2852 non
338 2787 418 2849 satis
447 2784 542 2868 plene
572 2786 611 2849 de
640 2786 672 2849 ll
707 2786 858 2851 retulisse
888 2798 1016 2870 putem,
1051 2789 1260 2871 incipientem
1294 2808 1315 2851 a
1344 2789 1396 2867 si,

241 2896 353 2978 priora
376 2892 605 2975 (placerent
630 2915 689 2976 pro
712 2895 915 2977 placeret)
940 2897 1156 2960 omittentem.
1192 2896 1317 2961 Eodem
1339 2916 1396 2960 ca·

241 3005 308 3087 pite
343 3002 427 3066 inira
462 2998 493 3083 (5
529 3005 561 3063 7:
597 3000 633 3076 Q.
663 3002 828 3066 Fulvius
863 3003 1035 3068 Flaccus
1080 3005 1117 3066 in
1152 3006 1397 3069 citeriorem

242 3108 459 3194 [Hispaniam]
483 3111 672 3193 pervenit
696 3112 1003 3191 exercitumque
1027 3132 1047 3173 a
1069 3111 1261 3176 Terentio
1285 3132 1398 3177 acce-

241 3222 314 3304 pit)
340 3218 550 3283 scribendum
574 3226 640 3281 cst:
671 3218 717 3281 alr
742 3220 777 3280 A.
803 3218 1008 3283 Terentio.
1046 3218 1136 3283 Vidit
1159 3221 1272 3283 vitium
1296 3220 1398 3285 etiam

240 3327 543 3392 ll'eissenbornius,
573 3325 630 3389 scd
654 3326 723 3389 sine
746 3347 846 3389 causa
873 3328 1054 3407 graviorem
1078 3327 1296 3409 suspicionem
1319 3346 1398 3392 con·

243 3435 374 3518 copies)

267 3686 289 3745 ¹)
311 3684 338 3754 [5
360 3690 387 3738 ll
409 3686 502 3739 editur
519 3703 553 3739 ex
571 3686 611 3738 ll:
640 3687 716 3740 auri
735 3687 923 3754 octoginta
946 3686 1072 3755 pondo,
1100 3694 1134 3741 et
1161 3688 1233 3741 duae
1260 3704 1398 3742 coronoe

311 3788 420 3824 aureae
439 3771 553 3840 pondo
576 3774 761 3839 sexaginta
786 3778 933 3840 septem‘,
961 3772 1073 3825 codices
1101 3774 1224 3841 quinque
1242 3773 1326 3828 Dralr.
1346 3774 1397 3828 ha-

310 3858 379 3909 beut
398 3862 430 3910 et
449 3856 522 3910 duo.
551 3856 827 3925 Scribendumpnto:
848 3857 919 3910 auri
934 3858 1120 3924 octoginta
1137 3860 1251 3926 pondo
1270 3864 1304 3914 et
1323 3859 1399 3927 duo,

312 3958 446 3995 noronte
465 3958 575 3996 aures*
596 3943 780 4009 sexaginta
794 3946 934 4010 septem.
954 3948 981 3994 et
999 3942 1112 4011 pondo
1129 3944 1157 3995 in
1173 3949 1299 3997 extremo
1313 3961 1400 3997 mern·

310 4028 362 4080 bro
381 4044 474 4080 errore
493 4045 528 4079 ex
553 4028 746 4095 superioribus
764 4028 923 4096 repetitum.
960 4027 1032 4081 Num
1051 4030 1079 4081 in
1099 4030 1237 4097 scriptura
1259 4029 1334 4097 Mog.
1353 4046 1399 4083 co·

311 4128 388 4165 ronse
408 4122 436 4166 et
463 4114 546 4166 nimis
564 4130 661 4180 paucae
681 4122 709 4165 et
736 4114 817 4165 nimis
844 4113 1010 4181 ponderosa
1039 4114 1179 4168 videntur.
1216 4114 1330 4169 Pondus
1348 4130 1395 4169 co·

312 4214 459 4257 ronurum.
478 4215 534 4251 non
553 4214 701 4263 numerus,
721 4198 863 4251 indicatur
880 4197 1007 4257 XXXlX,
1031 4201 1055 4265 ὁ,
1078 4203 1109 4252 14
1127 4208 1155 4252 et
1173 4202 1198 4259 7,
1221 4204 1249 4265 1;
1267 4217 1399 4253 numerus
