3060 5272
697 793 758 855 129
1175 809 1305 865 meru.

146 979 329 1065 disputare.
380 977 466 1043 Nam
487 998 593 1061 neque
615 977 754 1062 pluralis
775 978 906 1043 numeri
927 999 1108 1062 pronomen
1131 979 1305 1048 relativum

149 1093 319 1154 senatus
352 1087 478 1151 nomini
512 1086 698 1152 subiectum
733 1106 874 1170 usquam
909 1091 961 1151 est
995 1085 1195 1168 (senatus,
1235 1091 1305 1171 qui

146 1230 193 1241 —
212 1194 337 1277 sunt),
371 1195 451 1277 quia
479 1215 520 1260 ex
547 1215 586 1260 eo
613 1192 677 1258 hoc
705 1199 756 1259 est
777 1214 913 1276 genere,
948 1194 1038 1277 quod
1060 1194 1306 1262 collectivorum

147 1302 427 1369 constructionem
454 1323 520 1367 non
548 1302 695 1386 recipere
729 1300 910 1385 significavi
937 1302 971 1366 in
995 1300 1221 1369 Grammatico
1242 1304 1305 1370 La·

148 1413 221 1477 tina
241 1409 259 1494 §
282 1413 345 1475 215
369 1429 390 1475 a
410 1408 527 1491 not.¹),
554 1430 672 1493 neque,
703 1410 732 1474 si
754 1409 789 1473 id
810 1408 882 1474 fieri
905 1417 1028 1494 posset,
1050 1408 1207 1477 hocloco
1229 1434 1305 1497 pro-

151 1539 279 1599 nomen,
301 1518 508 1601 interpositis
531 1517 612 1582 illis:
643 1518 772 1600 magis
799 1516 883 1581 fuit
911 1538 1026 1599 quam
1054 1519 1093 1583 in
1114 1519 1305 1601 tribunis,

149 1625 218 1692 ullo
246 1625 345 1691 modo
374 1625 417 1690 ad
445 1646 565 1691 nomeu
594 1625 755 1690 remotius
777 1623 902 1690 referre
923 1624 1054 1704 liceret,
1087 1626 1209 1691 nedum
1232 1628 1305 1711 plu·

148 1734 220 1801 rale
248 1733 338 1816 (cum
366 1733 548 1798 tribunis
577 1734 773 1798 conveniens
800 1731 951 1814 numero)
975 1732 1017 1797 ad
1039 1733 1206 1815 singulare
1229 1733 1305 1817 (so-

147 1841 295 1923 natus).
344 1839 461 1924 Neque
489 1842 599 1907 minus
621 1841 829 1905 vehementer
851 1841 925 1923 ipsa
946 1847 1111 1925 repugnat
1131 1844 1305 1909 sententia.

148 1949 234 2016 Nam
268 1949 298 2015 si
325 1949 360 2013 in
388 1955 507 2015 senatu
535 1949 606 2014 solo
633 1947 804 2013 tarditatis
833 1968 934 2012 causa
961 1946 1093 2027 fuisset,
1127 1949 1209 2013 nihil
1237 1971 1305 2014 om·

98 2125 103 2131 ,
148 2058 227 2123 nino
260 2062 348 2136 erat,
381 2076 442 2121 cur
468 2056 580 2122 Livius
613 2055 765 2121 tribunos
798 2056 833 2119 in
860 2055 924 2119 hac
951 2077 988 2120 re
1018 2064 1305 2138 commemoraret;

149 2185 238 2231 nuno
258 2164 323 2230 hoc
345 2163 453 2248 ipsum
476 2164 629 2244 ostendit,
651 2186 717 2228 uon
738 2164 772 2227 in
796 2170 913 2228 senatu
935 2164 1152 2247 potissimum,
1176 2163 1217 2229 de
1240 2186 1305 2247 quo

147 2273 292 2358 primum
313 2272 454 2356 cogitari
476 2272 597 2356 possit,
632 2271 721 2354 quod
750 2272 821 2336 eius
850 2269 950 2335 fuerit
979 2292 1088 2335 rerum
1110 2272 1305 2354 gubernatio

149 2388 185 2447 et
209 2381 355 2464 negotiis
382 2379 607 2464 prospiciendi
635 2378 821 2462 agendique
849 2398 943 2458 cura,
977 2378 1170 2444 tarditatem
1192 2379 1305 2462 fuisse,
1423 2439 1427 2447 .

149 2489 209 2555 sed
236 2509 302 2554 uon
329 2488 438 2552 minus
465 2487 500 2551 iu
527 2487 709 2552 tribunatu.
765 2486 884 2570 Itaque
906 2485 1017 2551 Livius
1047 2487 1195 2571 scripsit:
1232 2507 1305 2550 uos

150 2598 191 2662 iu
218 2602 365 2663 senatu
391 2596 519 2677 magis
547 2593 627 2660 fuit
655 2614 771 2676 quam
800 2594 840 2658 in
867 2593 1068 2674 tribunis;
1101 2595 1233 2676 negatio
1258 2595 1300 2660 ob
1320 2610 1391 2679 (roa)

149 2703 401 2770 similitudinem
445 2701 688 2788 praepositionis
731 2702 771 2766 iu
817 2700 949 2765 facilius
987 2701 1172 2784 intercepta
1210 2702 1305 2785 est.²)

150 2812 277 2877 Eadem
305 2809 429 2876 excidit
455 2811 525 2875 sine
551 2809 613 2875 tali
642 2829 744 2874 causa
770 2808 812 2888 V,
848 2812 903 2887 15,
940 2812 976 2870 11
1007 2808 1042 2872 in
1063 2807 1189 2888 MPLl,
1224 2809 1307 2890 aliis,

150 2919 186 2985 id
219 2924 286 2999 est,
319 2919 353 2982 in
387 2917 500 2983 codice
534 2916 731 3001 archetypo,
765 2917 800 2981 in
828 2916 936 2980 tertiae
964 2914 1097 2980 decadis
1127 2914 1306 3001 archetypo

148 3026 224 3092 libr.
247 3025 369 3106 XXIII,
392 3028 443 3105 23,
467 3030 486 3090 6
510 3032 587 3090 ante
611 3025 823 3108 cepissent
846 3024 943 3105 (Put,
966 3023 1067 3105 cett).
1112 3023 1184 3089 Hoc
1206 3024 1307 3108 igitur

148 3135 282 3201 sublato
310 3133 428 3199 mendo
457 3140 635 3198 occurrunt
662 3132 763 3216 paulo
790 3139 867 3216 post
889 3129 920 3214 (ξ
944 3131 977 3213 9)
1000 3130 1085 3196 baec:
1120 3131 1306 3198 Fremere

149 3245 357 3321 iuventus,
390 3240 563 3306 nondum
597 3239 848 3305 debellatum
883 3260 969 3304 cum
1002 3239 1169 3334 Volso-is
1203 3261 1305 3322 esse;

149 3351 264 3416 modo
292 3348 369 3415 duo
397 3348 593 3432 praesidia
620 3347 833 3413 occidione
863 3347 998 3431 occisa
1026 3352 1065 3412 et
1094 3368 1179 3412 oum
1201 3349 1305 3433 peri-

147 3457 242 3524 culo
276 3457 462 3522 retineri.
524 3454 696 3533 Quomodo
730 3456 886 3540 praesidia
919 3455 1029 3520 occisa
1059 3457 1196 3520 retineri
1231 3477 1306 3522 cum

149 3565 298 3650 periculo
327 3564 470 3648 possint,
503 3584 639 3646 prorsus
667 3585 732 3628 non
761 3563 927 3645 intellego.
984 3560 1049 3627 Sed
1070 3570 1194 3646 praesto
1217 3571 1304 3645 sunt,

147 3672 207 3755 qui
239 3671 381 3738 doceant
413 3669 610 3754 praesidia
642 3671 785 3754 primum
820 3670 968 3734 homines
1001 3670 1036 3734 in
1064 3671 1217 3753 praesidio
1245 3693 1304 3756 po·

150 3780 247 3858 sitos,
281 3777 397 3847 deinde
420 3779 494 3861 ipsa
516 3777 654 3842 castella
675 3776 832 3860 intellegi.
887 3777 997 3856 Itane,
1030 3796 1150 3857 quaeso,
1178 3783 1216 3841 ut
1238 3799 1305 3843 una

148 3887 317 3952 sententia
344 3885 538 3951 brevissima
567 3884 609 3949 ed
638 3884 802 3969 duplicem
826 3883 1100 3967 significationem
1124 3884 1304 3967 adiungan-

148 4000 205 4060 tur
232 3993 273 4060 de
301 3993 417 4060 eodem
446 3992 599 4077 praesidio
629 3991 694 4058 duo
722 3992 823 4057 verba
851 4013 985 4075 prorsus
1014 3991 1196 4056 contraria:
1230 3990 1304 4057 hoc

178 4245 202 4314 ¹)
220 4245 272 4313 lx,
294 4247 341 4314 37,
365 4249 395 4299 ll
422 4262 508 4314 prave
534 4244 616 4301 codd
643 4251 673 4300 et
698 4244 901 4300 Alschefskius:
931 4244 1143 4299 interclusus
1171 4246 1302 4300 exerci-

217 4335 332 4385 tus
352 4331 644 4401 opprimerentur.

175 4415 201 4482 ¹)
220 4413 288 4484 [Sed
317 4416 449 4470 vitiosam
480 4415 696 4485 ambiguitatem
727 4416 756 4469 in
783 4420 916 4469 restare
942 4415 1198 4470 nuntiabantur
1224 4415 1302 4470 inter

217 4501 284 4570 qui,
308 4500 389 4570 quia
406 4539 413 4554 .
429 4543 435 4554 .
450 4540 467 4570 .,
484 4518 601 4570 perum
624 4500 870 4570 cogitaverunt
888 4500 924 4553 ad
942 4500 1019 4554 aliud
1037 4500 1194 4554 subiectum
1212 4501 1306 4556 relato

215 4584 326 4641 codicis
356 4584 527 4641 Veronensis
557 4584 693 4640 indicium
722 4585 860 4654 (restari
892 4585 1159 4651 nuntiabantur)
1192 4592 1304 4641 secutus

216 4669 418 4726 Mommseuius
437 4669 559 4738 sustulit,
577 4670 784 4740 sustuleratque
803 4671 862 4724 eius
881 4670 996 4738 ignarus
1014 4669 1251 4741 Wesenbergius.]

1057 4773 1075 4827 9
