3060 5272
225 390 288 445 Lib.
306 389 388 445 XLV.
770 381 832 440 '716

220 562 374 628 mutandi
398 565 625 644 necessitates3
648 584 709 629 nec
727 562 992 628 Weissenbornio
1012 569 1149 628 conatus
1167 565 1249 627 bene
1268 564 1377 628 cessit.

121 702 124 707 ·
227 669 490 751 Cohaerent,n0n
512 672 693 751 violavit,
717 671 774 736 sed
797 670 962 734 vlslatlt
984 678 1022 736 et
1041 669 1416 758 sinetis3-alioquin·
1468 680 1470 685 '

226 780 313 845 enim
336 781 455 846 sistis
479 780 588 845 Livius
611 779 807 863 scripsisset.
852 778 978 843 Deinde
1001 780 1185 844 necessario
1209 780 1377 861 sanguinis

224 887 382 953 Eumenis
405 889 527 954 mentio
551 909 624 953 cum
646 886 817 953 homicida
834 887 965 951 nomine
983 888 1136 970 coniungi
1162 887 1275 966 debet,
1298 907 1378 969 quo-

225 998 315 1061 niam
336 1018 401 1061 non
424 995 658 1063 Samothracia
681 996 729 1059 vis
752 994 889 1059 Eumeni
917 992 1033 1073 fiebat,
1066 995 1124 1060 sed
1153 994 1317 1060 maculam
1339 1015 1378 1060 ex

227 1105 297 1169 eius
320 1104 408 1169 cade
431 1103 511 1169 alibi
533 1110 661 1169 tentata
685 1109 872 1186 susceptam
891 1102 1046 1167 Euander
1063 1101 1244 1169 adferebat.
1278 1103 1379 1168 Recte

226 1213 328 1295 igitur
350 1212 533 1278 Gronovius
556 1211 758 1296 pollutus;
793 1210 851 1276 sed
875 1210 1097 1275 scribendum:
1131 1209 1210 1276 Gur
1241 1211 1379 1293 igitur,

227 1321 378 1404 inquit,
407 1320 591 1405 pollutus
615 1340 698 1384 eam
725 1318 930 1384 homicida
960 1320 1160 1400 sanguiue
1189 1318 1379 1384 Eumenis

230 1428 464 1511 violabit?¹)

314 1534 393 1620 Oap.
417 1542 446 1616 6,
471 1542 503 1600 l:
528 1535 711 1601 Ceterum
735 1541 849 1600 tanto
871 1533 1052 1599 facinore
1076 1537 1114 1599 in
1139 1537 1300 1600 unicum
1322 1557 1380 1600 re-

229 1644 371 1709 lictum
405 1646 574 1710 amicum
608 1644 756 1708 amisso
801 1664 871 1726 per
910 1650 972 1707 tot
1011 1664 1127 1708 casus
1167 1649 1379 1728 expertum

227 1751 540 1818 -abalienavit
558 1753 722 1816 animos.
749 1750 802 1816 Sic
817 1750 929 1831 codex,
948 1750 1034 1816 unde
1052 1750 1105 1816 fit:
1129 1750 1316 1817 facinore
1340 1787 1381 1799 -

229 1860 417 1926 admisso.
463 1859 761 1940 (Weissenbornius
796 1861 1024 1940 commiss03
1058 1859 1215 1944 Grynaeus
1245 1860 1378 1926 aberra·

229 1968 346 2050 verat.)
371 1969 448 2034 Mox
472 1969 520 2051 (2)
538 1989 597 2051 pro
616 1967 927 2051 Oroandemque
952 1965 1184 2034 Cretensem
1207 1968 1381 2034 videndum

228 2098 269 2141 ne
293 2076 391 2141 scribi
415 2076 547 2143 debeat:
572 2075 796 2141 Oroandem
818 2077 957 2160 itaque
980 2074 1225 2143 Cretensem.

314 2182 391 2269 Gap.
424 2190 451 2264 7,
485 2190 503 2249 2
542 2207 608 2249 non
645 2183 855 2249 scribendum
888 2206 959 2249 esse
993 2192 1109 2250 tanta
1148 2186 1379 2266 multitudo,

230 2293 287 2359 sed
311 2294 400 2378 quod
422 2315 540 2377 reapse
563 2295 597 2357 iu
620 2292 732 2358 codice
757 2301 822 2370 est,
856 2299 1014 2357 tantum
1048 2292 1179 2373 (tantu
1212 2295 1325 2360 littera
1352 2315 1381 2357 ι

233 2401 332 2466 semel
367 2402 514 2486 scripta),
547 2399 757 2466 manifestum
785 2408 836 2464 est
869 2421 967 2481 quum
996 2422 1035 2465 ex
1064 2423 1100 2466 re
1136 2402 1224 2484 (nam
1259 2410 1292 2468 et
1325 2403 1383 2470 alii

189 2533 192 2541 ·
230 2531 297 2574 nou
319 2511 463 2575 minores
491 2511 653 2575 exercitus
677 2514 912 2573 concurrerant
939 2508 982 2572 ad
1004 2510 1194 2591 spectacula
1222 2518 1255 2576 et
1277 2512 1383 2577 multo

233 2618 338 2681 maior
359 2618 392 2682 in
427 2617 507 2683 urbe
541 2616 741 2696 multitudo),
770 2623 840 2680 tum
875 2635 913 2679 ex
948 2636 1001 2695 eo,
1031 2618 1136 2699 quod,
1172 2639 1244 2702 quae
1272 2619 1381 2685 Livius

230 2725 377 2803 subiicit,
401 2726 511 2791 omnia
533 2725 699 2809 pertinent
722 2722 763 2787 ad
788 2721 968 2806 spectaculi
991 2726 1249 2806 magnitudinem
1274 2728 1381 2793 decla-

231 2833 379 2898 randam.
425 2832 588 2917 §4quid
621 2852 720 2896 unum
754 2832 917 2896 sententia
945 2834 1145 2915 postularet,
1174 2835 1255 2900 vidit
1284 2828 1382 2901 homo

231 2941 398 3005 rarissime
431 2943 465 3005 in
494 2940 708 3007 coniectando
731 2937 823 3018 felix,
853 2939 1029 3006 Douiatius
1063 2942 1192 3023 (nullo
1222 2966 1381 3010 suorum

231 3049 311 3116 alio
346 3052 491 3116 comite
525 3069 633 3128 qm
667 3046 760 3134 qui.)
811 3047 931 3113 Omnes
970 3050 1027 3115 alii
1066 3053 1201 3117 comites
1241 3052 1380 3120 levaturi

255 3304 280 3372 ¹)
298 3304 435 3359 Extremo
462 3308 555 3377 capite
574 3304 601 3376 (ᾗ
623 3306 663 3370 12)
683 3303 810 3372 suspicor
834 3301 946 3356 Livium
963 3322 1021 3360 nou
1039 3304 1162 3362 infinite:
1191 3308 1299 3364 Huius
1327 3311 1380 3367 rei

299 3391 429 3445 crimen
455 3417 489 3428 -
516 3392 703 3450 avertitur.
730 3389 780 3442 sed
798 3387 930 3442 avertit
947 3392 1100 3462 scripsisse,
1120 3410 1205 3461 quum
1222 3399 1380 3465 prasertim

300 3476 472 3546 adiungatur
490 3476 525 3532 de
551 3476 649 3531 eodem
667 3476 783 3534 Perseo:
812 3478 974 3533 Ceterum
1000 3506 1035 3516 -
1061 3479 1284 3535 abalienavit.
1322 3481 1379 3537 Sea·

298 3562 413 3630 pissime
440 3562 602 3630 (quodiam
622 3581 751 3634 suprap.
772 3562 1007 3633 490significavi)
1034 3564 1177 3631 librarius,
1204 3567 1324 3622 maxime
1351 3568 1381 3622 in

298 3647 371 3700 libro
386 3645 469 3703 XLV.
489 3647 716 3704 terminationem
729 3651 869 3720 passivam
887 3649 980 3704 tertia
994 3650 1145 3704 verborum
1158 3668 1290 3719 personae
1307 3654 1381 3709 male

299 3731 409 3786 addidit
423 3731 533 3800 (XLIV,
553 3735 579 3798 8,
597 3735 613 3787 3
631 3735 868 3804 appellantur,
889 3737 913 3802 7,
932 3738 948 3788 4
966 3741 1131 3804 movetur,
1154 3740 1192 3798 17,
1212 3739 1228 3788 7
1246 3740 1379 3809 cogita·

299 3823 437 3884 rentur,
456 3819 498 3883 29,
516 3819 533 3870 b
551 3817 785 3888 fallebantur,
809 3819 893 3887 XLV,
914 3821 938 3886 2,
956 3824 973 3874 4
991 3820 1167 3889 ferentur,
1185 3825 1210 3890 3,
1229 3826 1245 3876 2
1264 3823 1380 3880 decre·

300 3904 409 3971 vitur,
429 3906 490 3970 4,4
517 3903 663 3974 legitur,
691 3907 751 3972 6,6
778 3906 978 3974 mittantur,
1005 3909 1031 3974 6,
1060 3910 1076 3960 4
1102 3909 1318 3977 pervenitur,
1348 3914 1378 3963 ll

299 3995 327 4042 et
347 3991 378 4042 12
396 3990 619 4058 repetitur-
637 3990 801 4059 sciretur,
820 3994 846 4059 7,
866 3994 883 4045 2
901 3996 931 4046 et
948 3993 964 4044 3
981 3991 1230 4047 occurritur-
1248 3992 1380 4051 efficie-

300 4074 414 4141 batur,
442 4077 468 4142 8,
491 4078 503 4127 l
523 4074 758 4129 adduceretur
777 4081 805 4131 et
822 4080 838 4130 5
856 4078 1043 4146 praebetur,
1072 4078 1098 4144 9,
1118 4080 1135 4131 3
1153 4080 1377 4135 numeraban-

300 4165 354 4211 tur
372 4168 399 4212 et
420 4160 459 4215 sic
479 4159 625 4230 deinceps3
652 4166 684 4214 ut
702 4159 868 4217 forantur
885 4161 978 4218 effecit
1001 4169 1029 4217 et
1053 4163 1261 4232 decrevitur,
1290 4166 1329 4219 sic
1352 4168 1377 4235 9,

299 4248 316 4297 4
334 4244 574 4314 continuitur).
