3008 4756
699 341 761 402 217
1179 355 1242 410 Lib.
1259 355 1309 411 IX

152 533 243 593 recte
266 527 332 591 dici
354 527 485 591 videtur
507 525 603 607 quasi
626 525 667 589 de
690 525 816 589 incerta
833 530 867 589 et
884 545 952 589 una
969 546 1008 589 ex
1025 525 1185 608 pluribus,
1209 549 1310 610 quum

154 657 256 700 unum
277 635 420 699 licentiae
443 652 544 715 genus
567 632 598 697 h.
621 631 643 696 l.
666 632 815 714 intellegi
836 633 956 716 possit,
986 653 1093 716 neque
1115 632 1150 698 hi
1172 634 1310 700 ablativi

155 765 233 826 qua
260 742 436 806 licentia
458 747 492 806 et
514 740 749 838 populando
773 740 896 824 optime
919 741 1017 805 coire.
1068 741 1202 821 Vereor,
1225 763 1267 807 ne
1291 763 1311 807 a

155 850 247 915 Livio
276 850 390 915 suerit:
426 850 460 914 si
494 869 571 931 qua
599 846 760 929 (adverb.)
798 847 970 912 licentia
997 849 1224 931 populandi
1252 849 1308 914 ef·

153 957 270 1023 lusus
299 957 509 1026 exercitus
538 963 599 1021 cet.
621 955 836 1020 Praedandi
863 954 1041 1021 licentia
1063 956 1184 1020 dicitur
1206 955 1310 1035 XXII,

155 1070 182 1144 3,
206 1069 241 1146 93
264 1065 308 1129 ad
330 1086 404 1130 eam
425 1064 581 1128 Romanis
603 1062 811 1146 praebendam
834 1063 1053 1145 pertinebant.
1078 1082 1152 1146 ques
1176 1085 1196 1127 a
1219 1063 1310 1129 Sam-

153 1172 278 1238 nitibus
302 1177 381 1237 acta
401 1178 591 1236 narrantur.
632 1169 702 1252 [Sic
724 1168 918 1251 Creverius]
958 1170 1073 1234 Altera
1094 1171 1128 1235 in
1151 1173 1309 1254 proximis

154 1278 184 1362 (ξ
220 1280 252 1361 7)
292 1279 436 1362 suspicio
471 1279 591 1357 oritur,
633 1297 706 1359 quae
741 1277 789 1340 sic
823 1276 1028 1340 scribuntur:
1068 1276 1309 1362 Transfugae
1339 1274 1341 1279 ’

154 1392 341 1468 agrestes
369 1391 408 1450 et
437 1385 593 1468 captivi
621 1384 798 1467 quidam,
828 1404 921 1466 pars
950 1383 1072 1462 sorte,
1101 1405 1195 1467 pars
1218 1406 1311 1450 con·

154 1493 250 1558 silio
280 1493 427 1572 oblati,
456 1492 730 1575 congruentia
759 1491 807 1555 ad
836 1490 1047 1556 consulem
1069 1491 1309 1558 adferentes

152 1636 196 1645 —
216 1600 553 1684 —perpulerunt
576 1604 637 1663 cet.
683 1597 746 1674 Qui
770 1598 811 1662 ad
834 1618 929 1662 usum
951 1600 1180 1681 pronominum
1202 1598 1310 1664 infini-

153 1715 264 1774 torum
286 1707 512 1786 attenderunt,
544 1706 702 1784 sentient,
731 1727 795 1770 non
823 1711 912 1770 recte
942 1706 1138 1788 quosdam
1161 1708 1309 1789 captivos

153 1814 184 1879 h.
209 1816 229 1879 l.
259 1815 436 1898 appellari,
472 1815 568 1896 qnasi
602 1818 711 1878 certos
745 1834 784 1877 ex
817 1813 942 1879 maiore
975 1835 1126 1893 numero;
1159 1815 1308 1879 universe

153 1923 359 2005 captivorum
389 1928 422 1987 et
443 1921 691 2004 transfugarum
715 1920 749 1984 id
772 1920 929 1985 indicium
951 1920 1052 1986 fuisse
1075 1921 1184 1987 Livius
1208 1922 1309 2004 signi·

152 2030 238 2095 ficat.
294 2030 343 2095 Ne
370 2036 462 2094 recto
485 2029 618 2112 quidem
640 2028 712 2093 loco
736 2049 914 2110 pronomen
943 2029 1090 2111 ponitur,
1125 2029 1153 2093 si
1176 2029 1309 2112 quidem

153 2159 220 2203 non
248 2138 356 2202 minus
384 2137 428 2202 ad
451 2134 641 2217 transfugas
664 2155 765 2218 quam
786 2135 830 2199 ad
851 2135 999 2217 captivos
1021 2137 1187 2218 pertinere
1211 2136 1310 2201 debet

154 2242 392 2326 (transfugae
422 2243 584 2326 quidam
612 2248 795 2324 agrestes
818 2249 858 2306 et
880 2243 1059 2325 captivi).
1115 2243 1234 2325 ltaque
1255 2243 1309 2306 vix

155 2351 291 2416 dubium
324 2358 390 2431 est,
424 2352 505 2433 quin
538 2350 648 2414 Livius
682 2350 867 2432 scripserit:
902 2357 948 2414 tr.
974 2370 1052 2432 agr.
1076 2355 1119 2415 et
1141 2350 1308 2433 captivi,

156 2459 323 2541 quidam
345 2458 471 2538 forte,
504 2479 600 2541 pars
624 2457 798 2522 consilio
822 2457 968 2536 oblati,
1001 2458 1173 2522 notissimo
1196 2458 1309 2521 distri·

153 2563 276 2630 buendi
304 2587 437 2648 genere,
471 2587 536 2649 qno
570 2566 675 2648 partis
712 2564 907 2646 significatio
935 2567 1096 2643 variatur,
1130 2564 1165 2629 id
1194 2571 1305 2629 autem
1323 2572 1395 2639 (183)

151 2672 388 2755 interpolatum
411 2674 455 2738 sit
477 2673 581 2738 altero
604 2673 719 2737 addito
742 2694 844 2756 pars.
891 2672 1049 2737 Similiter
1071 2672 1234 2751 XXXVII,
1258 2676 1309 2752 42,

152 2783 171 2841 2
194 2780 229 2843 in
257 2780 490 2846 distributione
520 2779 629 2845 verbis
652 2781 781 2845 variata
803 2788 948 2845 erratum
969 2780 1163 2844 videbimus.
1219 2778 1308 2861 [Tol-

150 2886 284 2950 lendum
307 2908 401 2970 pars
424 2889 490 2952 iam
513 2908 542 2951 a.
570 2891 650 2951 1853
674 2887 926 2952 Muehlmannus
948 2886 1137 2969 iudicarat]

236 2992 314 3076 Cap.
330 2998 379 3073 32,
406 2999 461 3058 10:
484 2995 581 3059 Post
603 3015 792 3059 occasum
816 2994 919 3058 solis
942 2995 1097 3076 signum
1120 2995 1307 3078 receptui

150 3098 288 3163 datum
322 3106 398 3178 est3
431 3108 551 3165 nocte
585 3101 632 3164 ab
666 3108 839 3183 utroque
873 3101 913 3163 in
946 3107 1086 3165 castra
1122 3101 1307 3166 reditum.

150 3203 240 3269 Scire
264 3205 369 3283 velim,
393 3225 457 3288 quo
479 3207 642 3271 referatur
663 3211 837 3289 utroque
860 3227 1057 3289 pronomen3
1080 3228 1155 3271 nam
1179 3208 1309 3272 etiamsi

149 3313 336 3376 Romanum
372 3318 407 3377 et
439 3313 618 3377 Etruscum
651 3312 762 3376 Livius
803 3333 905 3395 supra
938 3313 1089 3392 dixisset,
1129 3321 1241 3378 tamen
1273 3314 1308 3378 in

147 3420 341 3483 narratione
383 3420 608 3484 continuanda
647 3419 784 3483 dixisset
818 3419 866 3483 ab
899 3419 1096 3503 utrisque,
1130 3428 1167 3484 ut
1204 3421 1305 3485 scribi

147 3527 279 3593 volebat
304 3524 495 3606 Creverius3
531 3526 589 3591 sed
616 3525 698 3590 nihil
728 3526 796 3591 tale
820 3526 918 3605 dixit3
951 3523 1055 3592 multo
1078 3529 1186 3592 minus
1209 3527 1308 3593 duces

145 3634 297 3716 intellegi
315 3640 462 3717 possunt,
485 3634 542 3716 qui
561 3632 603 3698 ab
621 3634 836 3698 Etruscorum
858 3639 953 3717 parte
978 3635 1109 3698 omnino
1132 3633 1308 3716 significati

145 3762 210 3807 non
248 3747 333 3806 sunt.
380 3740 527 3819 ¹Vereor,
572 3761 613 3805 ne
640 3742 751 3806 Livius
787 3742 957 3824 scripserit
990 3747 1134 3807 tantum:
1179 3740 1308 3806 Nocte

144 3856 319 3931 utroque
342 3849 383 3912 in
407 3853 553 3927 castra,
575 3848 607 3911 h.
632 3869 669 3928 e,
693 3850 727 3913 in
749 3856 965 3930 utrorumque
989 3855 1109 3913 castra.
1154 3846 1279 3929 (1875.)
1408 3852 1412 3863 ‘

228 3954 308 4038 (lap.
334 3959 384 4035 33,
408 3960 442 4019 6:
479 3955 588 4020 Mam.
612 3955 818 4021 AEmilium
839 3992 892 4035 —‚
921 3958 989 4040 qui
1019 3957 1308 4039 quinquenne.

141 4062 216 4128 lem
250 4070 341 4128 ante
380 4084 595 4128 censuram
629 4069 668 4128 et
705 4064 1020 4147 longinquitate
1054 4069 1308 4146 potestatem

141 4169 415 4236 dominantem
447 4171 560 4235 intra
593 4191 661 4235 sex
695 4192 873 4236 mensum
910 4180 948 4236 et
975 4172 1071 4236 anni
1100 4172 1309 4253 coegisset
