3060 5272
785 304 848 365 242

241 486 316 551 dam
338 493 450 570 partes
473 488 662 571 excipimus,
684 492 847 572 perpetua
868 488 1000 567 utimur,
1034 488 1067 551 in
1090 488 1259 572 prioribus
1282 494 1397 557 autem

239 593 334 659 libris
358 596 468 660 omnia
489 594 669 678 dirigimus.
704 595 787 660 Nam
810 596 915 661 codex
936 594 992 660 ille
1016 595 1127 660 deeem
1149 595 1269 662 borum
1293 596 1397 664 libro·

239 723 328 781 rum,
356 704 414 786 qui
441 702 520 769 olim
542 700 671 767 Claudii
692 702 832 768 Puteani
860 702 924 768 fuit
952 709 986 768 et
1013 702 1054 768 ab
1083 704 1153 769 eius
1174 704 1306 770 nomine
1327 705 1398 771 sive

238 808 425 875 Puteaneus
462 811 529 875 sive
563 809 731 876 Puteanus
759 809 1003 895 appellatur¹)‚
1038 817 1187 877 servatur
1219 819 1333 878 autem
1360 813 1396 877 in

237 916 439 983 bibliotheca
465 917 658 997 Parisiensi‚
687 939 753 982 non
782 918 888 983 solum
917 919 1114 1002 antiquitate
1141 925 1268 985 eeteros
1296 919 1398 987 huius

239 1024 372 1089 decadis
395 1025 525 1090 codices
547 1031 691 1109 superat,
713 1032 751 1091 ut
773 1025 909 1106 videtur,
932 1027 1031 1091 etiam
1047 1026 1139 1091 illum
1158 1028 1193 1092 in
1209 1028 1395 1110 posteriore

238 1138 334 1215 parte
357 1132 511 1198 aemulum
534 1132 608 1215 (nee
624 1132 722 1197 huius
739 1132 838 1198 modo
858 1132 1000 1215 decadis,
1023 1133 1090 1214 sed,
1114 1140 1252 1219 excepto
1269 1136 1397 1219 quintae

238 1239 485 1306 vindobonensi
519 1248 552 1306 et
585 1240 728 1306 fortasse
761 1239 953 1321 Moguntino
995 1247 1139 1325 quartae,
1183 1243 1283 1307 etiam
1315 1243 1394 1308 reli-

238 1368 393 1431 quarum3
421 1354 557 1431 putatur
579 1349 664 1412 enim
687 1346 805 1412 saeculo
830 1353 945 1413 octavo
967 1349 1101 1413 ineunte
1124 1349 1268 1433 scriptus
1293 1349 1394 1433 esse),

239 1454 298 1519 sed
332 1456 380 1520 ita
413 1456 447 1519 in
478 1456 588 1539 priore
621 1461 716 1539 parte
752 1476 866 1520 omnes
899 1455 1053 1539 reliquos,
1085 1456 1119 1520 in
1153 1456 1260 1522 altera
1291 1456 1392 1541 longe

237 1562 396 1646 plurimos
430 1562 493 1626 sibi
527 1562 701 1626 adiunctos
733 1561 849 1637 habet,
889 1570 927 1628 ut
960 1570 1031 1644 aut,
1071 1563 1162 1647 quod
1193 1562 1291 1649 longe
1323 1566 1395 1631 seri

239 1670 379 1734 similius
410 1677 474 1748 est,
505 1691 545 1734 ex
573 1668 630 1733 illo
658 1671 731 1752 ipso
761 1676 820 1735 aut
847 1692 887 1734 ex
916 1670 1014 1754 plane
1042 1670 1182 1754 gemello
1206 1671 1297 1737 ducti
1319 1693 1394 1738 esse

153 1792 222 1861 (200)
241 1776 417 1841 videantur
443 1798 505 1841 nec
532 1776 574 1841 ab
604 1798 642 1842 eo
671 1777 736 1841 nisi
763 1777 928 1843 erroribus
956 1778 1048 1842 novis
1078 1784 1136 1842 aut
1162 1778 1395 1863 interpolatio·

239 1883 336 1949 nibus
365 1890 399 1948 et
427 1885 626 1949 coniecturis
655 1883 832 1965 (interdum
860 1884 956 1950 bonis
985 1890 1019 1950 et
1047 1886 1146 1950 rectis
1168 1886 1202 1949 in
1224 1886 1324 1953 rebus
1345 1885 1394 1954 fa·

238 1991 355 2056 eilibus
390 1997 424 2057 et
456 1990 579 2076 parvis)
611 1990 752 2057 differre.
811 1990 908 2058 Certe
936 2014 1002 2058 non
1029 1993 1160 2057 memini
1190 1991 1293 2059 ullum
1320 2014 1396 2061 esse

238 2101 271 2164 in
299 2101 442 2183 quinque
472 2099 639 2183 prioribus
666 2099 760 2165 libris
787 2100 911 2180 locum,
939 2100 997 2165 ubi
1026 2101 1165 2184 vestigia
1192 2101 1329 2168 verioris
1358 2108 1395 2169 et

237 2209 436 2291 antiquioris
464 2208 636 2291 scripturae
663 2208 697 2271 in
725 2229 764 2273 oo
795 2208 973 2273 obscurata
1001 2208 1105 2273 sicin
1127 2207 1201 2274 aliis
1224 2215 1397 2292 emergant

236 2316 374 2400 propria
395 2313 517 2393 forma,
551 2320 588 2379 ut
616 2336 655 2379 ex
679 2316 792 2381 codiee
816 2316 915 2380 simili
938 2316 995 2381 illo
1019 2316 1166 2398 quidem,
1199 2317 1256 2382 sed
1279 2324 1393 2384 tamen

236 2445 302 2487 non
324 2423 442 2487 iisdem
466 2443 595 2506 semper
616 2422 699 2488 loeis
721 2444 782 2487 neo
804 2423 918 2488 eodem
941 2423 1039 2489 modo
1063 2423 1238 2490 aberrante
1262 2432 1395 2490 servata

237 2551 308 2594 esse
336 2528 509 2612 probabile
537 2531 594 2610 sit;
629 2536 809 2612 contraque
839 2532 1047 2614 apertissime
1077 2552 1189 2597 omnes
1217 2551 1238 2595 a
1264 2531 1394 2597 mendis

237 2637 397 2702 Puteanei
415 2636 603 2720 pendentl)
631 2637 681 2701 Ea
704 2638 890 2703 coniunctio
909 2636 995 2723 (quae
1019 2640 1148 2719 eminet,
1171 2645 1209 2704 ut
1224 2638 1287 2704 hoe
1303 2644 1393 2719 utar,

237 2746 270 2807 in
291 2744 348 2807 lib.
372 2744 465 2807 XXII
488 2765 514 2808 o.
540 2747 595 2824 32,
624 2744 711 2826 quod
740 2746 850 2809 omnia
872 2766 925 2826 ea,
954 2768 1025 2830 quse
1053 2768 1140 2812 nuno
1167 2747 1243 2811 inde
1272 2746 1315 2812 ab
1338 2747 1390 2813 ed.

266 2970 288 3033 ¹)
306 2968 515 3024 Puteaneum
540 2969 692 3038 superioris
716 2971 808 3024 aetatis
831 2971 970 3041 philologi
988 2971 1182 3040 appellarunt,
1214 2971 1346 3025 adieetivi
1375 2989 1393 3027 a

305 3055 420 3110 nomine
441 3055 556 3124 proprio
582 3055 660 3109 dueti
682 3054 772 3110 forma
793 3073 850 3111 non
873 3074 941 3113 sane
963 3057 1019 3112 nisi
1042 3056 1135 3126 poetis
1157 3056 1275 3123 usitata3
1302 3074 1394 3127 nuper

304 3141 490 3195 Puteanum
514 3142 657 3211 appellare
679 3148 845 3211 coeperunt;
877 3143 926 3197 sed
948 3143 1010 3196 haee
1033 3158 1144 3210 qnoque
1167 3141 1318 3197 menelotio
1340 3158 1391 3198 ne·

303 3227 387 3280 minis
414 3226 545 3282 adiectivi
570 3227 661 3282 forma
686 3226 745 3282 fieti
768 3230 803 3283 ab
826 3229 887 3299 ipso
909 3228 1023 3283 homine
1046 3227 1081 3281 ad
1104 3245 1164 3283 rem
1189 3245 1252 3282 cnm
1275 3227 1391 3283 bomine

304 3313 481 3367 coniunctam
504 3312 750 3381 (quemadmodum
778 3314 920 3369 colonia
941 3312 1092 3367 Traiana
1119 3312 1233 3381 dieitur)
1256 3330 1323 3367 rara
1345 3318 1391 3369 est

303 3401 332 3451 et
349 3397 489 3451 inferioris
508 3399 615 3465 aetatis;
634 3399 730 3468 itaquo
748 3416 806 3454 non
819 3399 917 3468 putavi
930 3398 1003 3453 tanti
1018 3414 1079 3452 esse
1094 3397 1129 3451 ab
1142 3396 1184 3452 Io.
1194 3397 1240 3451 Fr.
1251 3396 1388 3453 Gronovii

303 3483 492 3552 appellatione
510 3483 662 3550 discedere,
681 3484 733 3539 etsi
747 3482 941 3541 Alschefskius
959 3482 1023 3551 (vol.
1039 3480 1087 3536 III
1104 3482 1183 3552 praef.
1199 3501 1226 3553 p.
1239 3482 1276 3552 X)
1292 3488 1391 3539 narrat

303 3568 445 3622 Parisinus
458 3568 533 3622 hunc
547 3569 673 3623 codicem
681 3569 838 3624 Puteanum
851 3570 946 3625 vocari
959 3568 1090 3635 voluisse,
1106 3568 1390 3638 eeterosl'uteaneos,

302 3653 396 3707 neseio
415 3670 470 3720 quo
489 3653 559 3707 lusu.

262 3738 286 3805 ²)
305 3737 466 3807 [Probabile
484 3756 551 3793 sane
569 3743 621 3806 est,
639 3754 687 3792 eos
705 3739 825 3807 codices,
844 3740 892 3808 qui
911 3740 940 3793 in
958 3739 1161 3808 posterioribus
1179 3739 1260 3793 libris
1279 3738 1390 3809 origine

301 3842 363 3879 oum
383 3823 454 3894 Spir.
473 3824 617 3879 coniuncti
640 3829 720 3892 sunt,
748 3824 832 3878 etiam
853 3824 884 3879 in
906 3824 1001 3893 priore
1025 3829 1106 3894 parte
1132 3826 1271 3894 separatae
1289 3840 1306 3877 a
1323 3822 1387 3877 Put

302 3910 418 3979 originis
437 3926 505 3965 esse.
545 3908 602 3963 Sed
619 3926 654 3962 ex
671 3908 728 3964 illis
747 3909 839 3977 codd,
857 3910 905 3978 qui
924 3910 1038 3964 omnino
1056 3910 1140 3981 panei
1158 3915 1232 3976 sunt,
1250 3909 1298 3963 vix
1315 3926 1389 3964 unus

301 4000 350 4050 ant
376 3995 449 4049 alter
467 3994 655 4062 (Harlsianus)
678 3995 799 4050 collatus
822 3995 1003 4064 neglegenter
1020 4001 1076 4064 est,
1103 3999 1270 4065 tantumque
1288 4010 1387 4049 omnes

302 4100 337 4137 ex
359 4081 454 4149 stirpis
474 4098 490 4134 a
506 4081 570 4135 Put.
590 4085 661 4134 ortae
683 4080 792 4135 mendis
811 4085 839 4134 et
856 4080 1122 4151 interpolationibus
1141 4084 1333 4150 sumpserunt,
1356 4084 1389 4135 ut

300 4166 371 4221 nibil
389 4166 504 4220 omnino
522 4165 592 4219 certi
611 4182 644 4221 ae
663 4167 772 4235 proprii
790 4166 945 4222 testimonii
963 4166 1010 4222 hie
1029 4165 1129 4221 saltem
1147 4163 1257 4235 restet]
