<?xml version="1.0" encoding="UTF-8"?>
<!DOCTYPE html PUBLIC "-//W3C//DTD XHTML 1.0 Transitional//EN"
    "http://www.w3.org/TR/xhtml1/DTD/xhtml1-transitional.dtd">
<html xmlns="http://www.w3.org/1999/xhtml" xml:lang="en" lang="en">
 <head>
  <title>
</title>
<meta http-equiv="Content-Type" content="text/html;charset=utf-8" />
  <meta name='ocr-system' content='tesseract 3.04.00' />
  <meta name='ocr-capabilities' content='ocr_page ocr_carea ocr_par ocr_line ocrx_word'/>
</head>
<body>
  <div class='ocr_page' id='page_1' title='image "./emendationesliv01madvgoog_0585.png"; bbox 0 0 3060 5272; ppageno 0'>
   <div class='ocr_carea' id='block_1_1' title="bbox 240 306 846 372">
    <p class='ocr_par' dir='ltr' id='par_1_1' title="bbox 240 306 846 372">
     <span class='ocr_line' id='line_1_1' title="bbox 240 306 846 372; baseline -0.01 0"><span class='ocrx_word' id='word_1_1' title='bbox 240 318 302 372; x_wconf 88' lang='lat' dir='ltr'><strong>Lib.</strong></span> <span class='ocrx_word' id='word_1_2' title='bbox 321 316 380 371; x_wconf 80' lang='lat' dir='ltr'>XL.</span> <span class='ocrx_word' id='word_1_3' title='bbox 785 306 846 367; x_wconf 81' lang='lat'>568</span> 
     </span>
    </p>
   </div>
   <div class='ocr_carea' id='block_1_2' title="bbox 154 486 1406 4247">
    <p class='ocr_par' dir='ltr' id='par_1_2' title="bbox 239 486 1406 1219">
     <span class='ocr_line' id='line_1_2' title="bbox 239 486 1406 573; baseline 0.002 -20"><span class='ocrx_word' id='word_1_4' title='bbox 239 489 317 553; x_wconf 92' lang='lat' dir='ltr'>rint.</span> <span class='ocrx_word' id='word_1_5' title='bbox 364 486 579 553; x_wconf 82' lang='lat' dir='ltr'>Scribendum</span> <span class='ocrx_word' id='word_1_6' title='bbox 611 490 713 573; x_wconf 85' lang='lat' dir='ltr'>igitur</span> <span class='ocrx_word' id='word_1_7' title='bbox 746 490 933 554; x_wconf 89' lang='lat' dir='ltr'>necessario</span> <span class='ocrx_word' id='word_1_8' title='bbox 956 496 1021 554; x_wconf 86' lang='lat' dir='ltr'>est:</span> <span class='ocrx_word' id='word_1_9' title='bbox 1056 510 1125 573; x_wconf 90' lang='lat' dir='ltr'>per</span> <span class='ocrx_word' id='word_1_10' title='bbox 1152 490 1406 573; x_wconf 77' lang='lat' dir='ltr'>quaomnia</span> 
     </span>
     <span class='ocr_line' id='line_1_3' title="bbox 242 594 1405 679; baseline -0.003 -17"><span class='ocrx_word' id='word_1_11' title='bbox 242 618 282 662; x_wconf 90' lang='lat' dir='ltr'>se</span> <span class='ocrx_word' id='word_1_12' title='bbox 306 596 403 660; x_wconf 91' lang='lat' dir='ltr'>mihi</span> <span class='ocrx_word' id='word_1_13' title='bbox 425 617 561 679; x_wconf 90' lang='lat' dir='ltr'>parem</span> <span class='ocrx_word' id='word_1_14' title='bbox 583 597 622 661; x_wconf 93' lang='lat' dir='ltr'>in</span> <span class='ocrx_word' id='word_1_15' title='bbox 646 598 869 662; x_wconf 83' lang='lat' dir='ltr'>certamine</span> <span class='ocrx_word' id='word_1_16' title='bbox 900 618 977 662; x_wconf 89' lang='lat' dir='ltr'>non</span> <span class='ocrx_word' id='word_1_17' title='bbox 1006 595 1190 661; x_wconf 91' lang='lat' dir='ltr'>futurum</span> <span class='ocrx_word' id='word_1_18' title='bbox 1217 594 1405 660; x_wconf 74' lang='lat' dir='ltr'>crodide-</span> 
     </span>
     <span class='ocr_line' id='line_1_4' title="bbox 240 702 1400 789; baseline 0.003 -23"><span class='ocrx_word' id='word_1_19' title='bbox 240 704 318 768; x_wconf 75' lang='lat' dir='ltr'>rln.</span> <span class='ocrx_word' id='word_1_20' title='bbox 363 704 437 770; x_wconf 90' lang='lat' dir='ltr'>Nou</span> <span class='ocrx_word' id='word_1_21' title='bbox 459 704 629 769; x_wconf 90' lang='lat' dir='ltr'>intellecta</span> <span class='ocrx_word' id='word_1_22' title='bbox 656 706 835 783; x_wconf 89' lang='lat' dir='ltr'>sententia,</span> <span class='ocrx_word' id='word_1_23' title='bbox 864 716 999 789; x_wconf 85' lang='lat' dir='ltr'>propter</span> <span class='ocrx_word' id='word_1_24' title='bbox 1022 726 1203 788; x_wconf 86' lang='lat' dir='ltr'><strong>pronomen</strong></span> <span class='ocrx_word' id='word_1_25' title='bbox 1226 725 1269 770; x_wconf 87' lang='lat' dir='ltr'>se</span> <span class='ocrx_word' id='word_1_26' title='bbox 1291 702 1400 787; x_wconf 88' lang='lat' dir='ltr'>(quod</span> 
     </span>
     <span class='ocr_line' id='line_1_5' title="bbox 241 811 1405 896; baseline -0.001 -18"><span class='ocrx_word' id='word_1_27' title='bbox 241 834 281 878; x_wconf 81' lang='lat' dir='ltr'>cx</span> <span class='ocrx_word' id='word_1_28' title='bbox 304 813 462 878; x_wconf 86' lang='lat' dir='ltr'>orationis</span> <span class='ocrx_word' id='word_1_29' title='bbox 486 811 628 895; x_wconf 72' lang='lat' dir='ltr'>obliquae</span> <span class='ocrx_word' id='word_1_30' title='bbox 650 812 721 895; x_wconf 84' lang='lat' dir='ltr'>lege</span> <span class='ocrx_word' id='word_1_31' title='bbox 744 812 892 895; x_wconf 85' lang='lat' dir='ltr'>pouitur)</span> <span class='ocrx_word' id='word_1_32' title='bbox 915 812 1006 877; x_wconf 81' lang='lat' dir='ltr'>rerbi</span> <span class='ocrx_word' id='word_1_33' title='bbox 1023 832 1166 896; x_wconf 87' lang='lat' dir='ltr'>persona</span> <span class='ocrx_word' id='word_1_34' title='bbox 1181 818 1310 877; x_wconf 86' lang='lat' dir='ltr'>mutata</span> <span class='ocrx_word' id='word_1_35' title='bbox 1332 818 1405 877; x_wconf 86' lang='lat' dir='ltr'>ast..</span> 
     </span>
     <span class='ocr_line' id='line_1_6' title="bbox 241 919 1405 1005; baseline -0.001 -19"><span class='ocrx_word' id='word_1_36' title='bbox 241 919 316 1005; x_wconf 88' lang='lat' dir='ltr'>[Vel</span> <span class='ocrx_word' id='word_1_37' title='bbox 338 919 521 1004; x_wconf 63' lang='lat' dir='ltr'>perfectum</span> <span class='ocrx_word' id='word_1_38' title='bbox 544 926 674 1002; x_wconf 88' lang='lat' dir='ltr'>tempus</span> <span class='ocrx_word' id='word_1_39' title='bbox 702 919 793 984; x_wconf 83' lang='lat' dir='ltr'>verbi</span> <span class='ocrx_word' id='word_1_40' title='bbox 823 921 902 984; x_wconf 84' lang='lat' dir='ltr'>satis</span> <span class='ocrx_word' id='word_1_41' title='bbox 931 920 1134 984; x_wconf 87' lang='lat' dir='ltr'>demonstrat</span> <span class='ocrx_word' id='word_1_42' title='bbox 1163 919 1204 984; x_wconf 88' lang='lat' dir='ltr'>de</span> <span class='ocrx_word' id='word_1_43' title='bbox 1225 919 1405 985; x_wconf 85' lang='lat' dir='ltr'>Demetrio-</span> 
     </span>
     <span class='ocr_line' id='line_1_7' title="bbox 239 1026 1405 1110; baseline -0.004 -15"><span class='ocrx_word' id='word_1_44' title='bbox 239 1031 303 1096; x_wconf 90' lang='lat' dir='ltr'>hoc</span> <span class='ocrx_word' id='word_1_45' title='bbox 338 1029 417 1107; x_wconf 92' lang='lat' dir='ltr'>dici,</span> <span class='ocrx_word' id='word_1_46' title='bbox 445 1029 501 1109; x_wconf 90' lang='lat' dir='ltr'>qui</span> <span class='ocrx_word' id='word_1_47' title='bbox 535 1047 626 1110; x_wconf 91' lang='lat' dir='ltr'>spem</span> <span class='ocrx_word' id='word_1_48' title='bbox 655 1029 857 1110; x_wconf 82' lang='lat' dir='ltr'>conceperit,</span> <span class='ocrx_word' id='word_1_49' title='bbox 892 1048 957 1091; x_wconf 91' lang='lat' dir='ltr'>non</span> <span class='ocrx_word' id='word_1_50' title='bbox 986 1027 1026 1091; x_wconf 88' lang='lat' dir='ltr'>dc</span> <span class='ocrx_word' id='word_1_51' title='bbox 1055 1026 1191 1103; x_wconf 85' lang='lat' dir='ltr'>Perseo,</span> <span class='ocrx_word' id='word_1_52' title='bbox 1225 1027 1281 1110; x_wconf 93' lang='lat' dir='ltr'>qui</span> <span class='ocrx_word' id='word_1_53' title='bbox 1308 1046 1405 1091; x_wconf 80' lang='lat' dir='ltr'>nunc</span> 
     </span>
     <span class='ocr_line' id='line_1_8' title="bbox 240 1136 378 1219; baseline -0.014 -16"><span class='ocrx_word' id='word_1_54' title='bbox 240 1136 378 1219; x_wconf 83' lang='lat' dir='ltr'>credat]</span> 
     </span>
    </p>

    <p class='ocr_par' dir='ltr' id='par_1_3' title="bbox 240 1239 1404 1861">
     <span class='ocr_line' id='line_1_9' title="bbox 327 1239 1403 1326; baseline -0.004 -17"><span class='ocrx_word' id='word_1_55' title='bbox 327 1243 405 1326; x_wconf 87' lang='lat' dir='ltr'>Cap.</span> <span class='ocrx_word' id='word_1_56' title='bbox 432 1246 479 1321; x_wconf 87' lang='lat'>13,</span> <span class='ocrx_word' id='word_1_57' title='bbox 505 1247 520 1304; x_wconf 93' lang='grc'><strong>1</strong></span> <span class='ocrx_word' id='word_1_58' title='bbox 547 1248 579 1306; x_wconf 88' lang='lat' dir='ltr'>et</span> <span class='ocrx_word' id='word_1_59' title='bbox 603 1247 620 1305; x_wconf 74' lang='lat'>2</span> <span class='ocrx_word' id='word_1_60' title='bbox 645 1242 693 1324; x_wconf 87' lang='lat' dir='ltr'>(in</span> <span class='ocrx_word' id='word_1_61' title='bbox 722 1242 835 1307; x_wconf 88' lang='lat' dir='ltr'>eadem</span> <span class='ocrx_word' id='word_1_62' title='bbox 865 1242 1024 1306; x_wconf 85' lang='lat' dir='ltr'>Demetrii</span> <span class='ocrx_word' id='word_1_63' title='bbox 1051 1241 1228 1321; x_wconf 84' lang='lat' dir='ltr'>oratione):</span> <span class='ocrx_word' id='word_1_64' title='bbox 1261 1239 1403 1305; x_wconf 84' lang='lat' dir='ltr'>Pluri-</span> 
     </span>
     <span class='ocr_line' id='line_1_10' title="bbox 240 1348 1404 1433; baseline -0.007 -13"><span class='ocrx_word' id='word_1_65' title='bbox 240 1355 313 1420; x_wconf 89' lang='lat' dir='ltr'>bus</span> <span class='ocrx_word' id='word_1_66' title='bbox 336 1352 464 1418; x_wconf 90' lang='lat' dir='ltr'>modis</span> <span class='ocrx_word' id='word_1_67' title='bbox 488 1372 528 1414; x_wconf 89' lang='lat' dir='ltr'>se</span> <span class='ocrx_word' id='word_1_68' title='bbox 551 1351 724 1433; x_wconf 88' lang='lat' dir='ltr'>petitum</span> <span class='ocrx_word' id='word_1_69' title='bbox 747 1350 992 1414; x_wconf 82' lang='lat' dir='ltr'>criminatus</span> <span class='ocrx_word' id='word_1_70' title='bbox 1016 1356 1090 1419; x_wconf 83' lang='lat' dir='ltr'>est,</span> <span class='ocrx_word' id='word_1_71' title='bbox 1118 1354 1156 1413; x_wconf 91' lang='lat' dir='ltr'>et</span> <span class='ocrx_word' id='word_1_72' title='bbox 1180 1367 1316 1412; x_wconf 87' lang='lat' dir='ltr'>omnes</span> <span class='ocrx_word' id='word_1_73' title='bbox 1338 1348 1404 1412; x_wconf 89' lang='lat' dir='ltr'>in-</span> 
     </span>
     <span class='ocr_line' id='line_1_11' title="bbox 241 1456 1401 1526; baseline -0.004 -1"><span class='ocrx_word' id='word_1_74' title='bbox 241 1461 442 1526; x_wconf 88' lang='lat' dir='ltr'>sidiarum</span> <span class='ocrx_word' id='word_1_75' title='bbox 465 1459 552 1522; x_wconf 83' lang='lat' dir='ltr'>vias</span> <span class='ocrx_word' id='word_1_76' title='bbox 575 1459 608 1520; x_wconf 92' lang='lat' dir='ltr'>in</span> <span class='ocrx_word' id='word_1_77' title='bbox 632 1478 750 1520; x_wconf 91' lang='lat' dir='ltr'>unum</span> <span class='ocrx_word' id='word_1_78' title='bbox 774 1457 876 1521; x_wconf 87' lang='lat' dir='ltr'>diem</span> <span class='ocrx_word' id='word_1_79' title='bbox 900 1456 1089 1521; x_wconf 86' lang='lat' dir='ltr'>cont-ulit.</span> <span class='ocrx_word' id='word_1_80' title='bbox 1119 1456 1241 1520; x_wconf 91' lang='lat' dir='ltr'>Volui</span> <span class='ocrx_word' id='word_1_81' title='bbox 1265 1456 1401 1520; x_wconf 89' lang='lat' dir='ltr'>inter·</span> 
     </span>
     <span class='ocr_line' id='line_1_12' title="bbox 241 1563 1399 1648; baseline -0.003 -17"><span class='ocrx_word' id='word_1_82' title='bbox 241 1568 309 1632; x_wconf 87' lang='lat' dir='ltr'>diu</span> <span class='ocrx_word' id='word_1_83' title='bbox 333 1587 420 1631; x_wconf 87' lang='lat' dir='ltr'>eum</span> <span class='ocrx_word' id='word_1_84' title='bbox 443 1572 536 1648; x_wconf 90' lang='lat' dir='ltr'>post</span> <span class='ocrx_word' id='word_1_85' title='bbox 559 1563 866 1642; x_wconf 86' lang='lat' dir='ltr'>lustrationem,</span> <span class='ocrx_word' id='word_1_86' title='bbox 890 1585 1006 1645; x_wconf 93' lang='lat' dir='ltr'>quum</span> <span class='ocrx_word' id='word_1_87' title='bbox 1037 1565 1334 1641; x_wconf 88' lang='lat' dir='ltr'>concurrimus,</span> <span class='ocrx_word' id='word_1_88' title='bbox 1356 1568 1399 1627; x_wconf 86' lang='lat' dir='ltr'>et</span> 
     </span>
     <span class='ocr_line' id='line_1_13' title="bbox 241 1670 1398 1756; baseline -0.002 -19"><span class='ocrx_word' id='word_1_89' title='bbox 241 1673 412 1756; x_wconf 90' lang='lat' dir='ltr'>quidem,</span> <span class='ocrx_word' id='word_1_90' title='bbox 436 1674 469 1736; x_wconf 90' lang='lat' dir='ltr'>si</span> <span class='ocrx_word' id='word_1_91' title='bbox 493 1673 573 1737; x_wconf 89' lang='lat' dir='ltr'>diis</span> <span class='ocrx_word' id='word_1_92' title='bbox 597 1672 744 1755; x_wconf 88' lang='lat' dir='ltr'>placet,</span> <span class='ocrx_word' id='word_1_93' title='bbox 767 1671 1065 1735; x_wconf 82' lang='lat' dir='ltr'>lustrationum</span> <span class='ocrx_word' id='word_1_94' title='bbox 1095 1671 1160 1735; x_wconf 85' lang='lat' dir='ltr'>die</span> <span class='ocrx_word' id='word_1_95' title='bbox 1183 1670 1398 1750; x_wconf 77' lang='lat' dir='ltr'>occider03</span> 
     </span>
     <span class='ocr_line' id='line_1_14' title="bbox 240 1776 1402 1861; baseline -0.002 -16"><span class='ocrx_word' id='word_1_96' title='bbox 240 1781 359 1860; x_wconf 80' lang='lat' dir='ltr'>volui,</span> <span class='ocrx_word' id='word_1_97' title='bbox 393 1801 510 1861; x_wconf 90' lang='lat' dir='ltr'>quum</span> <span class='ocrx_word' id='word_1_98' title='bbox 545 1781 593 1843; x_wconf 93' lang='lat' dir='ltr'>ad</span> <span class='ocrx_word' id='word_1_99' title='bbox 627 1800 789 1845; x_wconf 90' lang='lat' dir='ltr'>coenam</span> <span class='ocrx_word' id='word_1_100' title='bbox 823 1780 1009 1857; x_wconf 81' lang='lat' dir='ltr'>invitari,</span> <span class='ocrx_word' id='word_1_101' title='bbox 1044 1799 1194 1843; x_wconf 85' lang='lat' dir='ltr'>ueneno</span> <span class='ocrx_word' id='word_1_102' title='bbox 1230 1776 1402 1843; x_wconf 86' lang='lat' dir='ltr'>scilicet</span> 
     </span>
    </p>

    <p class='ocr_par' dir='ltr' id='par_1_4' title="bbox 154 1885 1402 4247">
     <span class='ocr_line' id='line_1_15' title="bbox 154 1885 1399 1970; baseline -0.008 -11"><span class='ocrx_word' id='word_1_103' title='bbox 154 1889 412 1968; x_wconf 77' lang='lat' dir='ltr'>(463ltollere3</span> <span class='ocrx_word' id='word_1_104' title='bbox 445 1887 567 1965; x_wconf 82' lang='lat' dir='ltr'>volui,</span> <span class='ocrx_word' id='word_1_105' title='bbox 602 1908 720 1970; x_wconf 90' lang='lat' dir='ltr'>quum</span> <span class='ocrx_word' id='word_1_106' title='bbox 754 1887 1014 1951; x_wconf 86' lang='lat' dir='ltr'>comissatum</span> <span class='ocrx_word' id='word_1_107' title='bbox 1043 1887 1194 1969; x_wconf 83' lang='lat' dir='ltr'>gladiis</span> <span class='ocrx_word' id='word_1_108' title='bbox 1218 1885 1399 1950; x_wconf 86' lang='lat' dir='ltr'>accincti</span> 
     </span>
     <span class='ocr_line' id='line_1_16' title="bbox 240 1992 1400 2077; baseline -0.007 -12"><span class='ocrx_word' id='word_1_109' title='bbox 240 2019 299 2065; x_wconf 86' lang='lat' dir='ltr'>mc</span> <span class='ocrx_word' id='word_1_110' title='bbox 329 1996 460 2062; x_wconf 85' lang='lat' dir='ltr'>secuti</span> <span class='ocrx_word' id='word_1_111' title='bbox 493 2002 600 2073; x_wconf 85' lang='lat' dir='ltr'>sunt,</span> <span class='ocrx_word' id='word_1_112' title='bbox 635 1995 742 2058; x_wconf 87' lang='lat' dir='ltr'>ferro</span> <span class='ocrx_word' id='word_1_113' title='bbox 776 1994 1027 2059; x_wconf 80' lang='lat' dir='ltr'>interficere.</span> <span class='ocrx_word' id='word_1_114' title='bbox 1074 1994 1257 2077; x_wconf 89' lang='lat' dir='ltr'>Descriptis</span> <span class='ocrx_word' id='word_1_115' title='bbox 1286 1992 1400 2057; x_wconf 79' lang='lat' dir='ltr'>tribus</span> 
     </span>
     <span class='ocr_line' id='line_1_17' title="bbox 240 2098 1398 2186; baseline -0.006 -13"><span class='ocrx_word' id='word_1_116' title='bbox 240 2108 337 2173; x_wconf 89' lang='lat' dir='ltr'>unius</span> <span class='ocrx_word' id='word_1_117' title='bbox 362 2104 427 2169; x_wconf 90' lang='lat' dir='ltr'>diei</span> <span class='ocrx_word' id='word_1_118' title='bbox 449 2102 663 2185; x_wconf 83' lang='lat' dir='ltr'>temporibus,</span> <span class='ocrx_word' id='word_1_119' title='bbox 686 2102 891 2186; x_wconf 89' lang='lat' dir='ltr'>ineptissime</span> <span class='ocrx_word' id='word_1_120' title='bbox 914 2104 948 2165; x_wconf 93' lang='lat' dir='ltr'>in</span> <span class='ocrx_word' id='word_1_121' title='bbox 982 2104 1087 2186; x_wconf 87' lang='lat' dir='ltr'>primo</span> <span class='ocrx_word' id='word_1_122' title='bbox 1118 2101 1264 2166; x_wconf 90' lang='lat' dir='ltr'>membro</span> <span class='ocrx_word' id='word_1_123' title='bbox 1288 2098 1398 2184; x_wconf 86' lang='lat' dir='ltr'>(post</span> 
     </span>
     <span class='ocr_line' id='line_1_18' title="bbox 240 2210 1398 2293; baseline -0.007 -12"><span class='ocrx_word' id='word_1_124' title='bbox 240 2214 549 2288; x_wconf 84' lang='lat' dir='ltr'>lustrationem,</span> <span class='ocrx_word' id='word_1_125' title='bbox 585 2232 701 2293; x_wconf 90' lang='lat' dir='ltr'>quum</span> <span class='ocrx_word' id='word_1_126' title='bbox 740 2210 1033 2287; x_wconf 88' lang='lat' dir='ltr'>concurrimus)</span> <span class='ocrx_word' id='word_1_127' title='bbox 1064 2210 1199 2275; x_wconf 86' lang='lat' dir='ltr'>additur</span> <span class='ocrx_word' id='word_1_128' title='bbox 1225 2216 1398 2290; x_wconf 89' lang='lat' dir='ltr'>tamquam</span> 
     </span>
     <span class='ocr_line' id='line_1_19' title="bbox 240 2316 1402 2402; baseline -0.008 -13"><span class='ocrx_word' id='word_1_129' title='bbox 240 2320 403 2388; x_wconf 88' lang='lat' dir='ltr'>notabile:</span> <span class='ocrx_word' id='word_1_130' title='bbox 427 2325 466 2383; x_wconf 88' lang='lat' dir='ltr'>et</span> <span class='ocrx_word' id='word_1_131' title='bbox 489 2318 658 2402; x_wconf 92' lang='lat' dir='ltr'>quidem,</span> <span class='ocrx_word' id='word_1_132' title='bbox 683 2319 715 2382; x_wconf 87' lang='lat' dir='ltr'>si</span> <span class='ocrx_word' id='word_1_133' title='bbox 740 2318 818 2383; x_wconf 90' lang='lat' dir='ltr'>diis</span> <span class='ocrx_word' id='word_1_134' title='bbox 841 2318 987 2401; x_wconf 87' lang='lat' dir='ltr'>placet,</span> <span class='ocrx_word' id='word_1_135' title='bbox 1004 2318 1297 2382; x_wconf 87' lang='lat' dir='ltr'>lustrationum</span> <span class='ocrx_word' id='word_1_136' title='bbox 1320 2316 1402 2395; x_wconf 83' lang='lat' dir='ltr'>die,</span> 
     </span>
     <span class='ocr_line' id='line_1_20' title="bbox 241 2425 1399 2513; baseline -0.005 -18"><span class='ocrx_word' id='word_1_137' title='bbox 241 2429 335 2513; x_wconf 90' lang='lat' dir='ltr'>quasi</span> <span class='ocrx_word' id='word_1_138' title='bbox 357 2427 420 2492; x_wconf 93' lang='lat' dir='ltr'>hoc</span> <span class='ocrx_word' id='word_1_139' title='bbox 442 2427 539 2490; x_wconf 89' lang='lat' dir='ltr'>huius</span> <span class='ocrx_word' id='word_1_140' title='bbox 562 2425 698 2490; x_wconf 90' lang='lat' dir='ltr'>membri</span> <span class='ocrx_word' id='word_1_141' title='bbox 722 2427 892 2510; x_wconf 90' lang='lat' dir='ltr'>proprium</span> <span class='ocrx_word' id='word_1_142' title='bbox 915 2428 958 2490; x_wconf 90' lang='lat' dir='ltr'>sit</span> <span class='ocrx_word' id='word_1_143' title='bbox 981 2446 1020 2489; x_wconf 91' lang='lat' dir='ltr'>ac</span> <span class='ocrx_word' id='word_1_144' title='bbox 1042 2447 1107 2490; x_wconf 92' lang='lat' dir='ltr'>non</span> <span class='ocrx_word' id='word_1_145' title='bbox 1131 2446 1223 2509; x_wconf 87' lang='lat' dir='ltr'>aeque</span> <span class='ocrx_word' id='word_1_146' title='bbox 1247 2425 1290 2489; x_wconf 91' lang='lat' dir='ltr'>ad</span> <span class='ocrx_word' id='word_1_147' title='bbox 1312 2425 1399 2489; x_wconf 88' lang='lat' dir='ltr'>alte·</span> 
     </span>
     <span class='ocr_line' id='line_1_21' title="bbox 240 2532 1399 2616; baseline -0.002 -15"><span class='ocrx_word' id='word_1_148' title='bbox 240 2558 315 2601; x_wconf 87' lang='lat' dir='ltr'>rum</span> <span class='ocrx_word' id='word_1_149' title='bbox 338 2541 370 2599; x_wconf 92' lang='lat' dir='ltr'>et</span> <span class='ocrx_word' id='word_1_150' title='bbox 392 2534 527 2598; x_wconf 88' lang='lat' dir='ltr'>tertium</span> <span class='ocrx_word' id='word_1_151' title='bbox 551 2535 714 2616; x_wconf 87' lang='lat' dir='ltr'>pertineat</span> <span class='ocrx_word' id='word_1_152' title='bbox 742 2540 775 2597; x_wconf 90' lang='lat' dir='ltr'>et</span> <span class='ocrx_word' id='word_1_153' title='bbox 805 2535 901 2614; x_wconf 91' lang='lat' dir='ltr'>quasi</span> <span class='ocrx_word' id='word_1_154' title='bbox 923 2540 997 2616; x_wconf 89' lang='lat' dir='ltr'>post</span> <span class='ocrx_word' id='word_1_155' title='bbox 1029 2533 1259 2597; x_wconf 88' lang='lat' dir='ltr'>lustrationem</span> <span class='ocrx_word' id='word_1_156' title='bbox 1288 2532 1399 2599; x_wconf 77' lang='lat' dir='ltr'>cadas</span> 
     </span>
     <span class='ocr_line' id='line_1_22' title="bbox 240 2639 1401 2725; baseline -0.003 -17"><span class='ocrx_word' id='word_1_157' title='bbox 240 2643 312 2708; x_wconf 89' lang='lat' dir='ltr'>fieri</span> <span class='ocrx_word' id='word_1_158' title='bbox 334 2640 487 2725; x_wconf 90' lang='lat' dir='ltr'>potuerit,</span> <span class='ocrx_word' id='word_1_159' title='bbox 511 2640 572 2704; x_wconf 91' lang='lat' dir='ltr'>nisi</span> <span class='ocrx_word' id='word_1_160' title='bbox 597 2639 724 2716; x_wconf 83' lang='lat' dir='ltr'>codic,</span> <span class='ocrx_word' id='word_1_161' title='bbox 754 2660 817 2720; x_wconf 92' lang='lat' dir='ltr'>quo</span> <span class='ocrx_word' id='word_1_162' title='bbox 840 2639 994 2705; x_wconf 85' lang='lat' dir='ltr'>lustratio</span> <span class='ocrx_word' id='word_1_163' title='bbox 1020 2643 1151 2706; x_wconf 90' lang='lat' dir='ltr'>omnino</span> <span class='ocrx_word' id='word_1_164' title='bbox 1176 2648 1271 2706; x_wconf 87' lang='lat' dir='ltr'>esset.</span> <span class='ocrx_word' id='word_1_165' title='bbox 1317 2639 1401 2704; x_wconf 84' lang='lat' dir='ltr'>Per-</span> 
     </span>
     <span class='ocr_line' id='line_1_23' title="bbox 240 2748 1400 2835; baseline -0.003 -19"><span class='ocrx_word' id='word_1_166' title='bbox 240 2752 392 2835; x_wconf 85' lang='lat' dir='ltr'>spicuum</span> <span class='ocrx_word' id='word_1_167' title='bbox 414 2752 465 2811; x_wconf 90' lang='lat' dir='ltr'>est</span> <span class='ocrx_word' id='word_1_168' title='bbox 487 2755 662 2829; x_wconf 74' lang='lat' dir='ltr'>praeterea,</span> <span class='ocrx_word' id='word_1_169' title='bbox 686 2767 785 2830; x_wconf 89' lang='lat' dir='ltr'>quam</span> <span class='ocrx_word' id='word_1_170' title='bbox 808 2748 924 2813; x_wconf 74' lang='lat' dir='ltr'>vitiose</span> <span class='ocrx_word' id='word_1_171' title='bbox 948 2749 1161 2832; x_wconf 84' lang='lat' dir='ltr'>perturbetur</span> <span class='ocrx_word' id='word_1_172' title='bbox 1188 2750 1262 2833; x_wconf 89' lang='lat' dir='ltr'>ipsa</span> <span class='ocrx_word' id='word_1_173' title='bbox 1284 2768 1400 2831; x_wconf 83' lang='lat' dir='ltr'>aequa-</span> 
     </span>
     <span class='ocr_line' id='line_1_24' title="bbox 240 2854 1400 2939; baseline -0.002 -16"><span class='ocrx_word' id='word_1_174' title='bbox 240 2859 318 2923; x_wconf 86' lang='lat' dir='ltr'>litas</span> <span class='ocrx_word' id='word_1_175' title='bbox 341 2854 561 2920; x_wconf 84' lang='lat' dir='ltr'>membrorum</span> <span class='ocrx_word' id='word_1_176' title='bbox 584 2854 727 2918; x_wconf 88' lang='lat' dir='ltr'>studiose</span> <span class='ocrx_word' id='word_1_177' title='bbox 752 2857 890 2937; x_wconf 85' lang='lat' dir='ltr'>quaesita</span> <span class='ocrx_word' id='word_1_178' title='bbox 918 2858 951 2920; x_wconf 88' lang='lat' dir='ltr'>in</span> <span class='ocrx_word' id='word_1_179' title='bbox 974 2858 1119 2921; x_wconf 88' lang='lat' dir='ltr'>notando</span> <span class='ocrx_word' id='word_1_180' title='bbox 1143 2857 1266 2939; x_wconf 88' lang='lat' dir='ltr'>triplici</span> <span class='ocrx_word' id='word_1_181' title='bbox 1295 2855 1400 2921; x_wconf 77' lang='lat' dir='ltr'>cadis-</span> 
     </span>
     <span class='ocr_line' id='line_1_25' title="bbox 241 2962 1396 3046; baseline -0.003 -15"><span class='ocrx_word' id='word_1_182' title='bbox 241 2971 363 3032; x_wconf 89' lang='lat' dir='ltr'>conatu</span> <span class='ocrx_word' id='word_1_183' title='bbox 380 2962 492 3046; x_wconf 90' lang='lat' dir='ltr'>(post</span> <span class='ocrx_word' id='word_1_184' title='bbox 515 2962 823 3041; x_wconf 87' lang='lat' dir='ltr'>lustrationem,</span> <span class='ocrx_word' id='word_1_185' title='bbox 842 2985 959 3045; x_wconf 87' lang='lat' dir='ltr'>quum</span> <span class='ocrx_word' id='word_1_186' title='bbox 978 2967 1271 3043; x_wconf 88' lang='lat' dir='ltr'>concurrimus,</span> <span class='ocrx_word' id='word_1_187' title='bbox 1290 2965 1396 3029; x_wconf 89' lang='lat' dir='ltr'>occi·</span> 
     </span>
     <span class='ocr_line' id='line_1_26' title="bbox 242 3072 1396 3152; baseline -0.003 -13"><span class='ocrx_word' id='word_1_188' title='bbox 242 3075 336 3139; x_wconf 90' lang='lat' dir='ltr'>dere</span> <span class='ocrx_word' id='word_1_189' title='bbox 379 3091 574 3152; x_wconf 92' lang='lat' dir='ltr'>—quum</span> <span class='ocrx_word' id='word_1_190' title='bbox 619 3072 668 3136; x_wconf 91' lang='lat' dir='ltr'>ad</span> <span class='ocrx_word' id='word_1_191' title='bbox 715 3092 850 3136; x_wconf 88' lang='lat' dir='ltr'>cenam</span> <span class='ocrx_word' id='word_1_192' title='bbox 902 3073 1088 3151; x_wconf 75' lang='lat' dir='ltr'>inuitaui,</span> <span class='ocrx_word' id='word_1_193' title='bbox 1128 3093 1279 3137; x_wconf 89' lang='lat' dir='ltr'>veneno</span> <span class='ocrx_word' id='word_1_194' title='bbox 1315 3072 1396 3137; x_wconf 89' lang='lat' dir='ltr'>sci·</span> 
     </span>
     <span class='ocr_line' id='line_1_27' title="bbox 238 3179 1397 3263; baseline -0.002 -16"><span class='ocrx_word' id='word_1_195' title='bbox 238 3182 343 3247; x_wconf 90' lang='lat' dir='ltr'>licet</span> <span class='ocrx_word' id='word_1_196' title='bbox 365 3179 511 3245; x_wconf 87' lang='lat' dir='ltr'>tollere</span> <span class='ocrx_word' id='word_1_197' title='bbox 533 3214 576 3223; x_wconf 93' lang='lat'><strong>—</strong></span> <span class='ocrx_word' id='word_1_198' title='bbox 609 3200 726 3262; x_wconf 89' lang='lat' dir='ltr'>quum</span> <span class='ocrx_word' id='word_1_199' title='bbox 760 3182 1059 3244; x_wconf 87' lang='lat' dir='ltr'>commissatum</span> <span class='ocrx_word' id='word_1_200' title='bbox 1082 3180 1130 3263; x_wconf 81' lang='lat' dir='ltr'>gl.</span> <span class='ocrx_word' id='word_1_201' title='bbox 1155 3202 1235 3245; x_wconf 89' lang='lat' dir='ltr'>acc.</span> <span class='ocrx_word' id='word_1_202' title='bbox 1259 3201 1316 3244; x_wconf 89' lang='lat' dir='ltr'>me</span> <span class='ocrx_word' id='word_1_203' title='bbox 1339 3201 1397 3245; x_wconf 87' lang='lat' dir='ltr'>se·</span> 
     </span>
     <span class='ocr_line' id='line_1_28' title="bbox 241 3287 1397 3372; baseline -0.003 -17"><span class='ocrx_word' id='word_1_204' title='bbox 241 3291 326 3355; x_wconf 88' lang='lat' dir='ltr'>cuti</span> <span class='ocrx_word' id='word_1_205' title='bbox 356 3294 463 3367; x_wconf 89' lang='lat' dir='ltr'>sunt,</span> <span class='ocrx_word' id='word_1_206' title='bbox 492 3287 600 3352; x_wconf 88' lang='lat' dir='ltr'>ferro</span> <span class='ocrx_word' id='word_1_207' title='bbox 630 3287 885 3367; x_wconf 86' lang='lat' dir='ltr'>interlicere,</span> <span class='ocrx_word' id='word_1_208' title='bbox 910 3290 973 3352; x_wconf 88' lang='lat' dir='ltr'>nisi</span> <span class='ocrx_word' id='word_1_209' title='bbox 997 3289 1086 3370; x_wconf 89' lang='lat' dir='ltr'>quod</span> <span class='ocrx_word' id='word_1_210' title='bbox 1109 3290 1142 3352; x_wconf 91' lang='lat' dir='ltr'>in</span> <span class='ocrx_word' id='word_1_211' title='bbox 1165 3290 1271 3372; x_wconf 93' lang='lat' dir='ltr'>primo</span> <span class='ocrx_word' id='word_1_212' title='bbox 1295 3308 1397 3353; x_wconf 92' lang='lat' dir='ltr'>mem-</span> 
     </span>
     <span class='ocr_line' id='line_1_29' title="bbox 238 3395 1396 3479; baseline -0.004 -16"><span class='ocrx_word' id='word_1_213' title='bbox 238 3398 300 3463; x_wconf 90' lang='lat' dir='ltr'>bro</span> <span class='ocrx_word' id='word_1_214' title='bbox 325 3396 497 3462; x_wconf 90' lang='lat' dir='ltr'>occidendi</span> <span class='ocrx_word' id='word_1_215' title='bbox 518 3395 635 3459; x_wconf 90' lang='lat' dir='ltr'>modus</span> <span class='ocrx_word' id='word_1_216' title='bbox 659 3395 864 3478; x_wconf 80' lang='lat' dir='ltr'>significatur</span> <span class='ocrx_word' id='word_1_217' title='bbox 886 3397 956 3479; x_wconf 87' lang='lat' dir='ltr'>ipso</span> <span class='ocrx_word' id='word_1_218' title='bbox 979 3404 1127 3479; x_wconf 87' lang='lat' dir='ltr'>tempore</span> <span class='ocrx_word' id='word_1_219' title='bbox 1151 3416 1189 3459; x_wconf 91' lang='lat' dir='ltr'>ac</span> <span class='ocrx_word' id='word_1_220' title='bbox 1213 3404 1396 3460; x_wconf 86' lang='lat' dir='ltr'>momento:</span> 
     </span>
     <span class='ocr_line' id='line_1_30' title="bbox 240 3502 1397 3588; baseline -0.001 -20"><span class='ocrx_word' id='word_1_221' title='bbox 240 3526 361 3588; x_wconf 91' lang='lat' dir='ltr'>quum</span> <span class='ocrx_word' id='word_1_222' title='bbox 395 3503 699 3585; x_wconf 86' lang='lat' dir='ltr'>concurrimus).</span> <span class='ocrx_word' id='word_1_223' title='bbox 751 3502 815 3568; x_wconf 87' lang='lat' dir='ltr'>Sed</span> <span class='ocrx_word' id='word_1_224' title='bbox 856 3524 928 3586; x_wconf 85' lang='lat' dir='ltr'>quae</span> <span class='ocrx_word' id='word_1_225' title='bbox 967 3504 1042 3567; x_wconf 88' lang='lat' dir='ltr'>hinc</span> <span class='ocrx_word' id='word_1_226' title='bbox 1082 3503 1283 3569; x_wconf 80' lang='lat' dir='ltr'>alienissima</span> <span class='ocrx_word' id='word_1_227' title='bbox 1317 3508 1397 3568; x_wconf 90' lang='lat' dir='ltr'>sunt</span> 
     </span>
     <span class='ocr_line' id='line_1_31' title="bbox 239 3609 1398 3694; baseline -0.003 -16"><span class='ocrx_word' id='word_1_228' title='bbox 239 3612 356 3678; x_wconf 75' lang='lat' dir='ltr'>rerba:</span> <span class='ocrx_word' id='word_1_229' title='bbox 380 3620 419 3677; x_wconf 90' lang='lat' dir='ltr'>et</span> <span class='ocrx_word' id='word_1_230' title='bbox 442 3610 613 3693; x_wconf 85' lang='lat' dir='ltr'>quidem,</span> <span class='ocrx_word' id='word_1_231' title='bbox 638 3632 662 3675; x_wconf 83' lang='lat' dir='ltr'>a.</span> <span class='ocrx_word' id='word_1_232' title='bbox 688 3611 718 3676; x_wconf 92' lang='lat' dir='ltr'>d.</span> <span class='ocrx_word' id='word_1_233' title='bbox 742 3609 803 3694; x_wconf 87' lang='lat' dir='ltr'>pl,</span> <span class='ocrx_word' id='word_1_234' title='bbox 827 3610 1124 3675; x_wconf 84' lang='lat' dir='ltr'>lustrat-ionum</span> <span class='ocrx_word' id='word_1_235' title='bbox 1148 3611 1226 3690; x_wconf 91' lang='lat' dir='ltr'>die,</span> <span class='ocrx_word' id='word_1_236' title='bbox 1251 3632 1306 3690; x_wconf 88' lang='lat' dir='ltr'>ea,</span> <span class='ocrx_word' id='word_1_237' title='bbox 1328 3630 1398 3675; x_wconf 86' lang='lat' dir='ltr'>una</span> 
     </span>
     <span class='ocr_line' id='line_1_32' title="bbox 239 3716 1396 3802; baseline -0.003 -17"><span class='ocrx_word' id='word_1_238' title='bbox 239 3720 356 3785; x_wconf 88' lang='lat' dir='ltr'>addita</span> <span class='ocrx_word' id='word_1_239' title='bbox 388 3719 511 3783; x_wconf 89' lang='lat' dir='ltr'>lineola</span> <span class='ocrx_word' id='word_1_240' title='bbox 540 3716 683 3799; x_wconf 88' lang='lat' dir='ltr'>(diem),</span> <span class='ocrx_word' id='word_1_241' title='bbox 718 3719 889 3801; x_wconf 86' lang='lat' dir='ltr'>aptissima</span> <span class='ocrx_word' id='word_1_242' title='bbox 916 3726 1012 3783; x_wconf 91' lang='lat' dir='ltr'>erunt</span> <span class='ocrx_word' id='word_1_243' title='bbox 1040 3718 1139 3802; x_wconf 89' lang='lat' dir='ltr'>paulo</span> <span class='ocrx_word' id='word_1_244' title='bbox 1168 3726 1261 3798; x_wconf 90' lang='lat' dir='ltr'>ante,</span> <span class='ocrx_word' id='word_1_245' title='bbox 1296 3725 1333 3782; x_wconf 88' lang='lat' dir='ltr'>ut</span> <span class='ocrx_word' id='word_1_246' title='bbox 1362 3718 1396 3782; x_wconf 90' lang='lat' dir='ltr'>in</span> 
     </span>
     <span class='ocr_line' id='line_1_33' title="bbox 238 3825 1397 3893; baseline -0.003 0"><span class='ocrx_word' id='word_1_247' title='bbox 238 3848 341 3893; x_wconf 91' lang='lat' dir='ltr'>unum</span> <span class='ocrx_word' id='word_1_248' title='bbox 364 3827 452 3892; x_wconf 87' lang='lat' dir='ltr'>diem</span> <span class='ocrx_word' id='word_1_249' title='bbox 475 3833 508 3890; x_wconf 86' lang='lat' dir='ltr'>at</span> <span class='ocrx_word' id='word_1_250' title='bbox 535 3828 569 3890; x_wconf 91' lang='lat' dir='ltr'>in</span> <span class='ocrx_word' id='word_1_251' title='bbox 598 3825 683 3890; x_wconf 91' lang='lat' dir='ltr'>diem</span> <span class='ocrx_word' id='word_1_252' title='bbox 711 3826 791 3889; x_wconf 85' lang='lat' dir='ltr'>mire</span> <span class='ocrx_word' id='word_1_253' title='bbox 826 3826 990 3891; x_wconf 86' lang='lat' dir='ltr'>delectum</span> <span class='ocrx_word' id='word_1_254' title='bbox 1018 3833 1084 3891; x_wconf 87' lang='lat' dir='ltr'>tres</span> <span class='ocrx_word' id='word_1_255' title='bbox 1114 3834 1250 3891; x_wconf 87' lang='lat' dir='ltr'>conatus</span> <span class='ocrx_word' id='word_1_256' title='bbox 1283 3825 1397 3890; x_wconf 89' lang='lat' dir='ltr'>collati</span> 
     </span>
     <span class='ocr_line' id='line_1_34' title="bbox 239 3933 1398 4001; baseline -0.003 0"><span class='ocrx_word' id='word_1_257' title='bbox 239 3936 407 4001; x_wconf 88' lang='lat' dir='ltr'>dicantur:</span> <span class='ocrx_word' id='word_1_258' title='bbox 442 3954 578 3998; x_wconf 87' lang='lat' dir='ltr'>omnes</span> <span class='ocrx_word' id='word_1_259' title='bbox 602 3933 849 3999; x_wconf 87' lang='lat' dir='ltr'>insidiarum</span> <span class='ocrx_word' id='word_1_260' title='bbox 882 3936 967 3998; x_wconf 82' lang='lat' dir='ltr'>uias</span> <span class='ocrx_word' id='word_1_261' title='bbox 998 3936 1036 3998; x_wconf 90' lang='lat' dir='ltr'>in</span> <span class='ocrx_word' id='word_1_262' title='bbox 1065 3956 1182 3998; x_wconf 91' lang='lat' dir='ltr'>unum</span> <span class='ocrx_word' id='word_1_263' title='bbox 1210 3933 1398 3999; x_wconf 87' lang='lat' dir='ltr'>contulit</span> 
     </span>
     <span class='ocr_line' id='line_1_35' title="bbox 239 4041 1396 4125; baseline -0.003 -17"><span class='ocrx_word' id='word_1_264' title='bbox 239 4043 354 4121; x_wconf 86' lang='lat' dir='ltr'>diem,</span> <span class='ocrx_word' id='word_1_265' title='bbox 378 4049 417 4107; x_wconf 90' lang='lat' dir='ltr'>et</span> <span class='ocrx_word' id='word_1_266' title='bbox 440 4042 607 4125; x_wconf 89' lang='lat' dir='ltr'>quidem,</span> <span class='ocrx_word' id='word_1_267' title='bbox 631 4043 665 4106; x_wconf 91' lang='lat' dir='ltr'>si</span> <span class='ocrx_word' id='word_1_268' title='bbox 689 4041 767 4106; x_wconf 89' lang='lat' dir='ltr'>diis</span> <span class='ocrx_word' id='word_1_269' title='bbox 790 4041 933 4124; x_wconf 84' lang='lat' dir='ltr'>placet,</span> <span class='ocrx_word' id='word_1_270' title='bbox 956 4043 1254 4107; x_wconf 90' lang='lat' dir='ltr'>lustrationum</span> <span class='ocrx_word' id='word_1_271' title='bbox 1277 4041 1396 4105; x_wconf 89' lang='lat' dir='ltr'>diem.</span> 
     </span>
     <span class='ocr_line' id='line_1_36' title="bbox 238 4149 1398 4247; baseline -0.003 -31"><span class='ocrx_word' id='word_1_272' title='bbox 238 4150 359 4217; x_wconf 86' lang='lat' dir='ltr'>Volui</span> <span class='ocrx_word' id='word_1_273' title='bbox 381 4149 564 4214; x_wconf 88' lang='lat' dir='ltr'>interdiu</span> <span class='ocrx_word' id='word_1_274' title='bbox 589 4171 674 4214; x_wconf 91' lang='lat' dir='ltr'>eum</span> <span class='ocrx_word' id='word_1_275' title='bbox 697 4157 791 4234; x_wconf 86' lang='lat' dir='ltr'>post</span> <span class='ocrx_word' id='word_1_276' title='bbox 814 4150 1126 4221; x_wconf 81' lang='lat' dir='ltr'>lustrationem,</span> <span class='ocrx_word' id='word_1_277' title='bbox 1156 4172 1272 4233; x_wconf 95' lang='lat' dir='ltr'>quum</span> <span class='ocrx_word' id='word_1_278' title='bbox 1301 4170 1398 4247; x_wconf 75' lang='lat' dir='ltr'>qon-</span> 
     </span>
    </p>
   </div>
   <div class='ocr_carea' id='block_1_3' title="bbox 0 0 1534 5272">
    <p class='ocr_par' dir='ltr' id='par_1_5' title="bbox 0 0 1534 5272">
     <span class='ocr_line' id='line_1_37' title="bbox 0 0 1534 5272; baseline 0 0"><span class='ocrx_word' id='word_1_279' title='bbox 0 0 1534 5272; x_wconf 95' lang='lat' dir='ltr'> </span> 
     </span>
    </p>
   </div>
  </div>
 </body>
</html>
