<?xml version="1.0" encoding="UTF-8"?>
<!DOCTYPE html PUBLIC "-//W3C//DTD XHTML 1.0 Transitional//EN"
    "http://www.w3.org/TR/xhtml1/DTD/xhtml1-transitional.dtd">
<html xmlns="http://www.w3.org/1999/xhtml" xml:lang="en" lang="en">
 <head>
  <title>
</title>
<meta http-equiv="Content-Type" content="text/html;charset=utf-8" />
  <meta name='ocr-system' content='tesseract 3.04.00' />
  <meta name='ocr-capabilities' content='ocr_page ocr_carea ocr_par ocr_line ocrx_word'/>
</head>
<body>
  <div class='ocr_page' id='page_1' title='image "./emendationesliv01madvgoog_0703.png"; bbox 0 0 3060 5272; ppageno 0'>
   <div class='ocr_carea' id='block_1_1' title="bbox 237 345 841 410">
    <p class='ocr_par' dir='ltr' id='par_1_1' title="bbox 237 345 841 410">
     <span class='ocr_line' id='line_1_1' title="bbox 237 345 841 410; baseline -0.007 0"><span class='ocrx_word' id='word_1_1' title='bbox 237 355 301 410; x_wconf 82' lang='lat' dir='ltr'><strong>Lib.</strong></span> <span class='ocrx_word' id='word_1_2' title='bbox 320 355 409 410; x_wconf 78' lang='lat' dir='ltr'><strong>mv</strong></span> <span class='ocrx_word' id='word_1_3' title='bbox 780 345 841 406; x_wconf 81' lang='grc'><strong>686</strong></span> 
     </span>
    </p>
   </div>
   <div class='ocr_carea' id='block_1_2' title="bbox 88 528 1390 4072">
    <p class='ocr_par' dir='ltr' id='par_1_2' title="bbox 240 528 1390 624">
     <span class='ocr_line' id='line_1_2' title="bbox 240 528 1390 624; baseline 0.003 -30"><span class='ocrx_word' id='word_1_4' title='bbox 240 530 326 594; x_wconf 91' lang='lat' dir='ltr'><strong>enim</strong></span> <span class='ocrx_word' id='word_1_5' title='bbox 361 530 489 594; x_wconf 90' lang='lat' dir='ltr'><strong>incerta</strong></span> <span class='ocrx_word' id='word_1_6' title='bbox 521 528 709 594; x_wconf 91' lang='lat' dir='ltr'><strong>huiusmodi</strong></span> <span class='ocrx_word' id='word_1_7' title='bbox 744 528 929 624; x_wconf 78' lang='lat' dir='ltr'><strong>communis</strong></span> <span class='ocrx_word' id='word_1_8' title='bbox 962 529 1161 594; x_wconf 79' lang='lat' dir='ltr'><strong>narrationis</strong></span> <span class='ocrx_word' id='word_1_9' title='bbox 1194 528 1390 612; x_wconf 76' lang='lat' dir='ltr'><strong>significatio</strong></span> 
     </span>
    </p>

    <p class='ocr_par' dir='ltr' id='par_1_3' title="bbox 154 636 1390 1378">
     <span class='ocr_line' id='line_1_3' title="bbox 154 636 1390 721; baseline 0.004 -22"><span class='ocrx_word' id='word_1_10' title='bbox 154 641 228 713; x_wconf 77' lang='lat' dir='ltr'><strong>(boe)</strong></span> <span class='ocrx_word' id='word_1_11' title='bbox 245 639 410 703; x_wconf 86' lang='lat' dir='ltr'><strong>contraria</strong></span> <span class='ocrx_word' id='word_1_12' title='bbox 431 638 509 721; x_wconf 92' lang='lat' dir='ltr'><strong>poni</strong></span> <span class='ocrx_word' id='word_1_13' title='bbox 532 644 641 721; x_wconf 88' lang='lat' dir='ltr'><strong>potest</strong></span> <span class='ocrx_word' id='word_1_14' title='bbox 664 643 770 713; x_wconf 86' lang='lat' dir='ltr'><strong>certae,</strong></span> <span class='ocrx_word' id='word_1_15' title='bbox 794 656 893 719; x_wconf 84' lang='lat' dir='ltr'><strong>quam</strong></span> <span class='ocrx_word' id='word_1_16' title='bbox 915 636 1026 701; x_wconf 86' lang='lat' dir='ltr'><strong>Livius</strong></span> <span class='ocrx_word' id='word_1_17' title='bbox 1049 658 1152 719; x_wconf 89' lang='lat' dir='ltr'><strong>snpra</strong></span> <span class='ocrx_word' id='word_1_18' title='bbox 1172 639 1294 721; x_wconf 80' lang='lat' dir='ltr'><strong>poenit,</strong></span> <span class='ocrx_word' id='word_1_19' title='bbox 1315 660 1390 704; x_wconf 91' lang='lat' dir='ltr'><strong>nar·</strong></span> 
     </span>
     <span class='ocr_line' id='line_1_4' title="bbox 239 732 1390 832; baseline 0.002 -22"><span class='ocrx_word' id='word_1_20' title='bbox 239 747 376 825; x_wconf 88' lang='lat' dir='ltr'><strong>rationi;</strong></span> <span class='ocrx_word' id='word_1_21' title='bbox 394 732 483 827; x_wconf 89' lang='lat' dir='ltr'><strong>(eam</strong></span> <span class='ocrx_word' id='word_1_22' title='bbox 498 746 584 810; x_wconf 89' lang='lat' dir='ltr'><strong>enim</strong></span> <span class='ocrx_word' id='word_1_23' title='bbox 602 743 791 828; x_wconf 75' lang='lat' dir='ltr'><strong>significari,</strong></span> <span class='ocrx_word' id='word_1_24' title='bbox 803 744 949 810; x_wconf 80' lang='lat' dir='ltr'><strong>ostendit</strong></span> <span class='ocrx_word' id='word_1_25' title='bbox 964 746 1064 811; x_wconf 85' lang='lat' dir='ltr'><strong>etiam</strong></span> <span class='ocrx_word' id='word_1_26' title='bbox 1082 746 1247 811; x_wconf 86' lang='lat' dir='ltr'><strong>adiectum</strong></span> <span class='ocrx_word' id='word_1_27' title='bbox 1257 747 1390 832; x_wconf 64' lang='lat' dir='ltr'><strong>,longe</strong></span> 
     </span>
     <span class='ocr_line' id='line_1_5' title="bbox 240 852 1389 935; baseline 0.001 -16"><span class='ocrx_word' id='word_1_28' title='bbox 240 875 300 919; x_wconf 90' lang='lat' dir='ltr'><strong>neo</strong></span> <span class='ocrx_word' id='word_1_29' title='bbox 328 852 498 919; x_wconf 83' lang='lat' dir='ltr'><strong>diversa</strong></span> <span class='ocrx_word' id='word_1_30' title='bbox 525 853 698 918; x_wconf 86' lang='lat' dir='ltr'><strong>tradunt</strong></span> <span class='ocrx_word' id='word_1_31' title='bbox 730 858 842 935; x_wconf 87' lang='lat' dir='ltr'><strong>potest</strong></span> <span class='ocrx_word' id='word_1_32' title='bbox 875 873 947 918; x_wconf 88' lang='lat' dir='ltr'><strong>esse</strong></span> <span class='ocrx_word' id='word_1_33' title='bbox 981 853 1054 918; x_wconf 89' lang='lat' dir='ltr'><strong>alii</strong></span> <span class='ocrx_word' id='word_1_34' title='bbox 1088 852 1171 918; x_wconf 88' lang='lat' dir='ltr'><strong>alia</strong></span> <span class='ocrx_word' id='word_1_35' title='bbox 1203 854 1389 935; x_wconf 84' lang='lat' dir='ltr'><strong>tradnut3</strong></span> 
     </span>
     <span class='ocr_line' id='line_1_6' title="bbox 240 959 1390 1045; baseline 0.003 -19"><span class='ocrx_word' id='word_1_36' title='bbox 240 962 427 1027; x_wconf 83' lang='lat' dir='ltr'><strong>diversus</strong></span> <span class='ocrx_word' id='word_1_37' title='bbox 456 962 544 1026; x_wconf 92' lang='lat' dir='ltr'><strong>enim</strong></span> <span class='ocrx_word' id='word_1_38' title='bbox 572 961 616 1025; x_wconf 87' lang='lat' dir='ltr'><strong>ad</strong></span> <span class='ocrx_word' id='word_1_39' title='bbox 643 967 769 1025; x_wconf 86' lang='lat' dir='ltr'><strong>certum</strong></span> <span class='ocrx_word' id='word_1_40' title='bbox 802 959 929 1044; x_wconf 89' lang='lat' dir='ltr'><strong>aliquid</strong></span> <span class='ocrx_word' id='word_1_41' title='bbox 960 959 1125 1042; x_wconf 79' lang='lat' dir='ltr'><strong>refertur).</strong></span> <span class='ocrx_word' id='word_1_42' title='bbox 1170 960 1289 1045; x_wconf 88' lang='lat' dir='ltr'><strong>ltaque</strong></span> <span class='ocrx_word' id='word_1_43' title='bbox 1311 965 1390 1029; x_wconf 89' lang='lat' dir='ltr'><strong>scri·</strong></span> 
     </span>
     <span class='ocr_line' id='line_1_7' title="bbox 239 1068 1389 1151; baseline 0.002 -16"><span class='ocrx_word' id='word_1_44' title='bbox 239 1068 383 1135; x_wconf 84' lang='lat' dir='ltr'><strong>bendum</strong></span> <span class='ocrx_word' id='word_1_45' title='bbox 404 1068 549 1135; x_wconf 85' lang='lat' dir='ltr'><strong>videtnr:</strong></span> <span class='ocrx_word' id='word_1_46' title='bbox 584 1069 638 1134; x_wconf 91' lang='lat' dir='ltr'><strong>De</strong></span> <span class='ocrx_word' id='word_1_47' title='bbox 661 1068 698 1132; x_wconf 84' lang='grc' dir='ltr'><strong>Ε.</strong></span> <span class='ocrx_word' id='word_1_48' title='bbox 722 1089 747 1132; x_wconf 90' lang='lat' dir='ltr'><strong>r.</strong></span> <span class='ocrx_word' id='word_1_49' title='bbox 777 1068 894 1151; x_wconf 75' lang='lat' dir='ltr'><strong>longe</strong></span> <span class='ocrx_word' id='word_1_50' title='bbox 922 1068 1087 1135; x_wconf 83' lang='lat' dir='ltr'><strong>diversa</strong></span> <span class='ocrx_word' id='word_1_51' title='bbox 1114 1069 1188 1132; x_wconf 77' lang='lat' dir='ltr'><strong>aiii</strong></span> <span class='ocrx_word' id='word_1_52' title='bbox 1211 1070 1389 1137; x_wconf 88' lang='lat' dir='ltr'><strong>tradunt.</strong></span> 
     </span>
     <span class='ocr_line' id='line_1_8' title="bbox 239 1177 1389 1261; baseline 0.003 -19"><span class='ocrx_word' id='word_1_53' title='bbox 239 1177 322 1242; x_wconf 88' lang='lat' dir='ltr'><strong>Tum</strong></span> <span class='ocrx_word' id='word_1_54' title='bbox 345 1177 442 1243; x_wconf 90' lang='lat' dir='ltr'><strong>huius</strong></span> <span class='ocrx_word' id='word_1_55' title='bbox 465 1178 600 1244; x_wconf 82' lang='lat' dir='ltr'><strong>diversae</strong></span> <span class='ocrx_word' id='word_1_56' title='bbox 622 1177 823 1242; x_wconf 79' lang='lat' dir='ltr'><strong>narrationis</strong></span> <span class='ocrx_word' id='word_1_57' title='bbox 852 1184 968 1242; x_wconf 80' lang='lat' dir='ltr'><strong>auctor</strong></span> <span class='ocrx_word' id='word_1_58' title='bbox 1000 1198 1085 1242; x_wconf 90' lang='lat' dir='ltr'><strong>unns</strong></span> <span class='ocrx_word' id='word_1_59' title='bbox 1113 1198 1131 1243; x_wconf 89' lang='lat' dir='ltr'><strong>e</strong></span> <span class='ocrx_word' id='word_1_60' title='bbox 1153 1177 1304 1261; x_wconf 87' lang='lat' dir='ltr'><strong>pluribus</strong></span> <span class='ocrx_word' id='word_1_61' title='bbox 1331 1201 1389 1245; x_wconf 92' lang='lat' dir='ltr'><strong>uo-</strong></span> 
     </span>
     <span class='ocr_line' id='line_1_9' title="bbox 239 1285 568 1378; baseline -0.003 -27"><span class='ocrx_word' id='word_1_62' title='bbox 239 1287 384 1351; x_wconf 89' lang='lat' dir='ltr'><strong>minatur</strong></span> <span class='ocrx_word' id='word_1_63' title='bbox 406 1285 568 1378; x_wconf 50' lang='lat' dir='ltr'><strong>Valerius.</strong></span> 
     </span>
    </p>

    <p class='ocr_par' dir='ltr' id='par_1_4' title="bbox 237 1391 1390 2345">
     <span class='ocr_line' id='line_1_10' title="bbox 324 1391 1390 1478; baseline 0.002 -19"><span class='ocrx_word' id='word_1_64' title='bbox 324 1393 402 1478; x_wconf 84' lang='lat' dir='ltr'><strong>Cap.</strong></span> <span class='ocrx_word' id='word_1_65' title='bbox 429 1399 477 1474; x_wconf 75' lang='lat'><strong>14,</strong></span> <span class='ocrx_word' id='word_1_66' title='bbox 500 1399 518 1458; x_wconf 88' lang='grc'><strong>7</strong></span> <span class='ocrx_word' id='word_1_67' title='bbox 543 1393 613 1474; x_wconf 89' lang='lat' dir='ltr'><strong>(ubi</strong></span> <span class='ocrx_word' id='word_1_68' title='bbox 642 1400 914 1458; x_wconf 88' lang='lat' dir='ltr'><strong>commemoratur</strong></span> <span class='ocrx_word' id='word_1_69' title='bbox 935 1391 1059 1458; x_wconf 83' lang='lat' dir='ltr'><strong>Prusiae</strong></span> <span class='ocrx_word' id='word_1_70' title='bbox 1086 1392 1129 1459; x_wconf 86' lang='lat' dir='ltr'><strong>ad</strong></span> <span class='ocrx_word' id='word_1_71' title='bbox 1153 1395 1320 1461; x_wconf 85' lang='lat' dir='ltr'><strong>Romanos</strong></span> <span class='ocrx_word' id='word_1_72' title='bbox 1341 1396 1390 1461; x_wconf 89' lang='lat' dir='ltr'><strong>le·</strong></span> 
     </span>
     <span class='ocr_line' id='line_1_11' title="bbox 238 1500 1389 1587; baseline 0.001 -19"><span class='ocrx_word' id='word_1_73' title='bbox 238 1503 355 1587; x_wconf 81' lang='lat' dir='ltr'><strong>gati0):</strong></span> <span class='ocrx_word' id='word_1_74' title='bbox 390 1501 575 1567; x_wconf 86' lang='lat' dir='ltr'><strong>Ceterum</strong></span> <span class='ocrx_word' id='word_1_75' title='bbox 602 1522 722 1585; x_wconf 89' lang='lat' dir='ltr'><strong>quum</strong></span> <span class='ocrx_word' id='word_1_76' title='bbox 745 1500 792 1567; x_wconf 90' lang='lat' dir='ltr'><strong>ad</strong></span> <span class='ocrx_word' id='word_1_77' title='bbox 815 1522 855 1566; x_wconf 91' lang='lat' dir='ltr'><strong>se</strong></span> <span class='ocrx_word' id='word_1_78' title='bbox 879 1521 901 1566; x_wconf 88' lang='lat' dir='ltr'><strong>a</strong></span> <span class='ocrx_word' id='word_1_79' title='bbox 921 1500 1071 1567; x_wconf 88' lang='lat' dir='ltr'><strong>Persea</strong></span> <span class='ocrx_word' id='word_1_80' title='bbox 1092 1502 1221 1585; x_wconf 76' lang='lat' dir='ltr'><strong>legati</strong></span> <span class='ocrx_word' id='word_1_81' title='bbox 1255 1505 1389 1569; x_wconf 84' lang='lat' dir='ltr'><strong>venis·</strong></span> 
     </span>
     <span class='ocr_line' id='line_1_12' title="bbox 239 1608 1389 1695; baseline 0.002 -19"><span class='ocrx_word' id='word_1_82' title='bbox 239 1616 333 1679; x_wconf 90' lang='lat' dir='ltr'><strong>sent</strong></span> <span class='ocrx_word' id='word_1_83' title='bbox 355 1609 401 1676; x_wconf 87' lang='lat' dir='ltr'><strong>de</strong></span> <span class='ocrx_word' id='word_1_84' title='bbox 424 1609 605 1675; x_wconf 89' lang='lat' dir='ltr'><strong>finiendo</strong></span> <span class='ocrx_word' id='word_1_85' title='bbox 640 1629 725 1673; x_wconf 89' lang='lat' dir='ltr'><strong>cum</strong></span> <span class='ocrx_word' id='word_1_86' title='bbox 748 1610 937 1674; x_wconf 90' lang='lat' dir='ltr'><strong>Romanis</strong></span> <span class='ocrx_word' id='word_1_87' title='bbox 960 1608 1087 1687; x_wconf 92' lang='lat' dir='ltr'><strong>bello,</strong></span> <span class='ocrx_word' id='word_1_88' title='bbox 1115 1615 1157 1674; x_wconf 90' lang='lat' dir='ltr'><strong>et</strong></span> <span class='ocrx_word' id='word_1_89' title='bbox 1189 1611 1240 1676; x_wconf 88' lang='lat' dir='ltr'><strong>iis</strong></span> <span class='ocrx_word' id='word_1_90' title='bbox 1263 1611 1389 1695; x_wconf 89' lang='lat' dir='ltr'><strong>polli-</strong></span> 
     </span>
     <span class='ocr_line' id='line_1_13' title="bbox 240 1716 1388 1802; baseline -0.001 -16"><span class='ocrx_word' id='word_1_91' title='bbox 240 1722 364 1786; x_wconf 89' lang='lat' dir='ltr'><strong>citum</strong></span> <span class='ocrx_word' id='word_1_92' title='bbox 388 1719 704 1802; x_wconf 81' lang='lat' dir='ltr'><strong>deprecatorem</strong></span> <span class='ocrx_word' id='word_1_93' title='bbox 726 1717 832 1801; x_wconf 91' lang='lat' dir='ltr'><strong>apud</strong></span> <span class='ocrx_word' id='word_1_94' title='bbox 856 1723 1041 1782; x_wconf 88' lang='lat' dir='ltr'><strong>senatum</strong></span> <span class='ocrx_word' id='word_1_95' title='bbox 1071 1716 1251 1784; x_wconf 84' lang='lat' dir='ltr'><strong>futurum.</strong></span> <span class='ocrx_word' id='word_1_96' title='bbox 1298 1720 1388 1787; x_wconf 87' lang='lat' dir='ltr'><strong>Nihil</strong></span> 
     </span>
     <span class='ocr_line' id='line_1_14' title="bbox 239 1824 1390 1910; baseline 0.001 -16"><span class='ocrx_word' id='word_1_97' title='bbox 239 1836 297 1909; x_wconf 88' lang='lat' dir='ltr'><strong>est,</strong></span> <span class='ocrx_word' id='word_1_98' title='bbox 320 1827 407 1910; x_wconf 91' lang='lat' dir='ltr'><strong>quod</strong></span> <span class='ocrx_word' id='word_1_99' title='bbox 429 1825 599 1910; x_wconf 74' lang='lat' dir='ltr'><strong>particula</strong></span> <span class='ocrx_word' id='word_1_100' title='bbox 633 1832 672 1890; x_wconf 94' lang='lat' dir='ltr'><strong>et</strong></span> <span class='ocrx_word' id='word_1_101' title='bbox 698 1825 908 1909; x_wconf 87' lang='lat' dir='ltr'><strong>respondeat.</strong></span> <span class='ocrx_word' id='word_1_102' title='bbox 953 1824 1062 1890; x_wconf 84' lang='lat' dir='ltr'><strong>Codex</strong></span> <span class='ocrx_word' id='word_1_103' title='bbox 1086 1825 1189 1892; x_wconf 90' lang='lat' dir='ltr'><strong>habet</strong></span> <span class='ocrx_word' id='word_1_104' title='bbox 1215 1826 1327 1894; x_wconf 88' lang='lat' dir='ltr'><strong>bello</strong></span> <span class='ocrx_word' id='word_1_105' title='bbox 1350 1836 1390 1894; x_wconf 88' lang='lat' dir='ltr'><strong>et</strong></span> 
     </span>
     <span class='ocr_line' id='line_1_15' title="bbox 237 1932 1389 2020; baseline 0.001 -18"><span class='ocrx_word' id='word_1_106' title='bbox 237 1939 279 2002; x_wconf 91' lang='lat' dir='ltr'><strong>is.</strong></span> <span class='ocrx_word' id='word_1_107' title='bbox 315 1937 416 2000; x_wconf 88' lang='lat' dir='ltr'><strong>Recte</strong></span> <span class='ocrx_word' id='word_1_108' title='bbox 434 1933 706 2004; x_wconf 88' lang='lat' dir='ltr'><strong>Forchbammer:</strong></span> <span class='ocrx_word' id='word_1_109' title='bbox 731 1933 851 2012; x_wconf 92' lang='lat' dir='ltr'><strong>bello,</strong></span> <span class='ocrx_word' id='word_1_110' title='bbox 875 1934 909 1997; x_wconf 85' lang='lat' dir='ltr'><strong>ci</strong></span> <span class='ocrx_word' id='word_1_111' title='bbox 932 1932 1079 2016; x_wconf 86' lang='lat' dir='ltr'><strong>(Perseo)</strong></span> <span class='ocrx_word' id='word_1_112' title='bbox 1097 1953 1135 1997; x_wconf 84' lang='lat' dir='ltr'><strong>sc</strong></span> <span class='ocrx_word' id='word_1_113' title='bbox 1155 1935 1389 2020; x_wconf 89' lang='lat' dir='ltr'><strong>pollicitum</strong></span> 
     </span>
     <span class='ocr_line' id='line_1_16' title="bbox 238 2039 1387 2126; baseline 0 -15"><span class='ocrx_word' id='word_1_114' title='bbox 238 2051 299 2111; x_wconf 90' lang='lat' dir='ltr'><strong>cet.</strong></span> <span class='ocrx_word' id='word_1_115' title='bbox 344 2041 470 2108; x_wconf 85' lang='lat' dir='ltr'><strong>Deinde</strong></span> <span class='ocrx_word' id='word_1_116' title='bbox 493 2040 612 2108; x_wconf 83' lang='lat' dir='ltr'><strong>codex:</strong></span> <span class='ocrx_word' id='word_1_117' title='bbox 646 2048 690 2106; x_wconf 91' lang='lat' dir='ltr'><strong>ut</strong></span> <span class='ocrx_word' id='word_1_118' title='bbox 723 2039 877 2107; x_wconf 87' lang='lat' dir='ltr'><strong>finiant</strong></span> <span class='ocrx_word' id='word_1_119' title='bbox 910 2042 973 2107; x_wconf 89' lang='lat' dir='ltr'><strong>ira</strong></span> <span class='ocrx_word' id='word_1_120' title='bbox 1005 2063 1044 2107; x_wconf 91' lang='lat' dir='ltr'><strong>se</strong></span> <span class='ocrx_word' id='word_1_121' title='bbox 1073 2042 1160 2125; x_wconf 91' lang='lat' dir='ltr'><strong>(edd.</strong></span> <span class='ocrx_word' id='word_1_122' title='bbox 1183 2044 1299 2123; x_wconf 86' lang='lat' dir='ltr'><strong>iram,</strong></span> <span class='ocrx_word' id='word_1_123' title='bbox 1322 2045 1387 2126; x_wconf 89' lang='lat' dir='ltr'><strong>se),</strong></span> 
     </span>
     <span class='ocr_line' id='line_1_17' title="bbox 238 2148 1387 2236; baseline -0.001 -17"><span class='ocrx_word' id='word_1_124' title='bbox 238 2173 364 2236; x_wconf 86' lang='lat' dir='ltr'><strong>exque</strong></span> <span class='ocrx_word' id='word_1_125' title='bbox 388 2151 490 2216; x_wconf 90' lang='lat' dir='ltr'><strong>idem:</strong></span> <span class='ocrx_word' id='word_1_126' title='bbox 524 2157 568 2214; x_wconf 91' lang='lat' dir='ltr'><strong>ut</strong></span> <span class='ocrx_word' id='word_1_127' title='bbox 595 2148 617 2214; x_wconf 83' lang='lat' dir='ltr'><strong>f.</strong></span> <span class='ocrx_word' id='word_1_128' title='bbox 648 2150 748 2229; x_wconf 88' lang='lat' dir='ltr'><strong>iras,</strong></span> <span class='ocrx_word' id='word_1_129' title='bbox 783 2171 835 2215; x_wconf 87' lang='lat' dir='ltr'><strong>se.</strong></span> <span class='ocrx_word' id='word_1_130' title='bbox 880 2149 945 2216; x_wconf 88' lang='lat' dir='ltr'><strong>Sed</strong></span> <span class='ocrx_word' id='word_1_131' title='bbox 967 2151 1098 2234; x_wconf 65' lang='lat' dir='ltr'><strong>nanus</strong></span> <span class='ocrx_word' id='word_1_132' title='bbox 1121 2159 1278 2236; x_wconf 87' lang='lat' dir='ltr'><strong>corrupta</strong></span> <span class='ocrx_word' id='word_1_133' title='bbox 1300 2159 1387 2232; x_wconf 88' lang='lat' dir='ltr'><strong>sunt,</strong></span> 
     </span>
     <span class='ocr_line' id='line_1_18' title="bbox 238 2257 1386 2345; baseline -0.001 -19"><span class='ocrx_word' id='word_1_134' title='bbox 238 2281 311 2344; x_wconf 85' lang='lat' dir='ltr'><strong>quae</strong></span> <span class='ocrx_word' id='word_1_135' title='bbox 334 2259 431 2345; x_wconf 88' lang='lat' dir='ltr'><strong>paulo</strong></span> <span class='ocrx_word' id='word_1_136' title='bbox 459 2265 538 2343; x_wconf 88' lang='lat' dir='ltr'><strong>post</strong></span> <span class='ocrx_word' id='word_1_137' title='bbox 567 2257 598 2342; x_wconf 60' lang='grc' dir='ltr'><strong>(ὅ</strong></span> <span class='ocrx_word' id='word_1_138' title='bbox 629 2258 693 2339; x_wconf 89' lang='grc'>10),</span> <span class='ocrx_word' id='word_1_139' title='bbox 722 2257 781 2323; x_wconf 95' lang='lat' dir='ltr'><strong>ubi</strong></span> <span class='ocrx_word' id='word_1_140' title='bbox 814 2258 957 2324; x_wconf 84' lang='lat' dir='ltr'><strong>refertur</strong></span> <span class='ocrx_word' id='word_1_141' title='bbox 978 2257 1181 2324; x_wconf 87' lang='lat' dir='ltr'><strong>Rhodiorum</strong></span> <span class='ocrx_word' id='word_1_142' title='bbox 1203 2257 1386 2342; x_wconf 83' lang='lat' dir='ltr'><strong>legatorum</strong></span> 
     </span>
    </p>

    <p class='ocr_par' dir='ltr' id='par_1_5' title="bbox 88 2365 1386 4072">
     <span class='ocr_line' id='line_1_19' title="bbox 88 2365 1386 2450; baseline -0.002 -15"><span class='ocrx_word' id='word_1_143' title='bbox 88 2410 93 2420; x_wconf 84' lang='lat'><strong>.</strong></span> <span class='ocrx_word' id='word_1_144' title='bbox 203 2384 206 2390; x_wconf 82' lang='lat'>&#39;</span> <span class='ocrx_word' id='word_1_145' title='bbox 238 2369 355 2447; x_wconf 89' lang='lat' dir='ltr'><strong>oratio,</strong></span> <span class='ocrx_word' id='word_1_146' title='bbox 377 2367 540 2450; x_wconf 80' lang='lat' dir='ltr'><strong>leguntur,</strong></span> <span class='ocrx_word' id='word_1_147' title='bbox 565 2367 612 2431; x_wconf 91' lang='lat' dir='ltr'><strong>sic</strong></span> <span class='ocrx_word' id='word_1_148' title='bbox 633 2366 668 2430; x_wconf 93' lang='lat' dir='ltr'><strong>in</strong></span> <span class='ocrx_word' id='word_1_149' title='bbox 685 2365 797 2431; x_wconf 86' lang='lat' dir='ltr'><strong>codice</strong></span> <span class='ocrx_word' id='word_1_150' title='bbox 815 2368 955 2449; x_wconf 85' lang='lat' dir='ltr'><strong>scripta:</strong></span> <span class='ocrx_word' id='word_1_151' title='bbox 979 2366 1158 2431; x_wconf 88' lang='lat' dir='ltr'><strong>Tertium</strong></span> <span class='ocrx_word' id='word_1_152' title='bbox 1180 2388 1221 2432; x_wconf 86' lang='lat' dir='ltr'><strong>se</strong></span> <span class='ocrx_word' id='word_1_153' title='bbox 1242 2387 1386 2433; x_wconf 87' lang='lat' dir='ltr'><strong>annum</strong></span> 
     </span>
     <span class='ocr_line' id='line_1_20' title="bbox 237 2473 1386 2543; baseline -0.002 0"><span class='ocrx_word' id='word_1_154' title='bbox 237 2478 362 2543; x_wconf 91' lang='lat' dir='ltr'><strong>multa</strong></span> <span class='ocrx_word' id='word_1_155' title='bbox 384 2477 469 2541; x_wconf 88' lang='lat' dir='ltr'><strong>eins</strong></span> <span class='ocrx_word' id='word_1_156' title='bbox 492 2475 745 2540; x_wconf 88' lang='lat' dir='ltr'><strong>incommoda</strong></span> <span class='ocrx_word' id='word_1_157' title='bbox 767 2473 865 2539; x_wconf 89' lang='lat' dir='ltr'><strong>belli</strong></span> <span class='ocrx_word' id='word_1_158' title='bbox 894 2475 1054 2540; x_wconf 88' lang='lat' dir='ltr'><strong>sentire.</strong></span> <span class='ocrx_word' id='word_1_159' title='bbox 1098 2474 1199 2539; x_wconf 90' lang='lat' dir='ltr'><strong>Mari</strong></span> <span class='ocrx_word' id='word_1_160' title='bbox 1221 2476 1386 2542; x_wconf 88' lang='lat' dir='ltr'><strong>interim</strong></span> 
     </span>
     <span class='ocr_line' id='line_1_21' title="bbox 236 2580 1385 2667; baseline -0.003 -16"><span class='ocrx_word' id='word_1_161' title='bbox 236 2585 398 2651; x_wconf 91' lang='lat' dir='ltr'><strong>incluso</strong></span> <span class='ocrx_word' id='word_1_162' title='bbox 431 2583 613 2666; x_wconf 91' lang='lat' dir='ltr'><strong>inopiam</strong></span> <span class='ocrx_word' id='word_1_163' title='bbox 646 2580 822 2647; x_wconf 88' lang='lat' dir='ltr'><strong>insulam</strong></span> <span class='ocrx_word' id='word_1_164' title='bbox 854 2583 1015 2667; x_wconf 89' lang='lat' dir='ltr'><strong>inopem</strong></span> <span class='ocrx_word' id='word_1_165' title='bbox 1047 2584 1142 2648; x_wconf 89' lang='lat' dir='ltr'><strong>miss</strong></span> <span class='ocrx_word' id='word_1_166' title='bbox 1175 2583 1204 2652; x_wconf 87' lang='grc'><strong>*,</strong></span> <span class='ocrx_word' id='word_1_167' title='bbox 1225 2583 1385 2667; x_wconf 83' lang='lat' dir='ltr'><strong>(spatium</strong></span> 
     </span>
     <span class='ocr_line' id='line_1_22' title="bbox 237 2689 1384 2772; baseline -0.001 -13"><span class='ocrx_word' id='word_1_168' title='bbox 237 2715 294 2759; x_wconf 81' lang='lat' dir='ltr'><strong>sex</strong></span> <span class='ocrx_word' id='word_1_169' title='bbox 315 2692 384 2757; x_wconf 84' lang='lat' dir='ltr'><strong>fere</strong></span> <span class='ocrx_word' id='word_1_170' title='bbox 406 2690 604 2772; x_wconf 85' lang='lat' dir='ltr'><strong>litterarum)</strong></span> <span class='ocrx_word' id='word_1_171' title='bbox 627 2689 792 2755; x_wconf 91' lang='lat' dir='ltr'><strong>ritimus</strong></span> <span class='ocrx_word' id='word_1_172' title='bbox 809 2690 951 2755; x_wconf 88' lang='lat' dir='ltr'><strong>iunear</strong></span> <span class='ocrx_word' id='word_1_173' title='bbox 974 2689 1056 2771; x_wconf 88' lang='lat' dir='ltr'><strong>(tres</strong></span> <span class='ocrx_word' id='word_1_174' title='bbox 1078 2689 1128 2757; x_wconf 88' lang='lat' dir='ltr'><strong>has</strong></span> <span class='ocrx_word' id='word_1_175' title='bbox 1149 2691 1269 2757; x_wconf 84' lang='lat' dir='ltr'><strong>litterae</strong></span> <span class='ocrx_word' id='word_1_176' title='bbox 1290 2691 1384 2758; x_wconf 87' lang='lat' dir='ltr'><strong>valde</strong></span> 
     </span>
     <span class='ocr_line' id='line_1_23' title="bbox 237 2798 1386 2881; baseline -0.003 -14"><span class='ocrx_word' id='word_1_177' title='bbox 237 2800 357 2881; x_wconf 87' lang='lat' dir='ltr'><strong>dubiae)</strong></span> <span class='ocrx_word' id='word_1_178' title='bbox 391 2798 552 2864; x_wconf 89' lang='lat' dir='ltr'><strong>colendi</strong></span> <span class='ocrx_word' id='word_1_179' title='bbox 586 2799 725 2878; x_wconf 86' lang='lat' dir='ltr'><strong>itaque</strong></span> <span class='ocrx_word' id='word_1_180' title='bbox 759 2799 1050 2864; x_wconf 89' lang='lat' dir='ltr'><strong>commeatibus</strong></span> <span class='ocrx_word' id='word_1_181' title='bbox 1085 2820 1170 2864; x_wconf 89' lang='lat' dir='ltr'><strong>cum</strong></span> <span class='ocrx_word' id='word_1_182' title='bbox 1203 2799 1243 2863; x_wconf 93' lang='lat' dir='ltr'><strong>id</strong></span> <span class='ocrx_word' id='word_1_183' title='bbox 1275 2800 1386 2865; x_wconf 88' lang='lat' dir='ltr'><strong>ultre</strong></span> 
     </span>
     <span class='ocr_line' id='line_1_24' title="bbox 236 2905 1384 2994; baseline 0.001 -20"><span class='ocrx_word' id='word_1_184' title='bbox 236 2910 345 2994; x_wconf 89' lang='lat' dir='ltr'><strong>parti</strong></span> <span class='ocrx_word' id='word_1_185' title='bbox 368 2929 444 2972; x_wconf 91' lang='lat' dir='ltr'><strong>non</strong></span> <span class='ocrx_word' id='word_1_186' title='bbox 467 2914 651 2990; x_wconf 85' lang='lat' dir='ltr'><strong>possent,</strong></span> <span class='ocrx_word' id='word_1_187' title='bbox 679 2905 840 2988; x_wconf 86' lang='lat' dir='ltr'><strong>legatos</strong></span> <span class='ocrx_word' id='word_1_188' title='bbox 869 2907 972 2972; x_wconf 89' lang='lat' dir='ltr'><strong>alios</strong></span> <span class='ocrx_word' id='word_1_189' title='bbox 1001 2906 1049 2971; x_wconf 88' lang='lat' dir='ltr'><strong>ad</strong></span> <span class='ocrx_word' id='word_1_190' title='bbox 1078 2906 1226 2973; x_wconf 88' lang='lat' dir='ltr'><strong>Persea</strong></span> <span class='ocrx_word' id='word_1_191' title='bbox 1247 2909 1286 2972; x_wconf 93' lang='lat' dir='ltr'><strong>in</strong></span> <span class='ocrx_word' id='word_1_192' title='bbox 1310 2907 1384 2976; x_wconf 87' lang='lat' dir='ltr'><strong>Ma·</strong></span> 
     </span>
     <span class='ocr_line' id='line_1_25' title="bbox 236 3013 1384 3101; baseline 0.001 -18"><span class='ocrx_word' id='word_1_193' title='bbox 236 3017 445 3084; x_wconf 90' lang='lat' dir='ltr'><strong>oedoniam</strong></span> <span class='ocrx_word' id='word_1_194' title='bbox 468 3016 639 3090; x_wconf 86' lang='lat' dir='ltr'><strong>misisse,</strong></span> <span class='ocrx_word' id='word_1_195' title='bbox 662 3021 724 3078; x_wconf 90' lang='lat' dir='ltr'><strong>cet.</strong></span> <span class='ocrx_word' id='word_1_196' title='bbox 758 3013 860 3095; x_wconf 90' lang='lat' dir='ltr'><strong>(Imus</strong></span> <span class='ocrx_word' id='word_1_197' title='bbox 883 3015 1010 3098; x_wconf 81' lang='lat' dir='ltr'><strong>paginae</strong></span> <span class='ocrx_word' id='word_1_198' title='bbox 1033 3036 1145 3080; x_wconf 84' lang='lat' dir='ltr'><strong>versus</strong></span> <span class='ocrx_word' id='word_1_199' title='bbox 1162 3016 1205 3081; x_wconf 83' lang='lat' dir='ltr'><strong>ab</strong></span> <span class='ocrx_word' id='word_1_200' title='bbox 1227 3018 1384 3101; x_wconf 87' lang='lat' dir='ltr'><strong>inopem</strong></span> 
     </span>
     <span class='ocr_line' id='line_1_26' title="bbox 236 3120 1384 3207; baseline 0.001 -16"><span class='ocrx_word' id='word_1_201' title='bbox 236 3126 277 3191; x_wconf 88' lang='lat' dir='ltr'><strong>ad</strong></span> <span class='ocrx_word' id='word_1_202' title='bbox 312 3127 457 3190; x_wconf 87' lang='lat' dir='ltr'><strong>inuear</strong></span> <span class='ocrx_word' id='word_1_203' title='bbox 491 3120 535 3205; x_wconf 73' lang='lat' dir='ltr'><strong>[i]</strong></span> <span class='ocrx_word' id='word_1_204' title='bbox 559 3123 680 3207; x_wconf 88' lang='lat' dir='ltr'><strong>partim</strong></span> <span class='ocrx_word' id='word_1_205' title='bbox 713 3143 828 3187; x_wconf 88' lang='lat' dir='ltr'><strong>erasus</strong></span> <span class='ocrx_word' id='word_1_206' title='bbox 863 3122 937 3203; x_wconf 85' lang='lat' dir='ltr'><strong>est.)</strong></span> <span class='ocrx_word' id='word_1_207' title='bbox 981 3122 1106 3189; x_wconf 87' lang='lat' dir='ltr'><strong>Praeter</strong></span> <span class='ocrx_word' id='word_1_208' title='bbox 1139 3123 1223 3189; x_wconf 89' lang='lat' dir='ltr'><strong>alios</strong></span> <span class='ocrx_word' id='word_1_209' title='bbox 1256 3146 1384 3192; x_wconf 85' lang='lat' dir='ltr'><strong>errores</strong></span> 
     </span>
     <span class='ocr_line' id='line_1_27' title="bbox 236 3232 1384 3315; baseline -0.001 -15"><span class='ocrx_word' id='word_1_210' title='bbox 236 3236 334 3299; x_wconf 86' lang='lat' dir='ltr'><strong>etiam</strong></span> <span class='ocrx_word' id='word_1_211' title='bbox 353 3232 642 3315; x_wconf 86' lang='lat' dir='ltr'><strong>transpositionem</strong></span> <span class='ocrx_word' id='word_1_212' title='bbox 660 3251 776 3296; x_wconf 83' lang='lat' dir='ltr'><strong>vocum</strong></span> <span class='ocrx_word' id='word_1_213' title='bbox 794 3232 963 3310; x_wconf 89' lang='lat' dir='ltr'><strong>accidisse,</strong></span> <span class='ocrx_word' id='word_1_214' title='bbox 986 3233 1147 3315; x_wconf 88' lang='lat' dir='ltr'><strong>suspicor,</strong></span> <span class='ocrx_word' id='word_1_215' title='bbox 1172 3234 1384 3299; x_wconf 90' lang='lat' dir='ltr'><strong>sententiam·</strong></span> 
     </span>
     <span class='ocr_line' id='line_1_28' title="bbox 235 3338 1381 3427; baseline -0.001 -19"><span class='ocrx_word' id='word_1_216' title='bbox 235 3364 298 3427; x_wconf 87' lang='lat' dir='ltr'><strong>qne</strong></span> <span class='ocrx_word' id='word_1_217' title='bbox 320 3342 421 3408; x_wconf 87' lang='lat' dir='ltr'><strong>talem</strong></span> <span class='ocrx_word' id='word_1_218' title='bbox 443 3340 511 3405; x_wconf 83' lang='lat' dir='ltr'><strong>iere</strong></span> <span class='ocrx_word' id='word_1_219' title='bbox 533 3338 648 3404; x_wconf 86' lang='lat' dir='ltr'><strong>fuisse:</strong></span> <span class='ocrx_word' id='word_1_220' title='bbox 682 3338 864 3404; x_wconf 89' lang='lat' dir='ltr'><strong>Tertium</strong></span> <span class='ocrx_word' id='word_1_221' title='bbox 887 3360 928 3405; x_wconf 89' lang='lat' dir='ltr'><strong>se</strong></span> <span class='ocrx_word' id='word_1_222' title='bbox 952 3360 1096 3405; x_wconf 89' lang='lat' dir='ltr'><strong>annum</strong></span> <span class='ocrx_word' id='word_1_223' title='bbox 1118 3341 1209 3406; x_wconf 88' lang='lat' dir='ltr'><strong>eius</strong></span> <span class='ocrx_word' id='word_1_224' title='bbox 1231 3342 1381 3407; x_wconf 92' lang='lat' dir='ltr'><strong>incom-</strong></span> 
     </span>
     <span class='ocr_line' id='line_1_29' title="bbox 235 3447 1381 3531; baseline -0.001 -15"><span class='ocrx_word' id='word_1_225' title='bbox 235 3450 350 3515; x_wconf 89' lang='lat' dir='ltr'><strong>moda</strong></span> <span class='ocrx_word' id='word_1_226' title='bbox 370 3448 470 3514; x_wconf 88' lang='lat' dir='ltr'><strong>belli</strong></span> <span class='ocrx_word' id='word_1_227' title='bbox 495 3447 648 3511; x_wconf 88' lang='lat' dir='ltr'><strong>sentire</strong></span> <span class='ocrx_word' id='word_1_228' title='bbox 664 3447 763 3510; x_wconf 89' lang='lat' dir='ltr'><strong>mari</strong></span> <span class='ocrx_word' id='word_1_229' title='bbox 781 3447 1025 3527; x_wconf 71' lang='lat' dir='ltr'><strong>intercluso,</strong></span> <span class='ocrx_word' id='word_1_230' title='bbox 1046 3449 1206 3531; x_wconf 89' lang='lat' dir='ltr'><strong>inopem</strong></span> <span class='ocrx_word' id='word_1_231' title='bbox 1229 3448 1381 3531; x_wconf 70' lang='lat' dir='ltr'><strong>(enimi)</strong></span> 
     </span>
     <span class='ocr_line' id='line_1_30' title="bbox 235 3553 1383 3639; baseline 0 -16"><span class='ocrx_word' id='word_1_232' title='bbox 235 3557 413 3623; x_wconf 89' lang='lat' dir='ltr'><strong>insulam</strong></span> <span class='ocrx_word' id='word_1_233' title='bbox 441 3553 626 3621; x_wconf 89' lang='lat' dir='ltr'><strong>colentes</strong></span> <span class='ocrx_word' id='word_1_234' title='bbox 659 3555 880 3619; x_wconf 89' lang='lat' dir='ltr'><strong>maritimis</strong></span> <span class='ocrx_word' id='word_1_235' title='bbox 908 3556 1042 3620; x_wconf 84' lang='lat' dir='ltr'><strong>vivere</strong></span> <span class='ocrx_word' id='word_1_236' title='bbox 1076 3557 1383 3639; x_wconf 76' lang='lat' dir='ltr'><strong>commeatibus,</strong></span> 
     </span>
     <span class='ocr_line' id='line_1_31' title="bbox 235 3662 1382 3749; baseline 0.001 -19"><span class='ocrx_word' id='word_1_237' title='bbox 235 3667 374 3749; x_wconf 86' lang='lat' dir='ltr'><strong>itaque</strong></span> <span class='ocrx_word' id='word_1_238' title='bbox 398 3683 514 3748; x_wconf 91' lang='lat' dir='ltr'><strong>quum</strong></span> <span class='ocrx_word' id='word_1_239' title='bbox 537 3662 577 3727; x_wconf 92' lang='lat' dir='ltr'><strong>id</strong></span> <span class='ocrx_word' id='word_1_240' title='bbox 598 3662 709 3726; x_wconf 89' lang='lat' dir='ltr'><strong>ultra</strong></span> <span class='ocrx_word' id='word_1_241' title='bbox 729 3663 817 3745; x_wconf 91' lang='lat' dir='ltr'><strong>pati</strong></span> <span class='ocrx_word' id='word_1_242' title='bbox 838 3684 917 3727; x_wconf 91' lang='lat' dir='ltr'><strong>non</strong></span> <span class='ocrx_word' id='word_1_243' title='bbox 940 3671 1123 3747; x_wconf 85' lang='lat' dir='ltr'><strong>possent,</strong></span> <span class='ocrx_word' id='word_1_244' title='bbox 1146 3672 1207 3730; x_wconf 89' lang='lat' dir='ltr'><strong>cet.</strong></span> <span class='ocrx_word' id='word_1_245' title='bbox 1254 3664 1382 3731; x_wconf 88' lang='lat' dir='ltr'><strong>Sterilis</strong></span> 
     </span>
     <span class='ocr_line' id='line_1_32' title="bbox 235 3768 1382 3858; baseline 0.002 -21"><span class='ocrx_word' id='word_1_246' title='bbox 235 3774 304 3857; x_wconf 82' lang='lat' dir='ltr'><strong>agri</strong></span> <span class='ocrx_word' id='word_1_247' title='bbox 327 3793 430 3857; x_wconf 85' lang='lat' dir='ltr'><strong>parva</strong></span> <span class='ocrx_word' id='word_1_248' title='bbox 451 3770 561 3835; x_wconf 89' lang='lat' dir='ltr'><strong>insula</strong></span> <span class='ocrx_word' id='word_1_249' title='bbox 582 3768 717 3836; x_wconf 90' lang='lat' dir='ltr'><strong>Rhodus</strong></span> <span class='ocrx_word' id='word_1_250' title='bbox 739 3770 926 3858; x_wconf 86' lang='lat' dir='ltr'><strong>appellatur</strong></span> <span class='ocrx_word' id='word_1_251' title='bbox 947 3771 1043 3852; x_wconf 87' lang='lat' dir='ltr'><strong>XLV,</strong></span> <span class='ocrx_word' id='word_1_252' title='bbox 1067 3776 1116 3852; x_wconf 74' lang='lat'><strong>25,</strong></span> <span class='ocrx_word' id='word_1_253' title='bbox 1142 3777 1190 3838; x_wconf 80' lang='lat'><strong>12.</strong></span> <span class='ocrx_word' id='word_1_254' title='bbox 1227 3774 1291 3839; x_wconf 90' lang='lat' dir='ltr'><strong>Sed</strong></span> <span class='ocrx_word' id='word_1_255' title='bbox 1313 3773 1382 3840; x_wconf 82' lang='lat' dir='ltr'><strong>hoec</strong></span> 
     </span>
     <span class='ocr_line' id='line_1_33' title="bbox 234 3877 1383 3964; baseline 0.003 -20"><span class='ocrx_word' id='word_1_256' title='bbox 234 3879 409 3946; x_wconf 89' lang='lat' dir='ltr'><strong>hariolatio</strong></span> <span class='ocrx_word' id='word_1_257' title='bbox 433 3885 491 3943; x_wconf 88' lang='lat' dir='ltr'><strong>est.</strong></span> <span class='ocrx_word' id='word_1_258' title='bbox 536 3878 653 3962; x_wconf 86' lang='lat' dir='ltr'><strong>[Paulo</strong></span> <span class='ocrx_word' id='word_1_259' title='bbox 677 3877 774 3942; x_wconf 86' lang='lat' dir='ltr'><strong>aliter</strong></span> <span class='ocrx_word' id='word_1_260' title='bbox 798 3882 894 3944; x_wconf 83' lang='lat'>1864:</span> <span class='ocrx_word' id='word_1_261' title='bbox 917 3881 1078 3964; x_wconf 90' lang='lat' dir='ltr'><strong>inopem</strong></span> <span class='ocrx_word' id='word_1_262' title='bbox 1100 3882 1273 3947; x_wconf 86' lang='lat' dir='ltr'><strong>insulam</strong></span> <span class='ocrx_word' id='word_1_263' title='bbox 1296 3903 1383 3948; x_wconf 88' lang='lat' dir='ltr'><strong>esse</strong></span> 
     </span>
     <span class='ocr_line' id='line_1_34' title="bbox 235 3986 1383 4072; baseline 0.001 -18"><span class='ocrx_word' id='word_1_264' title='bbox 235 4010 359 4068; x_wconf 72' lang='lat' dir='ltr'><strong>suam,</strong></span> <span class='ocrx_word' id='word_1_265' title='bbox 384 3987 602 4052; x_wconf 87' lang='lat' dir='ltr'><strong>maritimis</strong></span> <span class='ocrx_word' id='word_1_266' title='bbox 625 3986 757 4052; x_wconf 84' lang='lat' dir='ltr'><strong>vivere</strong></span> <span class='ocrx_word' id='word_1_267' title='bbox 779 3987 1010 4054; x_wconf 89' lang='lat' dir='ltr'><strong>incolentes</strong></span> <span class='ocrx_word' id='word_1_268' title='bbox 1032 3987 1383 4072; x_wconf 78' lang='lat' dir='ltr'><strong>commeatibus.]1)</strong></span> 
     </span>
    </p>
   </div>
   <div class='ocr_carea' id='block_1_3' title="bbox 253 4207 1382 4277">
    <p class='ocr_par' dir='ltr' id='par_1_6' title="bbox 253 4207 1382 4277">
     <span class='ocr_line' id='line_1_35' title="bbox 253 4207 1382 4277; baseline 0.001 -16"><span class='ocrx_word' id='word_1_269' title='bbox 253 4208 283 4277; x_wconf 67' lang='lat'><strong>3)</strong></span> <span class='ocrx_word' id='word_1_270' title='bbox 301 4208 397 4277; x_wconf 83' lang='lat' dir='ltr'><strong>[Gitlb.</strong></span> <span class='ocrx_word' id='word_1_271' title='bbox 417 4226 441 4276; x_wconf 95' lang='lat' dir='ltr'><strong>p.</strong></span> <span class='ocrx_word' id='word_1_272' title='bbox 469 4211 502 4262; x_wconf 78' lang='grc'><strong>68</strong></span> <span class='ocrx_word' id='word_1_273' title='bbox 527 4210 557 4263; x_wconf 92' lang='lat' dir='ltr'><strong>in</strong></span> <span class='ocrx_word' id='word_1_274' title='bbox 576 4208 675 4263; x_wconf 89' lang='lat' dir='ltr'><strong>codiee</strong></span> <span class='ocrx_word' id='word_1_275' title='bbox 699 4209 797 4262; x_wconf 86' lang='lat' dir='ltr'><strong>scribit</strong></span> <span class='ocrx_word' id='word_1_276' title='bbox 824 4225 901 4264; x_wconf 86' lang='lat' dir='ltr'><strong>esse:</strong></span> <span class='ocrx_word' id='word_1_277' title='bbox 929 4210 1017 4263; x_wconf 86' lang='lat' dir='ltr'><strong>mari</strong></span> <span class='ocrx_word' id='word_1_278' title='bbox 1044 4207 1193 4264; x_wconf 88' lang='lat' dir='ltr'><strong>interim</strong></span> <span class='ocrx_word' id='word_1_279' title='bbox 1221 4210 1255 4263; x_wconf 91' lang='lat' dir='ltr'><strong>in</strong></span> <span class='ocrx_word' id='word_1_280' title='bbox 1282 4210 1382 4265; x_wconf 87' lang='lat' dir='ltr'><strong>cluso</strong></span> 
     </span>
    </p>
   </div>
   <div class='ocr_carea' id='block_1_4' title="bbox 0 0 1534 5272">
    <p class='ocr_par' dir='ltr' id='par_1_7' title="bbox 0 0 1534 5272">
     <span class='ocr_line' id='line_1_36' title="bbox 0 0 1534 5272; baseline 0 1"><span class='ocrx_word' id='word_1_281' title='bbox 0 0 1534 5272; x_wconf 95' lang='lat' dir='ltr'><strong> </strong></span> 
     </span>
    </p>
   </div>
  </div>
 </body>
</html>
