3060 5272
237 356 299 409 Lib.
319 353 418 407 XXXI.
783 338 846 400 462

239 548 308 591 nos
342 525 477 602 urbes,
521 544 621 605 quum
654 523 838 605 prasertim
872 521 926 586 hic
957 520 1112 586 librarius
1144 541 1249 587 vacuo
1284 520 1401 605 spatio

239 655 319 698 usus
342 634 400 709 sit,
431 630 568 708 et'alia,
599 629 642 694 ad
665 651 737 712 quaa
751 629 886 697 tuenda
909 639 1060 713 apertum
1083 626 1212 695 Gelenii
1235 634 1297 692 aut
1317 633 1402 711 post

239 740 386 817 XXXIII,
419 743 457 802 17
480 723 663 820 Moguutini
687 737 912 802 testimonium
936 759 1001 802 uon
1024 734 1214 801 habemus.“
1239 770 1284 781 -
1311 732 1397 813 Quas

237 848 288 912 his
311 870 340 912 a.
368 851 448 911 1865
471 846 504 908 in
528 844 655 928 praefat.
681 844 759 909 fasc.
783 848 802 908 2
827 844 1040 927 superaddidi
1070 844 1111 909 dc
1133 842 1280 925 reliquiis
1303 862 1402 907 erro·

237 956 283 1019 ris
314 962 347 1019 et
375 954 570 1037 suspicionis
599 953 775 1016 maximam
805 959 932 1034 partem
961 951 1097 1016 abiectae
1120 949 1208 1034 apud
1231 949 1400 1014 Weissen-

237 1062 399 1134 bornium,
424 1061 529 1144 repeti
552 1059 633 1124 nihil
657 1081 740 1143 opus
764 1056 836 1140 est]

673 1285 765 1365 Lib.
799 1283 954 1364 XXXI.

325 1418 403 1501 Cap.
429 1422 462 1495 2,
493 1422 526 1480 6:
562 1417 596 1480 P.
623 1416 748 1480 AElius
778 1414 920 1480 consul
949 1416 988 1479 in
1017 1414 1222 1480 Gallia-
1244 1411 1280 1478 G.
1304 1413 1396 1477 Am·

240 1527 363 1608 pium,
397 1524 635 1608 prafectum
671 1525 836 1601 socium,
869 1522 942 1586 hac
977 1522 1248 1587 tumultuaria
1277 1541 1397 1586 manu

240 1655 310 1714 par
350 1632 568 1705 Umbriam,
614 1652 733 1714 quam
777 1631 929 1694 tribum
970 1631 1177 1713 Sapiniam
1223 1634 1396 1708 vocant,

240 1755 375 1822 ugrum
405 1739 593 1803 Boiorum
623 1738 817 1802 invadere
845 1740 977 1802 iussit.
1036 1737 1210 1815 Convenit,
1244 1736 1332 1817 quod
1361 1741 1399 1801 et

239 1869 278 1909 ex
302 1845 406 1910 altero
429 1846 517 1919 loco,
547 1840 619 1909 libr.
644 1845 801 1923 XXXIII,
831 1849 886 1924 37,
916 1845 1118 1927 intellegitur
1147 1851 1180 1909 et
1203 1864 1242 1908 ex
1264 1842 1397 1927 plagas

239 1954 445 2017 Ilatcriuae
468 1955 500 2016 in
524 1953 596 2017 libr.
621 1952 682 2031 IX,
711 1957 748 2015 41
775 1954 955 2031 mentione,
985 1952 1092 2016 tribus
1116 1930 1258 2035 Sapiniia
1280 1949 1397 2034 appel·

239 2061 361 2125 latione
384 2084 447 2125 uon
471 2069 573 2126 totam
598 2060 783 2137 Umbriam,
813 2060 870 2123 sed
899 2059 1044 2144 aliquam
1073 2062 1142 2124 eius
1165 2064 1293 2142 partem
1316 2078 1396 2122 con-

238 2171 350 2245 tineri,
382 2169 439 2233 sed
468 2171 500 2232 iu
530 2190 601 2231 earn
632 2170 829 2232 seriterrtiaru
852 2167 931 2231 hirii
957 2168 1070 2245 verba,
1099 2177 1136 2231 ut
1158 2185 1245 2229 nunc
1267 2165 1397 2246 scripta

238 2284 330 2353 suut,
359 2300 424 2341 nou
454 2286 532 2359 puto
562 2277 775 2358 interpretari
798 2274 943 2355 licere¹j
993 2275 1110 2358 Itaque
1133 2297 1154 2338 a
1176 2274 1266 2338 Livio
1290 2272 1396 2356 scrip·

153 2398 223 2465 (367)
243 2393 312 2448 tum
341 2406 413 2448 esse
441 2394 537 2467 puto:
573 2406 641 2466 per
665 2383 881 2461 Umbriam,
916 2400 986 2458 qua
1014 2382 1162 2447 tribum
1187 2379 1397 2464 Sapiniam

237 2498 395 2568 vocant,
429 2491 490 2554 hoc
524 2500 586 2555 est:
624 2512 680 2573 per
710 2489 877 2553 Umbriam
911 2512 950 2554 ea
983 2497 1094 2573 parte,
1128 2510 1194 2570 qua
1229 2489 1294 2552 sita
1328 2494 1392 2567 ast,

239 2619 336 2678 quam
359 2599 482 2661 tribum
502 2600 669 2680 Sapiniam
693 2609 818 2661 vocant.
861 2599 913 2661 Sic
936 2600 1022 2661 enim
1045 2597 1211 2662 interdum
1234 2604 1268 2660 et
1286 2596 1397 2660 tiraeci

241 2709 274 2766 ot
297 2704 406 2768 Latini
429 2705 623 2788 loquuntur,
657 2716 694 2769 ut
723 2705 849 2787 aliquid
879 2727 948 2769 esse
978 2706 1099 2769 alicubi
1123 2714 1156 2768 et
1179 2706 1309 2769 nomine
1332 2701 1395 2766 ali·

241 2833 306 2893 apro
331 2811 491 2893 appellari
514 2812 657 2876 brutiter
681 2835 744 2877 uno
768 2813 956 2894 appellandi
981 2813 1078 2876 verbo
1102 2807 1395 2894 comprehendant.

239 2919 344 2981 Gra-ci
368 2940 447 2982 usus
471 2921 620 3002 exempla
642 2930 761 3003 practer
784 2921 897 2999 lorica,
927 2920 1103 3004 inquibus
1127 2922 1195 2984 iere
1218 2924 1397 3001 poetarum

239 3026 428 3089 testimonia
450 3036 618 3109 ponuntur
642 3029 730 3106 (inde.
754 3028 795 3092 ab
819 3027 953 3091 Homeri
976 3027 1033 3093 illo
1057 3051 1096 3091 ex
1122 3026 1215 3091 Iliad.
1234 3023 1288 3103 XI,
1314 3027 1394 3087 757:

239 3141 368 3194 lilarot'cr·
392 3138 463 3194 ἔνθα
486 3142 589 3209 κολώνη
613 3134 748 3213 κέκληται)
773 3156 832 3197 1166
861 3137 941 3199 satis
966 3135 1007 3199 ab
1032 3135 1105 3199 allis
1129 3134 1300 3209 distincta,
1334 3132 1397 3197 (la-

239 3241 288 3304 bit
316 3240 588 3323 Wyttenbachius
617 3241 658 3304 ad
688 3240 835 3306 Platonis
858 3241 1013 3307 Phaedon.
1037 3265 1067 3325 p.
1092 3246 1154 3306 285
1185 3240 1242 3322 (ad
1272 3262 1303 3322 p.
1329 3243 1392 3305 107

239 3348 295 3428 Ο),
323 3349 412 3413 velut
439 3348 522 3412 illud
545 3348 772 3430 Xenophontis
795 3370 834 3412 ex
856 3349 941 3413 Hell.
965 3349 1007 3429 V,
1039 3353 1073 3427 l,
1106 3353 1159 3413 10:
1194 3353 1266 3410 ἔνθα
1288 3353 1304 3422 ἡ
1329 3361 1395 3429 rpo-

240 3464 343 3537 nappin
379 3465 510 3526 καλεῖται,
545 3463 578 3519 et
606 3456 648 3518 ad
678 3455 982 3520 Pluta1·clr.Mor.II
1011 3479 1040 3539 p.
1065 3461 1125 3521 901
1151 3455 1200 3539 [et
1221 3453 1396 3521 Nauckius

240 3563 282 3627 ad
307 3563 459 3645 Sopbool.
480 3562 558 3626 Ocd.
578 3564 615 3626 R.
640 3561 744 3645 1451}
792 3563 919 3643 Latina,
943 3585 1014 3645 quae
1037 3585 1143 3642 nemo,
1167 3561 1257 3647 quod
1279 3563 1395 3643 sciam,

239 3671 358 3751 attigit,
382 3670 452 3733 haec
474 3678 564 3733 sunt:
595 3670 762 3735 Ciceronis
786 3692 846 3754 pro
870 3670 996 3735 Cluent.
1024 3676 1071 3745 15,
1095 3675 1152 3734 43:
1177 3668 1396 3735 Martiales

239 3776 400 3858 quidam
426 3777 565 3841 Larini
589 3777 927 3861 appellabantur3
957 3779 1104 3843 eiusdem
1127 3778 1168 3842 de
1193 3779 1289 3861 Legg.
1314 3776 1395 3858 1‚8,

318 3950 351 3955 —
362 3949 374 3955 .-
382 3948 465 3955 —-—-

268 4036 292 4103 ¹)
312 4038 456 4091 Creverius
475 4040 634 4092 enarrabat:
661 4056 721 4108 par
738 4038 913 4093 Umbriam
936 4047 969 4095 at
991 4058 1061 4094 eam
1086 4040 1223 4109 quidem
1246 4046 1394 4109 partam,

309 4139 416 4189 quam,
433 4122 500 4177 ficto
520 4124 698 4179 attractionis
717 4142 828 4193 genere.
