3060 5272
213 355 273 410 Lib.
292 354 366 407 Vlll.
758 346 819 405 202

214 529 358 593 ardore
385 528 560 592 militum
590 535 652 592 est
682 552 778 594 usus
807 530 854 596 ab
885 532 946 595 ira
969 532 1079 597 inter
1102 534 1365 600 condiciones

213 637 325 721 pacis
360 635 596 700 interfecta
631 639 846 707 stationis,
883 646 924 703 ut
952 676 1004 704 -.
1052 641 1100 704 Ex
1129 642 1366 707 auulnerum

213 745 310 810 facile
333 752 440 808 ortum
465 750 516 807 est
539 747 840 811 autuulnorum.

300 852 379 935 (lap.
404 856 452 929 32,
477 858 495 914 3
519 852 737 933 (moratione
761 854 795 918 L.
819 855 970 937 Papirii):
1002 855 1141 932 Quaero
1166 863 1367 942 -,‘quum

215 984 403 1026 summum
445 963 655 1044 imperium
690 962 912 1028 dictatoris
948 965 1011 1042 sit,
1046 973 1297 1048 pareantque
1331 969 1366 1032 ei

215 1071 407 1135 consules
436 1104 492 1145 -,
528 1077 725 1154 praetores
754 1107 810 1149 —-,
845 1091 997 1154 aequum
1026 1095 1197 1139 censeas
1228 1097 1365 1154 neone,

215 1179 452 1261 magistrum
492 1179 671 1259 equitum
711 1179 822 1244 dicto
864 1180 1096 1246 audientem
1136 1204 1235 1247 esse.
1292 1183 1366 1247 Iure

215 1286 359 1350 Kochius
382 1287 413 1349 in
437 1288 613 1370 postremis
635 1288 687 1351 his
711 1287 817 1352 verbis
841 1288 986 1352 dativum
1010 1291 1194 1372 requisivit,
1224 1290 1259 1355 id
1281 1292 1367 1354 euim

215 1395 323 1477 ipsum
347 1395 470 1478 agitur,
501 1395 664 1472 eidemne,
694 1396 747 1458 cui
770 1397 885 1475 ceteri,
914 1398 1013 1461 etiam
1042 1399 1200 1479 magister
1221 1400 1368 1480 equitum

217 1524 331 1585 parere
355 1503 483 1567 debeat.
524 1502 589 1566 Sed
612 1504 812 1568 dictatori
836 1504 957 1568 addere
980 1512 1013 1569 ct
1036 1506 1213 1571 violentum
1237 1512 1287 1571 est
1309 1527 1369 1572 nee

216 1610 258 1673 ad
282 1611 420 1675 formam
444 1612 604 1676 orationis
628 1619 707 1695 apta
731 1613 870 1677 nominis
894 1613 998 1695 ipsius
1022 1615 1186 1697 repetitio.
1232 1615 1369 1680 Videtur

215 1718 331 1782 fuisse:
355 1741 488 1797 necne,
512 1719 546 1781 ei
569 1722 806 1801 magistrum
831 1727 890 1784 eet.
937 1723 1059 1802 (1875.)

130 1843 200 1910 (171)
305 1827 383 1910 Cap.
408 1833 457 1900 33,
490 1828 907 1907 17,ubi1·ofertur0rnti0
931 1829 972 1892 M.
997 1829 1089 1893 Fabii
1114 1853 1173 1913 pro
1197 1831 1275 1910 filio,
1300 1854 1368 1896 ma·

215 1937 318 2017 gistro
352 1938 515 2019 equitmn,
557 1938 589 2000 in
623 1937 675 2001 his
710 1937 832 2001 verbis:
879 1937 973 2001 Nam
1012 1939 1154 2021 populi
1193 1941 1365 2023 quidem,

215 2066 335 2127 pones
381 2068 493 2127 quem
539 2052 725 2130 potestas
766 2047 937 2109 omnium
978 2068 1111 2111 rerum
1151 2056 1276 2128 essct,
1323 2072 1369 2114 ne

216 2155 313 2220 iram
354 2155 516 2239 quidem
558 2177 729 2238 uuquam
770 2156 1019 2219 atrociorem
1054 2156 1183 2221 fuisse
1217 2158 1256 2220 in
1291 2180 1368 2237 eos,

216 2266 284 2346 qui
324 2266 561 2330 temeritate
600 2271 724 2348 atque
759 2265 932 2329 inscitia
965 2266 1172 2329 exercitus
1206 2266 1369 2330 amisis·

216 2379 320 2453 sent,
353 2395 469 2456 quam
498 2379 540 2437 ut
563 2373 734 2455 pecunia
757 2394 823 2436 eos
846 2372 1054 2452 multaret,
1087 2373 1296 2438 manifestum
1319 2367 1370 2439 est

217 2484 387 2546 sententia
409 2483 533 2546 vitium.
574 2481 769 2547 Huiusmodi
793 2483 877 2546 enim
900 2481 1052 2562 gradatio
1077 2489 1135 2560 est,
1158 2489 1196 2546 ut
1218 2505 1238 2547 a
1261 2484 1370 2564 singu·

217 2591 322 2655 lorum
353 2591 512 2671 (Quinctii
543 2591 741 2669 Cincinnati,
776 2592 817 2654 M.
847 2591 937 2654 Furii
967 2589 1110 2671 Camilli)
1139 2592 1170 2654 iu
1200 2591 1251 2654 ira
1278 2613 1369 2655 exer·

217 2699 322 2763 cenda
362 2700 586 2763 moderatione
621 2700 830 2782 perveniatur
863 2699 906 2762 ad
940 2699 1054 2782 populi
1088 2677 1309 2779 clementiam,
1350 2722 1370 2765 a

216 2829 290 2891 que,
320 2829 419 2891 quum
444 2809 554 2871 omnia
576 2809 691 2891 possit,
715 2807 845 2890 gravior
867 2807 1024 2871 violentia
1046 2807 1231 2890 cuspectari
1254 2808 1369 2890 possit.

217 2916 332 2996 ltaque
357 2924 445 2980 recte
469 2930 508 2978 'ue
532 2917 559 2978 is
583 2916 714 2997 quidem
737 2916 824 2980 ultra
848 2915 980 2979 modum
1005 2916 1148 2979 sariisse
1172 2913 1236 2978 dici
1259 2920 1371 2998 potest

217 3024 277 3105 (ue
311 3024 454 3107 populi
489 3024 646 3105 quidem
669 3025 769 3087 iram
792 3022 877 3104 cet).
929 3023 1022 3086 Nam
1046 3022 1185 3105 populi
1209 3022 1370 3106 quidem

217 3133 264 3196 sic
287 3131 416 3196 demum
440 3139 528 3196 recte
551 3133 628 3215 poni
652 3137 778 3215 potest,
812 3132 839 3195 si
868 3137 927 3195 aut
955 3130 1036 3194 nihil
1063 3130 1131 3194 tale
1155 3130 1195 3194 de
1218 3152 1257 3195 eo
1281 3131 1371 3214 quis·

217 3262 315 3324 quam
346 3241 505 3324 suspicari
535 3263 632 3324 posse
661 3240 781 3304 dicitur
809 3247 868 3304 aut
891 3239 1093 3322 exspectatio
1116 3238 1149 3302 in
1172 3259 1211 3302 eo
1234 3260 1371 3322 prorsus

217 3348 324 3432 decipi
353 3348 427 3430 (aut
454 3348 516 3413 hoc
544 3350 657 3413 modo:
693 3371 767 3413 nam
796 3347 954 3432 populum
984 3346 1116 3431 quidem
1145 3381 1184 3390 -
1213 3346 1255 3412 ab
1284 3348 1371 3411 omni

217 3458 267 3521 ira
288 3457 474 3536 abhorrrre,
498 3464 557 3521 aut
578 3457 649 3537 hoc,
673 3456 838 3521 translata
860 3455 956 3520 simul
980 3455 1045 3518 alio
1062 3454 1272 3536 gradatione:
1295 3476 1372 3519 uam

217 3566 332 3651 populi
355 3565 487 3648 quidem
510 3567 592 3629 iram
616 3588 656 3629 ne
679 3566 713 3628 in
736 3586 792 3630 eos
815 3563 962 3651 quidem,
991 3563 1049 3646 qui
1072 3563 1258 3626 temeritate
1281 3584 1372 3628 exer-

218 3674 303 3738 citus
338 3674 540 3751 amisissent,
574 3695 638 3737 non
672 3673 779 3738 minus
809 3671 937 3755 aliquid
960 3671 1190 3753 deliquissent,
1225 3676 1372 3736 atrocem

218 3780 344 3862 fuisse).
405 3782 442 3845 Iu
476 3782 542 3861 ira,
576 3783 616 3846 dc
651 3783 743 3846 cuius
776 3780 1002 3846 moderatione
1036 3780 1142 3846 omnis
1176 3779 1284 3844 oratio
1312 3785 1373 3857 est,

218 3889 311 3953 nulla
334 3889 511 3971 significari
535 3890 686 3973 gradatio
712 3895 829 3972 potest,
853 3889 916 3953 nisi
939 3888 1024 3953 torte
1047 3887 1116 3952 haec
1139 3887 1239 3951 alicui
1262 3886 1373 3972 placet

218 3999 394 4077 sententia,
433 3998 547 4082 populi
586 4019 626 4063 ne
666 3999 748 4063 iram
788 3997 936 4082 quidem,
975 3995 1095 4061 nedum
1135 3996 1275 4079 gratiam
1313 4002 1373 4061 aut

219 4104 458 4170 humanitatem
492 4107 645 4171 saeviisse.
701 4105 766 4171 Sed
799 4105 1012 4170 temerarium
1040 4105 1171 4169 videtur
1199 4104 1372 4188 suspicari,

218 4212 344 4278 Liuium
368 4215 555 4299 scripsisse:
584 4215 613 4280 N
621 4237 638 4280 e
661 4214 804 4300 populi
827 4214 987 4301 quidem
1010 4213 1177 4295 -iram
1201 4232 1374 4297 unquam
