3060 5272
158 348 219 403 Lib.
238 348 362 401 xxxvl.
703 336 763 397 522

155 520 264 584 haud
293 520 457 584 facilem
487 541 582 602 pars
605 518 803 586 habebat.
837 518 881 583 M.
905 518 1037 583 Baebio
1061 516 1122 599 (Β;’
1150 540 1169 583 e
1195 520 1326 587 ceteris

156 628 197 691 ad
238 629 436 710 scripturam
471 627 512 690 M.
544 625 722 691 Baebium
760 625 844 690 nihil
883 624 1047 705 notatur),
1088 625 1137 691 ab
1178 626 1326 693 altero

155 735 301 818 angulo
327 735 485 817 (quidam.
515 736 541 798 si
565 740 654 798 recte
677 739 821 798 tacetur:
852 734 900 797 ab
924 734 1058 799 altero
1081 732 1325 817 amnicnlo),

155 864 268 925 quem
301 842 456 907 Melena
496 824 656 919 vocant,
697 841 895 906 adversus
930 840 1067 905 Dianae
1104 840 1324 925 templum,

154 950 247 1034 App.
280 948 495 1014 Claudium
535 949 746 1033 opposuit,
787 950 820 1012 in
855 969 922 1031 qua
955 948 1133 1030 scriptura,
1173 956 1214 1013 ut
1250 950 1325 1015 olio

155 1057 254 1121 dubia
283 1058 364 1135 sint,
398 1058 431 1120 id
466 1056 603 1121 dubium
639 1078 705 1119 non
740 1063 806 1131 est,
842 1056 920 1138 quin
950 1063 1026 1120 anto
1053 1054 1323 1139 frequentius

157 1165 281 1248 aliquid
311 1165 480 1229 exciderit.
533 1165 569 1227 ln
593 1164 626 1227 M
650 1165 791 1247 primum
815 1162 1017 1227 Carbachius
1048 1162 1095 1227 sio
1122 1162 1227 1229 scribi
1258 1164 1323 1231 ad·

154 1272 295 1337 notarit:
351 1308 393 1318 —
428 1272 729 1355 oppugnationi
764 1272 990 1354 praeposuit
1030 1291 1161 1336 arcem
1194 1280 1322 1339 extra

154 1402 305 1451 muros,
340 1401 423 1461 queo
452 1379 713 1461 frequentius
742 1399 865 1461 prope
890 1399 1005 1459 quam
1027 1377 1123 1443 urbe
1146 1378 1322 1447 habita-

155 1486 289 1563 batur,
313 1486 430 1551 deinde
455 1507 514 1569 pro
538 1486 618 1550 illis:
655 1487 860 1568 regionem
884 1485 1006 1549 Mella
1030 1506 1191 1569 quoque
1217 1486 1321 1553 Gele-

154 1594 226 1656 nius
261 1595 293 1656 in
322 1594 354 1657 M
389 1602 420 1657 et
451 1593 596 1675 Spirensi
630 1592 710 1676 (quo
746 1593 851 1657 altero
882 1593 994 1658 codice
1025 1614 1103 1657 usus
1134 1592 1200 1673 est)
1233 1594 1320 1661 dicit

155 1721 242 1763 esse:
277 1702 411 1764 asinu
436 1700 610 1764 Maliaco
641 1722 740 1782 (puae,
775 1705 943 1783 postremo
967 1722 1073 1782 ,quum
1102 1702 1135 1764 in
1165 1700 1318 1769 editione

156 1808 226 1889 ipsa
248 1806 441 1889 Mogontina
466 1816 566 1872 esset.
601 1815 636 1871 ut
661 1809 693 1871 in
718 1808 959 1889 superioribus:
994 1808 1042 1871 ab
1072 1808 1206 1873 altero
1231 1830 1318 1875 am·

155 1914 307 1982 niculo.
342 1936 456 1997 quem
485 1914 646 1979 Melena
680 1921 841 1991 vocant,
877 1913 1079 1979 Carbaohius
1109 1936 1126 1979 e
1154 1914 1230 1981 cod.
1255 1918 1318 1983 ad-

155 2023 297 2087 notavit:
333 2023 379 2086 ab
409 2023 542 2086 altero
575 2023 701 2086 amnis
731 2021 879 2091 latere,
914 2043 1030 2103 quem
1052 2021 1214 2087 Melana
1245 2046 1318 2091 ro·

154 2136 268 2201 cant.
299 2132 357 2195 sed
383 2129 537 2193 Gelenius
562 2128 724 2207 adfirmat,
753 2136 784 2192 et
808 2128 841 2191 M
865 2135 896 2192 et
921 2128 1004 2211 Spir.
1028 2129 1150 2194 habere
1178 2130 1228 2195 ab
1253 2132 1318 2197 al-

154 2243 244 2301 tero
279 2238 494 2302 amniculo.
552 2237 697 2301 Primum
731 2237 764 2299 in
793 2236 1003 2317 Mellaquo
1039 2258 1113 2318 que
1143 2235 1184 2316 (B
1213 2236 1316 2319 dett.)

156 2352 269 2425 aperte
299 2346 383 2409 iuest
412 2344 444 2407 id
474 2346 593 2427 ipsum,
628 2344 715 2425 quod
740 2343 772 2407 M
798 2344 952 2407 servarit:
988 2344 1179 2421 Maliaco,
1213 2366 1314 2429 qnae.

155 2450 281 2519 Deinde
312 2452 394 2514 illud
423 2461 539 2515 extra
569 2472 699 2515 muros
731 2451 900 2532 perspicue
935 2458 966 2515 et
1002 2472 1055 2515 res
1079 2450 1256 2519 confirmat
1280 2460 1317 2519 et

156 2556 244 2638 quod
269 2578 295 2619 c.
320 2560 375 2627 24,
405 2562 422 2619 5
453 2556 493 2621 de
523 2557 636 2621 eadem
659 2557 707 2620 Ti.
733 2557 915 2639 Sempronii
947 2566 1042 2640 parte
1066 2558 1107 2639 (o.
1133 2564 1189 2637 24,
1219 2556 1255 2641 2)
1279 2562 1315 2627 in

156 2661 268 2725 eodem
293 2663 325 2726 M
349 2662 518 2727 scribitur.
549 2665 667 2727 ceteris
691 2664 787 2745 louge
811 2664 1059 2730 aberrantibus:
1093 2666 1194 2731 Pars
1224 2688 1314 2747 una,

156 2770 194 2831 in
228 2790 303 2850 qua
337 2769 518 2833 aedificia
553 2778 668 2834 ostra
701 2771 837 2834 urbem
871 2780 996 2837 eraut.
1054 2772 1118 2837 Sed
1146 2773 1188 2837 ab
1217 2794 1314 2841 arce

156 2873 243 2957 (quae
272 2875 463 2940 imminebat
494 2877 565 2941 loco
590 2877 657 2942 alto
682 2888 714 2941 et
738 2879 882 2961 undique
907 2881 1084 2963 praecipiti,
1115 2878 1132 2961 ξ
1156 2886 1191 2959 5,
1221 2890 1254 2945 et
1278 2885 1313 2947 in

157 3002 257 3065 quani
273 2982 374 3046 AEtoli
398 3004 433 3048 se
457 2992 661 3067 receperunt,
685 3008 785 3067 quum
808 2988 864 3051 illa
888 2988 962 3069 ipsa
985 2993 1080 3069 parte
1104 2988 1183 3053 urbs
1208 2996 1311 3073 capta

155 3096 257 3165 esset,
294 3090 309 3172 ξ
346 3091 378 3172 6)
413 3091 606 3156 suburbium
640 3094 721 3158 illud
753 3094 915 3158 diversum
947 3092 1065 3171 fuisse,
1100 3095 1314 3163 manifestum

155 3205 219 3269 est;
254 3199 367 3280 itaque
392 3200 546 3264 Gronorii
571 3203 807 3279 coniecturam,
842 3207 996 3284 partem
1020 3202 1209 3281 scribentis,
1242 3202 1314 3269 iere

155 3305 407 3387 amplectuntur,
426 3329 490 3371 non
510 3308 606 3372 valde
624 3308 839 3391 probabilem.
880 3308 959 3371 Mihi
978 3312 1062 3373 arcis
1079 3331 1196 3374 nomen
1215 3312 1313 3375 malae

155 3414 290 3493 originis
314 3421 502 3496 suspectum
523 3422 573 3480 est
593 3424 761 3496 tamquam
782 3415 939 3492 additum,
963 3416 1050 3497 quod
1070 3416 1315 3483 substantivum

156 3519 410 3590 desideraretur.
429 3528 460 3585 et
480 3523 527 3585 sic
545 3522 753 3587 scribendum
771 3521 917 3586 ridetur:
942 3532 1056 3587 extra
1074 3544 1221 3600 meroe,
1241 3543 1315 3601 qu

156 3626 218 3707 (sic
246 3629 311 3691 iam
334 3628 532 3703 Gronovius)
557 3630 813 3710 frequentius
842 3650 968 3712 prope
997 3652 1113 3712 quam
1142 3632 1180 3695 in
1210 3630 1314 3695 urbe

154 3733 441 3799 habitabatur.
486 3735 538 3799 Ti.
581 3734 819 3817 Sempronio
859 3734 994 3817 Longo
1043 3736 1314 3820 oppugnanda

156 3840 284 3920 dedit3
319 3862 339 3906 a
367 3842 455 3906 sinu
485 3843 678 3911 Maliaco.
712 3862 795 3923 qua
825 3842 982 3907 aditum
1012 3842 1117 3907 haud
1147 3843 1314 3911 facilem

153 3968 250 4030 pars
279 3949 475 4019 habebat,
505 3950 546 4013 M.
577 3950 767 4016 llaebium.
799 3948 846 4013 ab
875 3949 1007 4014 altero
1038 3950 1241 4015 arnnioulo
1268 3986 1315 3995 —

155 4054 250 4138 App.
275 4056 492 4120 Claudium
522 4058 727 4139 opposuit.
785 4054 819 4120 Si
849 4057 922 4138 quis
944 4059 978 4121 in
1003 4056 1027 4119 B
1052 4058 1235 4139 ceterisque
1258 4056 1315 4137 (et

158 4163 377 4245 regionem)
413 4165 479 4227 reri
515 4165 687 4246 vestigium
722 4164 827 4229 latere
864 4162 990 4241 credet,
1025 4163 1162 4229 scribet:
1197 4172 1316 4229 extra
