3060 5272
748 845 809 905 315
1173 848 1235 908 Lib.
1254 855 1355 910 xxm.

200 1032 271 1097 Hoc
301 1031 456 1095 iudicium
487 1026 811 1112 plusquamperfecto
839 1025 1225 1111 (praetermiserant)
1255 1026 1355 1108 signi-

198 1139 291 1204 ficari
327 1140 443 1220 nequit
470 1137 521 1219 (ut
549 1138 592 1202 sit
619 1137 934 1221 praetermisisse
962 1135 1060 1200 mihi
1082 1134 1355 1215 videbantur).

200 1246 416 1312 Scribendum
449 1245 771 1329 praetermissuri
801 1252 934 1323 erant,
969 1243 1058 1325 quod
1085 1240 1182 1307 facile
1210 1243 1243 1306 in
1272 1232 1374 1307 illud‘

200 1356 343 1419 transire
366 1359 505 1437 poterat.
552 1351 676 1432 (1862.)

286 1461 364 1545 Cap.
390 1467 418 1538 7,
444 1466 457 1523 l
484 1461 539 1541 (de
562 1461 682 1543 legatis
706 1457 883 1542 Campanis
906 1460 948 1524 ad
970 1458 1192 1545 Hannibalem
1214 1456 1354 1539 missis):

199 1590 416 1654 pacemque
449 1590 535 1634 cum
568 1590 611 1633 eo
641 1567 957 1633 condicionibus
993 1567 1181 1632 fecerunt
1216 1573 1277 1630 cet.
1307 1565 1356 1646 (in

199 1679 319 1760 quibus
342 1684 578 1741 enumerantur
601 1675 836 1754 condiciones).
888 1674 1118 1740 Scribendum:
1149 1673 1355 1738 condicio·

198 1786 319 1850 nibus
353 1784 404 1846 lls
436 1784 634 1849 fecerunt.
692 1784 890 1862 Pronomen,
924 1783 1013 1864 quod
1047 1788 1123 1867 post
1152 1803 1196 1846 us
1225 1780 1356 1858 excidit

199 1901 323 1958 veteres
358 1893 501 1957 editores
530 1898 619 1956 recte
649 1891 879 1957 desiderarant
907 1891 984 1972 (his
1013 1890 1191 1971 condic).
1242 1889 1355 1953 Omnis

198 2023 263 2087 pax
286 1999 535 2065 condicionibus
557 1999 612 2078 fit,
646 2001 717 2064 haec
750 1999 801 2064 vel
834 1999 892 2062 illa
926 2020 990 2082 pax
1023 1999 1074 2063 his
1102 1997 1153 2062 vel
1182 1997 1248 2062 illis
1277 2018 1355 2064 con-

199 2109 392 2174 dicionibus.
443 2107 546 2173 Prave
574 2108 618 2172 ad
646 2106 886 2173 defendendam
914 2108 1116 2191 pronominis
1145 2093 1355 2172 omissionem

198 2217 359 2282 eiusmodi
383 2216 618 2281 adscribuntur
640 2215 713 2293 loci,
736 2215 913 2297 inquibus
936 2215 1015 2279 addi
1037 2237 1102 2280 non
1123 2217 1242 2298 potuit,
1267 2215 1355 2297 quod

197 2347 262 2390 non
296 2331 394 2389 certae
428 2324 639 2388 condiciones
672 2322 917 2406 significantur,
952 2323 1011 2387 sed
1044 2325 1194 2388 universe
1228 2322 1354 2406 aliquid

198 2441 307 2498 actum
330 2431 372 2511 (v.
397 2453 424 2496 o.
447 2431 527 2496 urbs
551 2431 677 2512 dedita)
701 2431 950 2495 condicionibus
973 2439 1112 2513 pactcve
1135 2431 1264 2508 dicitur,
1288 2451 1352 2495 non

198 2543 227 2604 ri
251 2538 437 2606 confectum
459 2541 635 2604 victoriose
658 2539 795 2604 arbitrio
818 2540 1023 2621 permissum.

283 2648 362 2731 Cap.
392 2652 427 2726 8,
463 2652 482 2710 7
511 2648 559 2726 (in
594 2647 813 2729 descriptione
844 2648 982 2711 convivii
1010 2647 1098 2729 apud
1126 2647 1264 2711 Ninnios
1293 2644 1353 2711 Ge·

197 2758 297 2835 leres,
336 2755 425 2840 apud
460 2776 541 2837 quos
575 2754 743 2820 Hannibal
777 2754 899 2837 Oapuae
933 2754 1200 2835 deversatum:
1242 2753 1353 2819 Unus

198 2887 268 2929 nec
308 2864 561 2928 dominorum
594 2864 847 2929 invitatione
881 2883 952 2928 nec
985 2863 1115 2946 ipsius
1148 2862 1354 2928 interdum

197 2971 448 3037 Hannibalis
482 2971 521 3051 (P
551 2970 822 3044 Hannibicus,
857 2992 875 3036 a
912 2992 1011 3036 manu
1046 2976 1065 3034 2
1101 2971 1221 3036 litterae
1262 2972 1353 3038 bicn

198 3082 341 3146 inductae
375 3085 409 3145 et
437 3079 448 3141 l
477 3100 578 3163 supra
611 3078 786 3162 scriptum)
818 3078 1011 3144 Calavius
1040 3079 1079 3160 (P
1108 3102 1193 3144 man.
1218 3085 1237 3144 2
1267 3088 1301 3146 et
1329 3081 1354 3146 C

197 3188 353 3267 Calavi)
381 3185 500 3251 filius
523 3187 698 3270 perhola
721 3186 760 3268 (P
783 3209 824 3252 m.
850 3193 868 3251 2
892 3196 926 3252 et
948 3186 973 3252 C
996 3189 1200 3272 perholla)
1224 3190 1355 3254 vinum

198 3298 314 3380 potui
342 3296 431 3379 ipse
462 3293 501 3376 (C
530 3297 612 3360 vini
640 3297 811 3380 impotui
839 3297 942 3380 ipse,
976 3319 1018 3361 m.
1042 3303 1061 3360 2
1085 3298 1169 3362 vini
1193 3300 1351 3381 impotu

196 3405 297 3489 ipse)
317 3403 597 3468 valetudinem
615 3424 825 3482 excusans,
848 3412 967 3487 patre
985 3405 1025 3486 (P
1043 3407 1214 3488 patrem)
1232 3407 1354 3471 animi

197 3533 354 3594 quoque
393 3510 498 3576 haud
538 3512 766 3576 mirabilem
800 3512 1154 3594 perturbationem
1183 3514 1222 3594 (P
1251 3517 1355 3579 iter·

198 3618 496 3698 turbationem)
529 3625 733 3684 causante.
789 3620 889 3685 Posui
918 3620 1044 3698 locum,
1078 3622 1354 3703 quemadmodum

198 3729 232 3792 in
255 3728 280 3791 P
303 3727 473 3803 scribitur,
508 3725 668 3791 adnotata
695 3728 855 3792 varietate
884 3727 1070 3806 cedmiel),
1104 3734 1142 3793 ut
1169 3739 1353 3813 appareret,

198 3836 251 3901 hic
282 3856 413 3919 quoque
442 3855 517 3899 eum
539 3855 560 3899 a
582 3855 680 3899 manu
704 3838 723 3897 2
746 3834 905 3899 Puteanei
932 3835 1091 3918 pendere,
1125 3857 1202 3901 suos
1224 3858 1354 3903 errores

199 3948 233 4007 et
255 3949 395 4008 conatus
418 3941 557 4021 addere3
587 3949 772 4007 ceterorum
800 3944 974 4026 scriptura
1001 3950 1151 4009 monstra
1172 3944 1249 4009 hinc
1272 3954 1355 4022 orta

200 4050 330 4114 etiamsi
352 4049 643 4115 Drakenborchius
667 4072 732 4115 non
756 4052 936 4130 omisisset,
970 4051 1051 4117 nihil
1081 4061 1192 4119 tamen
1222 4053 1355 4120 adrem

199 4159 413 4242 pertinerent.
469 4159 639 4225 Edebatur·
673 4160 716 4225 ad
750 4165 899 4225 nostrum
932 4167 1077 4244 tempus:
1120 4159 1278 4226 Galavii
1306 4161 1356 4226 fi·

200 4267 278 4345 lius
314 4265 484 4332 Perolla
523 4268 629 4332 vinci
669 4269 816 4351 potuit.
877 4268 1019 4347 Nomen,
1053 4269 1142 4351 qnod
1181 4269 1357 4337 infeliciter

200 4374 314 4440 fictum
343 4373 468 4440 Calarii
501 4374 569 4439 lilio
603 4375 793 4459 impositum
827 4382 913 4454 erat,
945 4382 1035 4441 recte
1070 4377 1356 4445 Weissenbornius

202 4481 351 4562 sustulit3
380 4483 461 4548 satis
482 4483 510 4547 is
533 4483 649 4566 gentili
670 4485 801 4550 nomine
823 4483 1025 4566 significatur
1047 4491 1090 4563 et,
1113 4487 1141 4550 si
1164 4507 1351 4570 praenomen
1367 4497 1444 4568 (2⁶9)

202 4590 311 4655 Livius
335 4610 457 4674 ponere
479 4591 649 4671 voluisset,
683 4593 746 4656 iam
776 4593 811 4657 in
837 4594 1005 4676 superiore
1029 4592 1062 4657 id
1085 4595 1277 4660 narratione
1298 4617 1357 4680 po·

202 4684 329 4764 suisset.
387 4697 481 4776 Quod
510 4706 621 4764 autem
649 4699 735 4764 idem
763 4700 866 4765 dubia
893 4701 1079 4783 suspicione
1108 4702 1228 4769 edidit:
1262 4725 1357 4789 per·
