3060 5272
288 291 351 347 Lib.
368 289 482 344 XXVII.
833 277 896 337 402

289 484 398 528 mare
420 459 645 526 abscedere
670 459 800 538 dicitur,
824 481 925 542 quum
948 460 1058 542 agitur
1081 459 1120 524 de
1145 459 1226 524 duee
1245 465 1278 524 et
1295 460 1445 525 exercitu

290 572 331 636 ab
359 568 512 635 inferiore
539 573 635 651 parte
664 569 768 631 amnis
795 567 837 630 ad
868 567 1040 650 superiora
1066 588 1181 632 versus
1205 568 1268 632 iter
1289 565 1442 647 faciente,

289 681 338 744 ita
370 684 408 743 ut
440 696 530 740 mare
558 675 660 740 oculis
688 696 752 739 non
781 675 963 740 subiectum
993 677 1045 740 sit.
1102 673 1169 757 [Sic
1192 676 1257 739 iam
1280 676 1447 741 editiones

289 786 437 869 quaedam
459 781 647 864 veteres.]¹)
890 854 898 863 ,

377 893 454 976 Cap.
477 896 529 972 49,
552 896 581 969 3,
609 890 667 955 ubi
690 890 861 954 scribitur:
891 890 1024 955 fessos
1048 890 1355 973 abnuentesque
1377 897 1445 956 tae·

290 1002 355 1066 dio
379 1008 417 1066 et
444 1000 601 1078 labore,
636 998 730 1062 valde
759 1000 909 1081 suspicor
938 999 1145 1062 scribendum
1173 1020 1243 1063 esse
1266 999 1446 1064 abnuen-

288 1117 432 1193 tesque
455 1107 574 1172 taedio
597 1106 792 1185 laborem3
815 1126 891 1169 nam
913 1106 1091 1170 abnuere
1113 1106 1254 1170 labore
1277 1106 1358 1171 nihil
1381 1114 1443 1172 est.

290 1216 414 1300 (1863.)
444 1213 503 1297 19,
523 1214 579 1279 ubi
598 1215 630 1278 in
643 1214 668 1277 P
681 1222 732 1278 est
751 1214 901 1296 aliiqui
920 1214 1062 1291 nuntii,
1081 1213 1290 1279 scribendum
1304 1214 1446 1294 videtur,

288 1325 443 1391 retractis
464 1322 599 1400 litteris,
628 1342 701 1403 quae
729 1328 865 1404 proptor
888 1321 1136 1386 similitudinem
1158 1323 1244 1386 inter
1267 1343 1302 1387 se
1324 1343 1446 1388 nocue·

288 1439 379 1497 runt:
411 1430 512 1507 Quin
538 1430 747 1512 supersint
769 1429 910 1512 aliqui,
941 1429 1074 1508 lnqult,
1097 1430 1230 1493 nuntii
1254 1437 1315 1494 cet.
1367 1430 1446 1496 Non

289 1546 410 1624 potest,
436 1539 564 1622 opinor,
591 1536 725 1600 verbum
750 1536 865 1600 abesse
888 1537 921 1599 in
944 1537 1002 1599 tali
1027 1539 1184 1601 orationis
1206 1537 1320 1617 forma,
1349 1560 1446 1621 pror·

291 1669 347 1713 sus
382 1645 546 1729 pendente
580 1644 744 1728 particula
776 1649 819 1707 ut
852 1642 1046 1723 (diceret).
1104 1645 1199 1722 Quod
1228 1653 1340 1709 autem
1368 1654 1448 1729 post

289 1760 348 1833 ut,
375 1752 524 1834 longiore
552 1752 723 1816 verborum
746 1750 872 1815 ambitu
896 1751 1102 1835 interposito,
1127 1755 1275 1834 sequitur
1297 1755 1445 1837 inquit,

289 1862 323 1927 id
346 1861 385 1927 fit
407 1862 521 1926 eodem
545 1859 652 1938 modo,
681 1880 745 1941 quo
770 1859 882 1923 Livius
906 1858 959 1936 IV,
991 1863 1041 1925 28.
1067 1864 1085 1923 3
1109 1862 1256 1944 scripsit:
1291 1882 1446 1944 poenas

289 1969 533 2035 rebellionis
568 1967 795 2045 dedissent,
829 1967 869 2030 ni
903 1966 1069 2032 Vettius
1103 1967 1280 2032 Messius
1313 2005 1357 2014 —
1383 1969 1445 2033 in-

290 2078 388 2161 quit,
412 2077 445 2140 id
468 2083 518 2140 est
539 2076 647 2160 plane,
671 2075 854 2151 dixisset,
878 2080 911 2138 et
929 2073 1044 2138 Cicero
1068 2074 1108 2139 de
1126 2073 1217 2140 Orat.
1231 2076 1271 2154 ΙΙ,
1292 2081 1341 2157 64,
1365 2080 1446 2141 260:

290 2186 394 2268 quod
417 2185 533 2249 aiunt
555 2183 871 2265 Maluginensem
888 2183 1086 2246 -Virum
1109 2183 1269 2263 bonum,
1298 2186 1446 2267 inquit,

206 2347 208 2351 .
290 2293 408 2371 idest,
433 2293 598 2357 dixisse.
643 2290 729 2354 Nam
759 2312 861 2374 quum
884 2290 974 2353 rorbi
1003 2292 1140 2372 inquit
1163 2292 1386 2357 coniunctivus
1410 2298 1447 2357 et

290 2400 469 2465 infinitivus
509 2400 653 2478 deesset,
692 2397 796 2462 libere
836 2400 1112 2462 constructionem
1141 2382 1330 2464 mutarunt.
1393 2398 1445 2466 Ob

292 2508 427 2572 eandem
452 2528 585 2571 causam
608 2507 718 2570 Livius
741 2506 765 2583 l,
796 2508 845 2584 39,
875 2509 903 2583 3,
934 2505 989 2584 IX,
1022 2510 1069 2586 16,
1096 2510 1144 2585 16,
1166 2507 1296 2587 XXXV,
1322 2512 1370 2587 14,
1395 2513 1446 2588 11,

292 2614 440 2691 XXXIX,
470 2618 521 2693 42,
553 2619 586 2677 11
614 2615 645 2676 in
671 2613 778 2677 media
802 2613 953 2677 oratione
977 2614 1111 2696 obliqua
1134 2614 1296 2679 interiecit
1318 2615 1446 2680 finitam

292 2723 489 2787 sententiam
519 2743 578 2804 per
606 2721 748 2801 inquit.
783 2719 904 2800 (1863.)
951 2719 1051 2802 [Quid
1081 2722 1225 2787 dicemus
1254 2723 1295 2787 de
1323 2724 1445 2788 omisso

291 2830 391 2894 verbo
414 2829 611 2893 coniunctiri
633 2827 720 2892 modi
744 2833 820 2910 post
842 2847 959 2908 quum
984 2830 1179 2908 venisset,
1210 2837 1331 2912 atque
1353 2831 1444 2915 apud

291 2936 479 3002 Ciceronem
502 2936 541 3000 N.
566 2936 603 3000 D.
627 2934 821 3017 111,89?]²)

206 3055 276 3123 (329)
381 3045 458 3129 Cap.
483 3049 533 3123 50,
559 3050 590 3107 l:
625 3044 730 3110 Nero
760 3067 807 3110 ca
828 3055 961 3123 noete,
991 3065 1073 3126 qum
1096 3051 1240 3108 secuta
1262 3051 1323 3109 est
1345 3066 1446 3129 pug-

291 3175 392 3225 nam,
426 3154 641 3227 citatiore,
682 3173 798 3234 quam
833 3154 926 3218 inde
961 3159 1146 3232 venerat,
1186 3153 1344 3234 agmine
1379 3152 1443 3218 die

292 3268 407 3327 sexto
431 3262 478 3325 ad
504 3261 658 3325 stativa
680 3282 750 3324 sua
773 3268 896 3343 atque
915 3261 1070 3326 hostem
1090 3260 1286 3343 pervenit.
1322 3261 1445 3327 Omnes

296 3436 339 3448 ..-
355 3435 417 3443 ---

319 3533 342 3599 ¹)
361 3530 440 3600 [Quae
467 3538 605 3600 praterea
626 3531 661 3585 de
684 3533 739 3587 hoc
758 3533 821 3584 loeo
840 3538 1027 3596 tentaveram,
1055 3548 1151 3583 eorum
1176 3531 1295 3584 alterum
1318 3529 1444 3584 Alschef-

358 3619 419 3671 slrio
438 3618 535 3671 melius
554 3624 735 3683 successerat,
754 3617 872 3669 alterurn
892 3617 1082 3682 (subsistit)
1098 3616 1241 3669 Sertorius
1259 3622 1441 3685 praeceperat.

359 3702 469 3755 Codicis
492 3701 513 3755 P
537 3719 659 3756 errorem
688 3703 716 3755 in
739 3701 839 3769 sigua
862 3700 950 3755 ferre
975 3702 1074 3755 iubet
1097 3720 1170 3756 nunc
1193 3701 1442 3756 Weissenbornius

358 3787 481 3857 abiecit]

317 3870 378 3941 ¹)§
405 3876 422 3926 2
447 3889 537 3940 neque
569 3871 711 3941 regendi
742 3887 813 3939 spes
839 3876 916 3926 recte
943 3871 1048 3925 dicitur
1073 3889 1124 3940 pro
1151 3871 1323 3941 regimine
1349 3887 1444 3938 neque

359 3959 472 4013 uincit
497 3975 602 4027 spem,
629 3959 677 4026 qui
705 3957 788 4011 tollit.
837 3956 941 4011 Verum
968 3961 1023 4024 est,
1051 3957 1127 4025 quod
1156 3956 1386 4011 Weissenbornio
1413 3956 1443 4009 in

357 4050 480 4097 mentem
507 4044 585 4097 renit
611 4043 743 4111 qnodque
769 4043 829 4111 ipse
857 4042 1037 4096 adnotarem:
1070 4043 1125 4095 ubi
1157 4042 1315 4111 regentis
1343 4058 1441 4110 spre-

358 4130 498 4183 sissent.
