<?xml version="1.0" encoding="UTF-8"?>
<!DOCTYPE html PUBLIC "-//W3C//DTD XHTML 1.0 Transitional//EN"
    "http://www.w3.org/TR/xhtml1/DTD/xhtml1-transitional.dtd">
<html xmlns="http://www.w3.org/1999/xhtml" xml:lang="en" lang="en">
 <head>
  <title>
</title>
<meta http-equiv="Content-Type" content="text/html;charset=utf-8" />
  <meta name='ocr-system' content='tesseract 3.04.00' />
  <meta name='ocr-capabilities' content='ocr_page ocr_carea ocr_par ocr_line ocrx_word'/>
</head>
<body>
  <div class='ocr_page' id='page_1' title='image "./emendationesliv01madvgoog_0090.png"; bbox 0 0 3060 5272; ppageno 0'>
   <div class='ocr_carea' id='block_1_1' title="bbox 714 783 1312 853">
    <p class='ocr_par' dir='ltr' id='par_1_1' title="bbox 714 783 1312 853">
     <span class='ocr_line' id='line_1_1' title="bbox 714 783 1312 853; baseline -0.002 1"><span class='ocrx_word' id='word_1_1' title='bbox 714 783 754 844; x_wconf 85' lang='lat'><strong>81</strong></span> <span class='ocrx_word' id='word_1_2' title='bbox 1192 796 1254 852; x_wconf 81' lang='lat' dir='ltr'><strong>ms.</strong></span> <span class='ocrx_word' id='word_1_3' title='bbox 1275 797 1312 853; x_wconf 88' lang='grc'><strong>0</strong></span> 
     </span>
    </p>
   </div>
   <div class='ocr_carea' id='block_1_2' title="bbox 150 962 1425 4051">
    <p class='ocr_par' dir='ltr' id='par_1_2' title="bbox 150 962 1425 4051">
     <span class='ocr_line' id='line_1_2' title="bbox 150 962 1311 1050; baseline 0.005 -22"><span class='ocrx_word' id='word_1_4' title='bbox 150 962 245 1048; x_wconf 90' lang='lat' dir='ltr'><strong>quod</strong></span> <span class='ocrx_word' id='word_1_5' title='bbox 276 964 448 1049; x_wconf 80' lang='lat' dir='ltr'>genetivus</span> <span class='ocrx_word' id='word_1_6' title='bbox 482 963 526 1029; x_wconf 88' lang='lat' dir='ltr'><strong>ad</strong></span> <span class='ocrx_word' id='word_1_7' title='bbox 558 984 780 1031; x_wconf 80' lang='lat' dir='ltr'><strong>concursus</strong></span> <span class='ocrx_word' id='word_1_8' title='bbox 814 966 984 1049; x_wconf 82' lang='lat' dir='ltr'>pertinens</span> <span class='ocrx_word' id='word_1_9' title='bbox 1011 965 1141 1050; x_wconf 85' lang='lat' dir='ltr'><strong>longius</strong></span> <span class='ocrx_word' id='word_1_10' title='bbox 1168 968 1311 1034; x_wconf 90' lang='lat' dir='ltr'><strong>reiectus</strong></span> 
     </span>
     <span class='ocr_line' id='line_1_3' title="bbox 153 1069 1311 1157; baseline 0.004 -20"><span class='ocrx_word' id='word_1_11' title='bbox 153 1078 255 1137; x_wconf 82' lang='lat' dir='ltr'><strong>esset</strong></span> <span class='ocrx_word' id='word_1_12' title='bbox 305 1069 493 1138; x_wconf 84' lang='lat' dir='ltr'><strong>Concursus</strong></span> <span class='ocrx_word' id='word_1_13' title='bbox 514 1071 735 1137; x_wconf 80' lang='lat' dir='ltr'><strong>multitudinis</strong></span> <span class='ocrx_word' id='word_1_14' title='bbox 763 1073 942 1157; x_wconf 72' lang='lat' dir='ltr'><strong>sepissime</strong></span> <span class='ocrx_word' id='word_1_15' title='bbox 966 1073 1100 1154; x_wconf 89' lang='lat' dir='ltr'><strong>dicitur,</strong></span> <span class='ocrx_word' id='word_1_16' title='bbox 1128 1073 1311 1142; x_wconf 90' lang='lat' dir='ltr'><strong>homines</strong></span> 
     </span>
     <span class='ocr_line' id='line_1_4' title="bbox 153 1179 1310 1266; baseline 0.004 -22"><span class='ocrx_word' id='word_1_17' title='bbox 153 1179 373 1246; x_wconf 76' lang='lat' dir='ltr'><strong>concitate</strong></span> <span class='ocrx_word' id='word_1_18' title='bbox 394 1179 675 1246; x_wconf 79' lang='lat' dir='ltr'><strong>multitudinis</strong></span> <span class='ocrx_word' id='word_1_19' title='bbox 698 1200 868 1264; x_wconf 79' lang='lat' dir='ltr'><strong>nusquam.</strong></span> <span class='ocrx_word' id='word_1_20' title='bbox 905 1180 1011 1262; x_wconf 83' lang='lat'>1861.)</span> <span class='ocrx_word' id='word_1_21' title='bbox 1045 1180 1217 1248; x_wconf 90' lang='lat' dir='ltr'><strong>Postremo</strong></span> <span class='ocrx_word' id='word_1_22' title='bbox 1240 1181 1257 1266; x_wconf 66' lang='grc' dir='ltr'><strong>ξ</strong></span> <span class='ocrx_word' id='word_1_23' title='bbox 1281 1188 1310 1263; x_wconf 89' lang='grc'><strong>6,</strong></span> 
     </span>
     <span class='ocr_line' id='line_1_5' title="bbox 154 1285 1312 1371; baseline 0.004 -20"><span class='ocrx_word' id='word_1_24' title='bbox 154 1286 215 1371; x_wconf 91' lang='lat' dir='ltr'><strong>qui</strong></span> <span class='ocrx_word' id='word_1_25' title='bbox 236 1308 339 1353; x_wconf 80' lang='lat' dir='ltr'><strong>novus</strong></span> <span class='ocrx_word' id='word_1_26' title='bbox 359 1287 513 1353; x_wconf 86' lang='lat' dir='ltr'><strong>tribunus</strong></span> <span class='ocrx_word' id='word_1_27' title='bbox 534 1286 641 1370; x_wconf 87' lang='lat' dir='ltr'><strong>legem</strong></span> <span class='ocrx_word' id='word_1_28' title='bbox 657 1285 887 1371; x_wconf 78' lang='lat' dir='ltr'><strong>perferendam</strong></span> <span class='ocrx_word' id='word_1_29' title='bbox 905 1295 1097 1371; x_wconf 79' lang='lat' dir='ltr'><strong>susceperat</strong></span> <span class='ocrx_word' id='word_1_30' title='bbox 1112 1289 1312 1356; x_wconf 86' lang='lat' dir='ltr'><strong>vehementi·</strong></span> 
     </span>
     <span class='ocr_line' id='line_1_6' title="bbox 156 1394 1405 1479; baseline 0.006 -20"><span class='ocrx_word' id='word_1_31' title='bbox 156 1415 262 1478; x_wconf 89' lang='lat' dir='ltr'><strong>usqne</strong></span> <span class='ocrx_word' id='word_1_32' title='bbox 282 1415 355 1460; x_wconf 85' lang='lat' dir='ltr'><strong>eam</strong></span> <span class='ocrx_word' id='word_1_33' title='bbox 371 1415 442 1460; x_wconf 89' lang='lat' dir='ltr'><strong>rem</strong></span> <span class='ocrx_word' id='word_1_34' title='bbox 458 1394 599 1478; x_wconf 83' lang='lat' dir='ltr'><strong>urgebat</strong></span> <span class='ocrx_word' id='word_1_35' title='bbox 615 1414 715 1477; x_wconf 90' lang='lat' dir='ltr'><strong>quam</strong></span> <span class='ocrx_word' id='word_1_36' title='bbox 730 1394 801 1479; x_wconf 89' lang='lat' dir='ltr'><strong>ipse</strong></span> <span class='ocrx_word' id='word_1_37' title='bbox 818 1396 967 1461; x_wconf 85' lang='lat' dir='ltr'><strong>inventor</strong></span> <span class='ocrx_word' id='word_1_38' title='bbox 982 1395 1075 1479; x_wconf 83' lang='lat' dir='ltr'><strong>legis,</strong></span> <span class='ocrx_word' id='word_1_39' title='bbox 1098 1397 1151 1461; x_wconf 85' lang='lat' dir='ltr'><strong>vix</strong></span> <span class='ocrx_word' id='word_1_40' title='bbox 1169 1403 1311 1463; x_wconf 82' lang='lat' dir='ltr'><strong>auctor</strong></span> <span class='ocrx_word' id='word_1_41' title='bbox 1402 1461 1405 1466; x_wconf 90' lang='lat'>.</span> 
     </span>
     <span class='ocr_line' id='line_1_7' title="bbox 155 1501 1425 1587; baseline 0.002 -22"><span class='ocrx_word' id='word_1_42' title='bbox 155 1503 320 1568; x_wconf 71' lang='lat' dir='ltr'><strong>recentior</strong></span> <span class='ocrx_word' id='word_1_43' title='bbox 343 1508 377 1567; x_wconf 92' lang='lat' dir='ltr'><strong>et</strong></span> <span class='ocrx_word' id='word_1_44' title='bbox 389 1502 505 1575; x_wconf 74' lang='lat' dir='ltr'><strong>,acrior</strong></span> <span class='ocrx_word' id='word_1_45' title='bbox 527 1521 548 1566; x_wconf 92' lang='lat' dir='ltr'><strong>a</strong></span> <span class='ocrx_word' id='word_1_46' title='bbox 570 1501 662 1567; x_wconf 83' lang='lat' dir='ltr'><strong>Livio</strong></span> <span class='ocrx_word' id='word_1_47' title='bbox 686 1501 794 1567; x_wconf 90' lang='lat' dir='ltr'><strong>dictus</strong></span> <span class='ocrx_word' id='word_1_48' title='bbox 817 1509 875 1583; x_wconf 87' lang='lat' dir='ltr'><strong>est,</strong></span> <span class='ocrx_word' id='word_1_49' title='bbox 897 1502 955 1569; x_wconf 88' lang='lat' dir='ltr'><strong>sed</strong></span> <span class='ocrx_word' id='word_1_50' title='bbox 977 1509 1102 1568; x_wconf 90' lang='lat' dir='ltr'><strong>actor.</strong></span> <span class='ocrx_word' id='word_1_51' title='bbox 1131 1501 1290 1587; x_wconf 79' lang='lat'>(1873.)¹)</span> <span class='ocrx_word' id='word_1_52' title='bbox 1421 1566 1425 1574; x_wconf 88' lang='grc'>,</span> 
     </span>
     <span class='ocr_line' id='line_1_8' title="bbox 242 1605 1380 1696; baseline 0.003 -23"><span class='ocrx_word' id='word_1_53' title='bbox 242 1605 321 1693; x_wconf 80' lang='lat' dir='ltr'><strong>(lap.</strong></span> <span class='ocrx_word' id='word_1_54' title='bbox 350 1614 407 1690; x_wconf 79' lang='lat'><strong>59,</strong></span> <span class='ocrx_word' id='word_1_55' title='bbox 438 1613 473 1674; x_wconf 86' lang='lat'><strong>3:</strong></span> <span class='ocrx_word' id='word_1_56' title='bbox 513 1615 620 1675; x_wconf 91' lang='lat' dir='ltr'><strong>ut—</strong></span> <span class='ocrx_word' id='word_1_57' title='bbox 642 1609 750 1675; x_wconf 87' lang='lat' dir='ltr'><strong>satis</strong></span> <span class='ocrx_word' id='word_1_58' title='bbox 783 1615 916 1674; x_wconf 90' lang='lat' dir='ltr'><strong>tamen</strong></span> <span class='ocrx_word' id='word_1_59' title='bbox 948 1617 1183 1694; x_wconf 84' lang='lat' dir='ltr'><strong>appareret,</strong></span> <span class='ocrx_word' id='word_1_60' title='bbox 1218 1612 1308 1696; x_wconf 90' lang='lat' dir='ltr'><strong>capi</strong></span> <span class='ocrx_word' id='word_1_61' title='bbox 1325 1621 1380 1689; x_wconf 86' lang='grc'>(66)</span> 
     </span>
     <span class='ocr_line' id='line_1_9' title="bbox 154 1716 1311 1798; baseline 0.003 -18"><span class='ocrx_word' id='word_1_62' title='bbox 154 1721 314 1781; x_wconf 90' lang='lat' dir='ltr'><strong>tantum</strong></span> <span class='ocrx_word' id='word_1_63' title='bbox 352 1724 493 1783; x_wconf 87' lang='lat' dir='ltr'><strong>castra</strong></span> <span class='ocrx_word' id='word_1_64' title='bbox 530 1716 701 1782; x_wconf 90' lang='lat' dir='ltr'><strong>militem</strong></span> <span class='ocrx_word' id='word_1_65' title='bbox 739 1716 955 1782; x_wconf 86' lang='lat' dir='ltr'><strong>Romanum</strong></span> <span class='ocrx_word' id='word_1_66' title='bbox 999 1717 1199 1798; x_wconf 89' lang='lat' dir='ltr'><strong>noluisse;</strong></span> <span class='ocrx_word' id='word_1_67' title='bbox 1238 1718 1311 1784; x_wconf 87' lang='lat' dir='ltr'><strong>alii</strong></span> 
     </span>
     <span class='ocr_line' id='line_1_10' title="bbox 154 1822 1326 1909; baseline 0.003 -22"><span class='ocrx_word' id='word_1_68' title='bbox 154 1822 332 1906; x_wconf 80' lang='lat' dir='ltr'><strong>gaudere</strong></span> <span class='ocrx_word' id='word_1_69' title='bbox 360 1845 433 1890; x_wconf 85' lang='lat' dir='ltr'><strong>sus</strong></span> <span class='ocrx_word' id='word_1_70' title='bbox 460 1823 586 1889; x_wconf 89' lang='lat' dir='ltr'><strong>clade.</strong></span> <span class='ocrx_word' id='word_1_71' title='bbox 638 1823 708 1890; x_wconf 84' lang='lat' dir='ltr'><strong>Nec</strong></span> <span class='ocrx_word' id='word_1_72' title='bbox 735 1823 810 1889; x_wconf 91' lang='lat' dir='ltr'><strong>alii</strong></span> <span class='ocrx_word' id='word_1_73' title='bbox 837 1823 885 1888; x_wconf 92' lang='lat' dir='ltr'><strong>illi</strong></span> <span class='ocrx_word' id='word_1_74' title='bbox 909 1825 965 1906; x_wconf 92' lang='lat' dir='ltr'><strong>qui</strong></span> <span class='ocrx_word' id='word_1_75' title='bbox 987 1825 1053 1889; x_wconf 91' lang='lat' dir='ltr'><strong>sint</strong></span> <span class='ocrx_word' id='word_1_76' title='bbox 1075 1845 1135 1889; x_wconf 89' lang='lat' dir='ltr'><strong>nec</strong></span> <span class='ocrx_word' id='word_1_77' title='bbox 1157 1825 1236 1909; x_wconf 90' lang='lat' dir='ltr'><strong>quid</strong></span> <span class='ocrx_word' id='word_1_78' title='bbox 1257 1824 1326 1897; x_wconf 83' lang='lat' dir='ltr'><strong>hic,</strong></span> 
     </span>
     <span class='ocr_line' id='line_1_11' title="bbox 154 1929 1324 2015; baseline 0.002 -19"><span class='ocrx_word' id='word_1_79' title='bbox 154 1936 236 2014; x_wconf 76' lang='lat' dir='ltr'><strong>agat</strong></span> <span class='ocrx_word' id='word_1_80' title='bbox 266 1931 446 1997; x_wconf 84' lang='lat' dir='ltr'><strong>infinitivus</strong></span> <span class='ocrx_word' id='word_1_81' title='bbox 478 1931 673 2011; x_wconf 85' lang='lat' dir='ltr'><strong>historicus,</strong></span> <span class='ocrx_word' id='word_1_82' title='bbox 705 1929 852 2014; x_wconf 82' lang='lat' dir='ltr'><strong>intellegi</strong></span> <span class='ocrx_word' id='word_1_83' title='bbox 885 1937 1012 2015; x_wconf 89' lang='lat' dir='ltr'><strong>potest;</strong></span> <span class='ocrx_word' id='word_1_84' title='bbox 1045 1931 1124 2015; x_wconf 92' lang='lat' dir='ltr'><strong>quid</strong></span> <span class='ocrx_word' id='word_1_85' title='bbox 1147 1934 1324 1998; x_wconf 79' lang='lat' dir='ltr'><strong>sententia</strong></span> 
     </span>
     <span class='ocr_line' id='line_1_12' title="bbox 157 2037 1311 2123; baseline 0.002 -20"><span class='ocrx_word' id='word_1_86' title='bbox 157 2037 352 2122; x_wconf 84' lang='lat' dir='ltr'><strong>postularet,</strong></span> <span class='ocrx_word' id='word_1_87' title='bbox 386 2038 469 2104; x_wconf 83' lang='lat' dir='ltr'><strong>vidit</strong></span> <span class='ocrx_word' id='word_1_88' title='bbox 500 2039 583 2118; x_wconf 88' lang='lat' dir='ltr'><strong>iam,</strong></span> <span class='ocrx_word' id='word_1_89' title='bbox 618 2038 674 2121; x_wconf 92' lang='lat' dir='ltr'><strong>qui</strong></span> <span class='ocrx_word' id='word_1_90' title='bbox 701 2038 736 2103; x_wconf 91' lang='lat' dir='ltr'><strong>in</strong></span> <span class='ocrx_word' id='word_1_91' title='bbox 763 2037 877 2105; x_wconf 89' lang='lat' dir='ltr'><strong>codice</strong></span> <span class='ocrx_word' id='word_1_92' title='bbox 898 2040 1124 2104; x_wconf 89' lang='lat' dir='ltr'><strong>recentissimo</strong></span> <span class='ocrx_word' id='word_1_93' title='bbox 1149 2037 1311 2123; x_wconf 83' lang='lat' dir='ltr'><strong>(Portug.)</strong></span> 
     </span>
     <span class='ocr_line' id='line_1_13' title="bbox 155 2143 1312 2231; baseline 0.002 -22"><span class='ocrx_word' id='word_1_94' title='bbox 155 2143 341 2231; x_wconf 92' lang='lat' dir='ltr'><strong>alioquin</strong></span> <span class='ocrx_word' id='word_1_95' title='bbox 376 2166 477 2230; x_wconf 90' lang='lat' dir='ltr'><strong>supra</strong></span> <span class='ocrx_word' id='word_1_96' title='bbox 504 2145 652 2230; x_wconf 85' lang='lat' dir='ltr'><strong>scripsit,</strong></span> <span class='ocrx_word' id='word_1_97' title='bbox 684 2145 836 2210; x_wconf 80' lang='lat' dir='ltr'><strong>viderimt</strong></span> <span class='ocrx_word' id='word_1_98' title='bbox 863 2145 981 2211; x_wconf 89' lang='lat' dir='ltr'><strong>deinde</strong></span> <span class='ocrx_word' id='word_1_99' title='bbox 1010 2152 1086 2229; x_wconf 89' lang='lat' dir='ltr'><strong>post</strong></span> <span class='ocrx_word' id='word_1_100' title='bbox 1107 2145 1312 2212; x_wconf 87' lang='lat' dir='ltr'><strong>Perizonium</strong></span> 
     </span>
     <span class='ocr_line' id='line_1_14' title="bbox 155 2251 1312 2338; baseline 0.001 -20"><span class='ocrx_word' id='word_1_101' title='bbox 155 2251 321 2338; x_wconf 87' lang='lat' dir='ltr'><strong>Hauptius</strong></span> <span class='ocrx_word' id='word_1_102' title='bbox 354 2261 390 2320; x_wconf 90' lang='lat' dir='ltr'><strong>et</strong></span> <span class='ocrx_word' id='word_1_103' title='bbox 422 2253 726 2333; x_wconf 86' lang='lat' dir='ltr'><strong>Weissenbornius;</strong></span> <span class='ocrx_word' id='word_1_104' title='bbox 765 2253 824 2319; x_wconf 91' lang='lat' dir='ltr'><strong>sed</strong></span> <span class='ocrx_word' id='word_1_105' title='bbox 856 2273 917 2318; x_wconf 89' lang='lat' dir='ltr'><strong>nec</strong></span> <span class='ocrx_word' id='word_1_106' title='bbox 955 2253 1094 2333; x_wconf 90' lang='lat' dir='ltr'><strong>aliter,</strong></span> <span class='ocrx_word' id='word_1_107' title='bbox 1133 2252 1222 2338; x_wconf 91' lang='lat' dir='ltr'><strong>quod</strong></span> <span class='ocrx_word' id='word_1_108' title='bbox 1255 2253 1312 2319; x_wconf 90' lang='lat' dir='ltr'><strong>ille</strong></span> 
     </span>
     <span class='ocr_line' id='line_1_15' title="bbox 154 2360 1312 2444; baseline 0.002 -18"><span class='ocrx_word' id='word_1_109' title='bbox 154 2366 278 2441; x_wconf 87' lang='lat' dir='ltr'><strong>tentat,</strong></span> <span class='ocrx_word' id='word_1_110' title='bbox 311 2382 334 2427; x_wconf 91' lang='lat' dir='ltr'><strong>a</strong></span> <span class='ocrx_word' id='word_1_111' title='bbox 355 2361 449 2427; x_wconf 83' lang='lat' dir='ltr'><strong>Livio</strong></span> <span class='ocrx_word' id='word_1_112' title='bbox 477 2361 524 2426; x_wconf 89' lang='lat' dir='ltr'><strong>sic</strong></span> <span class='ocrx_word' id='word_1_113' title='bbox 554 2360 675 2426; x_wconf 89' lang='lat' dir='ltr'><strong>dicitur</strong></span> <span class='ocrx_word' id='word_1_114' title='bbox 703 2366 928 2444; x_wconf 75' lang='lat' dir='ltr'><strong>praetereaque</strong></span> <span class='ocrx_word' id='word_1_115' title='bbox 950 2360 1079 2444; x_wconf 84' lang='lat' dir='ltr'><strong>longius</strong></span> <span class='ocrx_word' id='word_1_116' title='bbox 1102 2381 1123 2425; x_wconf 88' lang='lat' dir='ltr'><strong>a</strong></span> <span class='ocrx_word' id='word_1_117' title='bbox 1145 2360 1312 2428; x_wconf 87' lang='lat' dir='ltr'><strong>codicibus</strong></span> 
     </span>
     <span class='ocr_line' id='line_1_16' title="bbox 156 2466 1312 2552; baseline -0.001 -19"><span class='ocrx_word' id='word_1_118' title='bbox 156 2467 311 2548; x_wconf 88' lang='lat' dir='ltr'><strong>discedit,</strong></span> <span class='ocrx_word' id='word_1_119' title='bbox 346 2475 381 2534; x_wconf 90' lang='lat' dir='ltr'><strong>et</strong></span> <span class='ocrx_word' id='word_1_120' title='bbox 408 2468 508 2535; x_wconf 89' lang='lat' dir='ltr'><strong>alibi</strong></span> <span class='ocrx_word' id='word_1_121' title='bbox 535 2466 713 2552; x_wconf 82' lang='lat' dir='ltr'><strong>gaudere</strong></span> <span class='ocrx_word' id='word_1_122' title='bbox 742 2487 813 2532; x_wconf 87' lang='lat' dir='ltr'><strong>sua</strong></span> <span class='ocrx_word' id='word_1_123' title='bbox 842 2466 959 2533; x_wconf 83' lang='lat' dir='ltr'><strong>clade</strong></span> <span class='ocrx_word' id='word_1_124' title='bbox 986 2488 1056 2551; x_wconf 88' lang='lat' dir='ltr'><strong>pro</strong></span> <span class='ocrx_word' id='word_1_125' title='bbox 1077 2467 1235 2552; x_wconf 87' lang='lat' dir='ltr'><strong>alioqui</strong></span> <span class='ocrx_word' id='word_1_126' title='bbox 1258 2467 1312 2550; x_wconf 84' lang='lat' dir='ltr'><strong>(X,</strong></span> 
     </span>
     <span class='ocr_line' id='line_1_17' title="bbox 156 2573 1311 2659; baseline 0 -20"><span class='ocrx_word' id='word_1_127' title='bbox 156 2577 209 2653; x_wconf 80' lang='lat'><strong>35,</strong></span> <span class='ocrx_word' id='word_1_128' title='bbox 233 2574 265 2656; x_wconf 83' lang='grc'><strong>7)</strong></span> <span class='ocrx_word' id='word_1_129' title='bbox 286 2573 467 2641; x_wconf 89' lang='lat' dir='ltr'><strong>barbarum</strong></span> <span class='ocrx_word' id='word_1_130' title='bbox 489 2581 550 2641; x_wconf 90' lang='lat' dir='ltr'><strong>est.</strong></span> <span class='ocrx_word' id='word_1_131' title='bbox 601 2573 726 2657; x_wconf 82' lang='lat' dir='ltr'><strong>(Longe</strong></span> <span class='ocrx_word' id='word_1_132' title='bbox 750 2573 915 2640; x_wconf 83' lang='lat' dir='ltr'><strong>diversum</strong></span> <span class='ocrx_word' id='word_1_133' title='bbox 937 2580 999 2654; x_wconf 89' lang='lat' dir='ltr'><strong>est,</strong></span> <span class='ocrx_word' id='word_1_134' title='bbox 1028 2573 1116 2659; x_wconf 90' lang='lat' dir='ltr'><strong>quod</strong></span> <span class='ocrx_word' id='word_1_135' title='bbox 1138 2574 1196 2654; x_wconf 91' lang='lat' dir='ltr'><strong>III,</strong></span> <span class='ocrx_word' id='word_1_136' title='bbox 1221 2580 1269 2654; x_wconf 82' lang='lat'><strong>14,</strong></span> <span class='ocrx_word' id='word_1_137' title='bbox 1292 2580 1311 2639; x_wconf 86' lang='lat'>5</span> 
     </span>
     <span class='ocr_line' id='line_1_18' title="bbox 155 2680 1312 2765; baseline -0.001 -19"><span class='ocrx_word' id='word_1_138' title='bbox 155 2681 305 2747; x_wconf 78' lang='lat' dir='ltr'><strong>inventus</strong></span> <span class='ocrx_word' id='word_1_139' title='bbox 329 2681 450 2747; x_wconf 91' lang='lat' dir='ltr'><strong>dicitur</strong></span> <span class='ocrx_word' id='word_1_140' title='bbox 472 2680 590 2760; x_wconf 89' lang='lat' dir='ltr'><strong>alibi,</strong></span> <span class='ocrx_word' id='word_1_141' title='bbox 624 2681 687 2745; x_wconf 90' lang='lat' dir='ltr'><strong>hoc</strong></span> <span class='ocrx_word' id='word_1_142' title='bbox 714 2686 779 2761; x_wconf 90' lang='lat' dir='ltr'><strong>est,</strong></span> <span class='ocrx_word' id='word_1_143' title='bbox 812 2682 846 2746; x_wconf 90' lang='lat' dir='ltr'><strong>in</strong></span> <span class='ocrx_word' id='word_1_144' title='bbox 874 2682 948 2746; x_wconf 89' lang='lat' dir='ltr'><strong>aliis</strong></span> <span class='ocrx_word' id='word_1_145' title='bbox 971 2681 1069 2746; x_wconf 88' lang='lat' dir='ltr'><strong>rebus</strong></span> <span class='ocrx_word' id='word_1_146' title='bbox 1098 2681 1312 2765; x_wconf 89' lang='lat' dir='ltr'><strong>popularis</strong></span> 
     </span>
     <span class='ocr_line' id='line_1_19' title="bbox 157 2787 1312 2872; baseline -0.001 -19"><span class='ocrx_word' id='word_1_147' title='bbox 157 2787 312 2868; x_wconf 84' lang='lat' dir='ltr'><strong>fuisse.)</strong></span> <span class='ocrx_word' id='word_1_148' title='bbox 370 2788 444 2854; x_wconf 90' lang='lat' dir='ltr'><strong>Una</strong></span> <span class='ocrx_word' id='word_1_149' title='bbox 476 2788 590 2854; x_wconf 87' lang='lat' dir='ltr'><strong>littera</strong></span> <span class='ocrx_word' id='word_1_150' title='bbox 621 2788 780 2854; x_wconf 86' lang='lat' dir='ltr'><strong>mutanda</strong></span> <span class='ocrx_word' id='word_1_151' title='bbox 813 2794 865 2854; x_wconf 90' lang='lat' dir='ltr'><strong>est</strong></span> <span class='ocrx_word' id='word_1_152' title='bbox 898 2788 1186 2872; x_wconf 89' lang='lat' dir='ltr'><strong>scribendumque:</strong></span> <span class='ocrx_word' id='word_1_153' title='bbox 1221 2787 1312 2871; x_wconf 89' lang='lat' dir='ltr'><strong>capi</strong></span> 
     </span>
     <span class='ocr_line' id='line_1_20' title="bbox 155 2893 1312 2974; baseline -0.007 -13"><span class='ocrx_word' id='word_1_154' title='bbox 155 2902 314 2961; x_wconf 91' lang='lat' dir='ltr'><strong>tantum</strong></span> <span class='ocrx_word' id='word_1_155' title='bbox 357 2901 496 2961; x_wconf 88' lang='lat' dir='ltr'><strong>castra</strong></span> <span class='ocrx_word' id='word_1_156' title='bbox 532 2894 704 2961; x_wconf 91' lang='lat' dir='ltr'><strong>militem</strong></span> <span class='ocrx_word' id='word_1_157' title='bbox 742 2895 958 2962; x_wconf 86' lang='lat' dir='ltr'><strong>Romanum</strong></span> <span class='ocrx_word' id='word_1_158' title='bbox 997 2894 1195 2974; x_wconf 88' lang='lat' dir='ltr'><strong>noluisse,</strong></span> <span class='ocrx_word' id='word_1_159' title='bbox 1235 2893 1312 2955; x_wconf 80' lang='lat' dir='ltr'><strong>ella</strong></span> 
     </span>
     <span class='ocr_line' id='line_1_21' title="bbox 154 2992 1313 3087; baseline 0 -19"><span class='ocrx_word' id='word_1_160' title='bbox 154 3002 333 3085; x_wconf 81' lang='lat' dir='ltr'><strong>gaudere</strong></span> <span class='ocrx_word' id='word_1_161' title='bbox 356 3023 427 3068; x_wconf 92' lang='lat' dir='ltr'><strong>sua</strong></span> <span class='ocrx_word' id='word_1_162' title='bbox 449 3002 579 3082; x_wconf 87' lang='lat' dir='ltr'><strong>clade,</strong></span> <span class='ocrx_word' id='word_1_163' title='bbox 611 3002 676 3069; x_wconf 89' lang='lat' dir='ltr'><strong>boc</strong></span> <span class='ocrx_word' id='word_1_164' title='bbox 698 3009 763 3083; x_wconf 89' lang='lat' dir='ltr'><strong>est,</strong></span> <span class='ocrx_word' id='word_1_165' title='bbox 782 2992 925 3087; x_wconf 76' lang='lat' dir='ltr'><strong>&#39;reliqua</strong></span> <span class='ocrx_word' id='word_1_166' title='bbox 948 3025 1008 3068; x_wconf 89' lang='lat' dir='ltr'><strong>sua</strong></span> <span class='ocrx_word' id='word_1_167' title='bbox 1030 3001 1138 3082; x_wconf 88' lang='lat' dir='ltr'><strong>clade,</strong></span> <span class='ocrx_word' id='word_1_168' title='bbox 1173 3008 1313 3084; x_wconf 84' lang='lat' dir='ltr'><strong>excepta</strong></span> 
     </span>
     <span class='ocr_line' id='line_1_22' title="bbox 155 3109 1311 3195; baseline -0.002 -19"><span class='ocrx_word' id='word_1_169' title='bbox 155 3116 342 3176; x_wconf 87' lang='lat' dir='ltr'><strong>castrorum</strong></span> <span class='ocrx_word' id='word_1_170' title='bbox 370 3110 625 3195; x_wconf 83' lang='lat' dir='ltr'><strong>expugnatione,</strong></span> <span class='ocrx_word' id='word_1_171' title='bbox 658 3109 924 3194; x_wconf 86' lang='lat' dir='ltr'><strong>frequentissimo</strong></span> <span class='ocrx_word' id='word_1_172' title='bbox 953 3109 1040 3194; x_wconf 86' lang='lat' dir='ltr'><strong>apud</strong></span> <span class='ocrx_word' id='word_1_173' title='bbox 1068 3109 1194 3173; x_wconf 86' lang='lat' dir='ltr'><strong>Livium</strong></span> <span class='ocrx_word' id='word_1_174' title='bbox 1222 3109 1311 3175; x_wconf 82' lang='lat' dir='ltr'><strong>vocis</strong></span> 
     </span>
     <span class='ocr_line' id='line_1_23' title="bbox 154 3215 1310 3302; baseline -0.001 -20"><span class='ocrx_word' id='word_1_175' title='bbox 154 3215 261 3283; x_wconf 92' lang='lat' dir='ltr'><strong>alius</strong></span> <span class='ocrx_word' id='word_1_176' title='bbox 289 3239 367 3298; x_wconf 89' lang='lat' dir='ltr'><strong>usu,</strong></span> <span class='ocrx_word' id='word_1_177' title='bbox 401 3218 492 3282; x_wconf 91' lang='lat' dir='ltr'><strong>cuius</strong></span> <span class='ocrx_word' id='word_1_178' title='bbox 520 3217 571 3282; x_wconf 87' lang='lat' dir='ltr'><strong>vel</strong></span> <span class='ocrx_word' id='word_1_179' title='bbox 599 3216 705 3282; x_wconf 83' lang='lat' dir='ltr'><strong>lexico</strong></span> <span class='ocrx_word' id='word_1_180' title='bbox 733 3217 956 3302; x_wconf 84' lang='lat' dir='ltr'><strong>exemplorum</strong></span> <span class='ocrx_word' id='word_1_181' title='bbox 984 3218 1064 3283; x_wconf 90' lang='lat' dir='ltr'><strong>satis</strong></span> <span class='ocrx_word' id='word_1_182' title='bbox 1088 3216 1310 3301; x_wconf 87' lang='lat' dir='ltr'><strong>suppeditant.</strong></span> 
     </span>
     <span class='ocr_line' id='line_1_24' title="bbox 154 3322 1311 3409; baseline 0 -19"><span class='ocrx_word' id='word_1_183' title='bbox 154 3322 370 3408; x_wconf 68' lang='lat' dir='ltr'><strong>[Creverius]</strong></span> <span class='ocrx_word' id='word_1_184' title='bbox 421 3322 591 3406; x_wconf 86' lang='lat' dir='ltr'><strong>(Eiusdem</strong></span> <span class='ocrx_word' id='word_1_185' title='bbox 620 3324 739 3408; x_wconf 89' lang='lat' dir='ltr'><strong>capitis</strong></span> <span class='ocrx_word' id='word_1_186' title='bbox 762 3323 779 3407; x_wconf 62' lang='grc' dir='ltr'><strong>ἕ</strong></span> <span class='ocrx_word' id='word_1_187' title='bbox 803 3330 837 3406; x_wconf 88' lang='grc'><strong>6,</strong></span> <span class='ocrx_word' id='word_1_188' title='bbox 867 3325 955 3409; x_wconf 90' lang='lat' dir='ltr'><strong>quod</strong></span> <span class='ocrx_word' id='word_1_189' title='bbox 978 3325 1019 3389; x_wconf 89' lang='lat' dir='ltr'><strong>de</strong></span> <span class='ocrx_word' id='word_1_190' title='bbox 1041 3325 1148 3409; x_wconf 85' lang='lat' dir='ltr'><strong>Appio</strong></span> <span class='ocrx_word' id='word_1_191' title='bbox 1172 3322 1311 3390; x_wconf 86' lang='lat' dir='ltr'><strong>Claudio</strong></span> 
     </span>
     <span class='ocr_line' id='line_1_25' title="bbox 154 3430 1312 3516; baseline -0.001 -19"><span class='ocrx_word' id='word_1_192' title='bbox 154 3432 327 3498; x_wconf 89' lang='lat' dir='ltr'><strong>scribitur:</strong></span> <span class='ocrx_word' id='word_1_193' title='bbox 359 3431 505 3496; x_wconf 88' lang='lat' dir='ltr'><strong>Victus</strong></span> <span class='ocrx_word' id='word_1_194' title='bbox 527 3431 701 3511; x_wconf 89' lang='lat' dir='ltr'><strong>tandem,</strong></span> <span class='ocrx_word' id='word_1_195' title='bbox 731 3432 890 3516; x_wconf 89' lang='lat' dir='ltr'><strong>quando</strong></span> <span class='ocrx_word' id='word_1_196' title='bbox 913 3432 1071 3514; x_wconf 89' lang='lat' dir='ltr'><strong>quidem</strong></span> <span class='ocrx_word' id='word_1_197' title='bbox 1093 3430 1196 3496; x_wconf 92' lang='lat' dir='ltr'><strong>nibil</strong></span> <span class='ocrx_word' id='word_1_198' title='bbox 1218 3451 1312 3515; x_wconf 74' lang='lat' dir='ltr'><strong>prae·</strong></span> 
     </span>
     <span class='ocr_line' id='line_1_26' title="bbox 154 3538 1312 3624; baseline 0.001 -20"><span class='ocrx_word' id='word_1_199' title='bbox 154 3545 219 3604; x_wconf 85' lang='lat' dir='ltr'><strong>ter</strong></span> <span class='ocrx_word' id='word_1_200' title='bbox 245 3546 404 3624; x_wconf 89' lang='lat' dir='ltr'><strong>tempus</strong></span> <span class='ocrx_word' id='word_1_201' title='bbox 432 3558 543 3604; x_wconf 78' lang='lat' dir='ltr'><strong>noxa</strong></span> <span class='ocrx_word' id='word_1_202' title='bbox 571 3538 832 3605; x_wconf 90' lang='lat' dir='ltr'><strong>lucrarentur</strong></span> <span class='ocrx_word' id='word_1_203' title='bbox 855 3539 1002 3621; x_wconf 85' lang='lat' dir='ltr'><strong>(milites,</strong></span> <span class='ocrx_word' id='word_1_204' title='bbox 1031 3541 1065 3604; x_wconf 90' lang='lat' dir='ltr'><strong>in</strong></span> <span class='ocrx_word' id='word_1_205' title='bbox 1088 3561 1172 3623; x_wconf 92' lang='lat' dir='ltr'><strong>quos</strong></span> <span class='ocrx_word' id='word_1_206' title='bbox 1197 3540 1312 3605; x_wconf 83' lang='lat' dir='ltr'><strong>saevire</strong></span> 
     </span>
     <span class='ocr_line' id='line_1_27' title="bbox 154 3646 1312 3729; baseline 0 -18"><span class='ocrx_word' id='word_1_207' title='bbox 154 3646 337 3728; x_wconf 84' lang='lat' dir='ltr'><strong>decrerat),</strong></span> <span class='ocrx_word' id='word_1_208' title='bbox 383 3646 554 3711; x_wconf 90' lang='lat' dir='ltr'><strong>remissa</strong></span> <span class='ocrx_word' id='word_1_209' title='bbox 600 3647 791 3711; x_wconf 89' lang='lat' dir='ltr'><strong>contione</strong></span> <span class='ocrx_word' id='word_1_210' title='bbox 831 3648 912 3711; x_wconf 88' lang='lat' dir='ltr'><strong>iter</strong></span> <span class='ocrx_word' id='word_1_211' title='bbox 952 3648 989 3711; x_wconf 91' lang='lat' dir='ltr'><strong>in</strong></span> <span class='ocrx_word' id='word_1_212' title='bbox 1029 3648 1312 3729; x_wconf 87' lang='lat' dir='ltr'><strong>insequentem</strong></span> 
     </span>
     <span class='ocr_line' id='line_1_28' title="bbox 155 3752 1311 3838; baseline -0.001 -19"><span class='ocrx_word' id='word_1_213' title='bbox 155 3752 261 3819; x_wconf 88' lang='lat' dir='ltr'><strong>diem</strong></span> <span class='ocrx_word' id='word_1_214' title='bbox 298 3753 565 3838; x_wconf 86' lang='lat' dir='ltr'><strong>pronuntiari</strong></span> <span class='ocrx_word' id='word_1_215' title='bbox 599 3773 717 3837; x_wconf 92' lang='lat' dir='ltr'><strong>quum</strong></span> <span class='ocrx_word' id='word_1_216' title='bbox 749 3755 963 3832; x_wconf 89' lang='lat' dir='ltr'><strong>iussisset,</strong></span> <span class='ocrx_word' id='word_1_217' title='bbox 1003 3752 1137 3817; x_wconf 88' lang='lat' dir='ltr'><strong>verbum</strong></span> <span class='ocrx_word' id='word_1_218' title='bbox 1169 3755 1311 3818; x_wconf 91' lang='lat' dir='ltr'><strong>remit·</strong></span> 
     </span>
     <span class='ocr_line' id='line_1_29' title="bbox 155 3858 1312 3946; baseline -0.002 -20"><span class='ocrx_word' id='word_1_219' title='bbox 155 3860 284 3941; x_wconf 90' lang='lat' dir='ltr'><strong>tendi,</strong></span> <span class='ocrx_word' id='word_1_220' title='bbox 318 3858 408 3944; x_wconf 90' lang='lat' dir='ltr'><strong>quod</strong></span> <span class='ocrx_word' id='word_1_221' title='bbox 442 3859 483 3925; x_wconf 86' lang='lat' dir='ltr'><strong>de</strong></span> <span class='ocrx_word' id='word_1_222' title='bbox 509 3861 639 3946; x_wconf 88' lang='lat' dir='ltr'><strong>poenis,</strong></span> <span class='ocrx_word' id='word_1_223' title='bbox 674 3860 808 3940; x_wconf 86' lang='lat' dir='ltr'><strong>debitis,</strong></span> <span class='ocrx_word' id='word_1_224' title='bbox 843 3861 1021 3943; x_wconf 89' lang='lat' dir='ltr'><strong>postulatis</strong></span> <span class='ocrx_word' id='word_1_225' title='bbox 1050 3881 1115 3923; x_wconf 91' lang='lat' dir='ltr'><strong>non</strong></span> <span class='ocrx_word' id='word_1_226' title='bbox 1144 3858 1312 3942; x_wconf 82' lang='lat' dir='ltr'><strong>exigendis</strong></span> 
     </span>
     <span class='ocr_line' id='line_1_30' title="bbox 155 3967 1313 4051; baseline -0.002 -18"><span class='ocrx_word' id='word_1_227' title='bbox 155 3967 292 4049; x_wconf 89' lang='lat' dir='ltr'><strong>dicitur,</strong></span> <span class='ocrx_word' id='word_1_228' title='bbox 326 3988 347 4033; x_wconf 89' lang='lat' dir='ltr'><strong>a</strong></span> <span class='ocrx_word' id='word_1_229' title='bbox 374 3968 529 4034; x_wconf 88' lang='lat' dir='ltr'><strong>contione</strong></span> <span class='ocrx_word' id='word_1_230' title='bbox 566 3967 711 4033; x_wconf 89' lang='lat' dir='ltr'><strong>alienum</strong></span> <span class='ocrx_word' id='word_1_231' title='bbox 738 3989 873 4050; x_wconf 90' lang='lat' dir='ltr'><strong>prorsus</strong></span> <span class='ocrx_word' id='word_1_232' title='bbox 902 3975 967 4044; x_wconf 87' lang='lat' dir='ltr'><strong>cst,</strong></span> <span class='ocrx_word' id='word_1_233' title='bbox 1002 3967 1096 4051; x_wconf 86' lang='lat' dir='ltr'><strong>quasi</strong></span> <span class='ocrx_word' id='word_1_234' title='bbox 1131 3987 1171 4031; x_wconf 85' lang='lat' dir='ltr'><strong>eu</strong></span> <span class='ocrx_word' id='word_1_235' title='bbox 1198 3987 1313 4049; x_wconf 77' lang='lat' dir='ltr'><strong>poena</strong></span> 
     </span>
    </p>
   </div>
   <div class='ocr_carea' id='block_1_3' title="bbox 152 4071 1313 4374">
    <p class='ocr_par' dir='ltr' id='par_1_3' title="bbox 152 4071 1313 4374">
     <span class='ocr_line' id='line_1_31' title="bbox 155 4071 1313 4157; baseline -0.003 -17"><span class='ocrx_word' id='word_1_236' title='bbox 155 4075 230 4142; x_wconf 88' lang='lat' dir='ltr'><strong>loco</strong></span> <span class='ocrx_word' id='word_1_237' title='bbox 269 4075 444 4142; x_wconf 89' lang='lat' dir='ltr'><strong>toleranda</strong></span> <span class='ocrx_word' id='word_1_238' title='bbox 482 4074 645 4140; x_wconf 91' lang='lat' dir='ltr'><strong>militibus</strong></span> <span class='ocrx_word' id='word_1_239' title='bbox 684 4072 793 4139; x_wconf 85' lang='lat' dir='ltr'><strong>fuerit.</strong></span> <span class='ocrx_word' id='word_1_240' title='bbox 862 4072 957 4150; x_wconf 86' lang='lat' dir='ltr'><strong>Quod</strong></span> <span class='ocrx_word' id='word_1_241' title='bbox 991 4071 1147 4139; x_wconf 83' lang='lat' dir='ltr'><strong>Claudius</strong></span> <span class='ocrx_word' id='word_1_242' title='bbox 1186 4079 1313 4157; x_wconf 89' lang='lat' dir='ltr'><strong>postea,</strong></span> 
     </span>
     <span class='ocr_line' id='line_1_32' title="bbox 156 4178 1313 4267; baseline -0.006 -18"><span class='ocrx_word' id='word_1_243' title='bbox 156 4203 267 4267; x_wconf 78' lang='lat' dir='ltr'><strong>pugna</strong></span> <span class='ocrx_word' id='word_1_244' title='bbox 288 4183 478 4261; x_wconf 88' lang='lat' dir='ltr'><strong>interiecta,</strong></span> <span class='ocrx_word' id='word_1_245' title='bbox 508 4183 542 4247; x_wconf 94' lang='lat' dir='ltr'><strong>in</strong></span> <span class='ocrx_word' id='word_1_246' title='bbox 565 4180 640 4246; x_wconf 86' lang='lat' dir='ltr'><strong>aliis</strong></span> <span class='ocrx_word' id='word_1_247' title='bbox 664 4183 783 4246; x_wconf 89' lang='lat' dir='ltr'><strong>castris</strong></span> <span class='ocrx_word' id='word_1_248' title='bbox 808 4182 995 4247; x_wconf 90' lang='lat' dir='ltr'><strong>contionem</strong></span> <span class='ocrx_word' id='word_1_249' title='bbox 1018 4179 1200 4258; x_wconf 82' lang='lat' dir='ltr'><strong>advocavit,</strong></span> <span class='ocrx_word' id='word_1_250' title='bbox 1231 4178 1313 4243; x_wconf 90' lang='lat' dir='ltr'><strong>nihil</strong></span> 
     </span>
     <span class='ocr_line' id='line_1_33' title="bbox 152 4283 1313 4374; baseline -0.006 -18"><span class='ocrx_word' id='word_1_251' title='bbox 152 4289 200 4355; x_wconf 80' lang='lat' dir='ltr'><strong>ed</strong></span> <span class='ocrx_word' id='word_1_252' title='bbox 226 4290 312 4356; x_wconf 88' lang='lat' dir='ltr'><strong>hunc</strong></span> <span class='ocrx_word' id='word_1_253' title='bbox 339 4289 450 4355; x_wconf 89' lang='lat' dir='ltr'><strong>locum</strong></span> <span class='ocrx_word' id='word_1_254' title='bbox 477 4290 636 4374; x_wconf 85' lang='lat' dir='ltr'><strong>pertinet,</strong></span> <span class='ocrx_word' id='word_1_255' title='bbox 670 4310 729 4354; x_wconf 91' lang='lat' dir='ltr'><strong>nec</strong></span> <span class='ocrx_word' id='word_1_256' title='bbox 758 4289 970 4353; x_wconf 89' lang='lat' dir='ltr'><strong>remittere</strong></span> <span class='ocrx_word' id='word_1_257' title='bbox 994 4286 1166 4353; x_wconf 84' lang='lat' dir='ltr'><strong>differendi</strong></span> <span class='ocrx_word' id='word_1_258' title='bbox 1190 4283 1313 4369; x_wconf 82' lang='lat' dir='ltr'><strong>signifi·</strong></span> 
     </span>
    </p>
   </div>
   <div class='ocr_carea' id='block_1_4' title="bbox 186 4539 1313 4696">
    <p class='ocr_par' dir='ltr' id='par_1_4' title="bbox 186 4539 1313 4696">
     <span class='ocr_line' id='line_1_34' title="bbox 186 4539 1313 4612; baseline -0.003 -15"><span class='ocrx_word' id='word_1_259' title='bbox 186 4543 211 4607; x_wconf 87' lang='grc' dir='ltr'><strong>ι)</strong></span> <span class='ocrx_word' id='word_1_260' title='bbox 231 4539 310 4612; x_wconf 68' lang='lat' dir='ltr'><strong>[Qua</strong></span> <span class='ocrx_word' id='word_1_261' title='bbox 328 4542 364 4596; x_wconf 86' lang='lat' dir='ltr'><strong>ds</strong></span> <span class='ocrx_word' id='word_1_262' title='bbox 380 4543 504 4598; x_wconf 84' lang='lat' dir='ltr'><strong>rectiore</strong></span> <span class='ocrx_word' id='word_1_263' title='bbox 521 4543 659 4598; x_wconf 80' lang='lat' dir='ltr'><strong>cretionis</strong></span> <span class='ocrx_word' id='word_1_264' title='bbox 679 4542 863 4597; x_wconf 84' lang='lat' dir='ltr'><strong>distinctione</strong></span> <span class='ocrx_word' id='word_1_265' title='bbox 881 4541 911 4593; x_wconf 91' lang='lat' dir='ltr'><strong>in</strong></span> <span class='ocrx_word' id='word_1_266' title='bbox 924 4558 947 4593; x_wconf 91' lang='grc'><strong>0.</strong></span> <span class='ocrx_word' id='word_1_267' title='bbox 963 4541 1005 4600; x_wconf 82' lang='grc'><strong>57.</strong></span> <span class='ocrx_word' id='word_1_268' title='bbox 1024 4542 1040 4593; x_wconf 86' lang='grc'><strong>3</strong></span> <span class='ocrx_word' id='word_1_269' title='bbox 1055 4540 1131 4608; x_wconf 86' lang='lat' dir='ltr'><strong>(post</strong></span> <span class='ocrx_word' id='word_1_270' title='bbox 1144 4539 1313 4608; x_wconf 86' lang='lat' dir='ltr'><strong>Strothium)</strong></span> 
     </span>
     <span class='ocr_line' id='line_1_35' title="bbox 226 4621 1037 4696; baseline -0.007 -13"><span class='ocrx_word' id='word_1_271' title='bbox 226 4632 256 4682; x_wconf 80' lang='lat' dir='ltr'><strong>et</strong></span> <span class='ocrx_word' id='word_1_272' title='bbox 272 4629 315 4695; x_wconf 80' lang='grc'><strong>68,</strong></span> <span class='ocrx_word' id='word_1_273' title='bbox 332 4629 350 4682; x_wconf 78' lang='grc'><strong>4</strong></span> <span class='ocrx_word' id='word_1_274' title='bbox 367 4626 577 4696; x_wconf 69' lang='lat' dir='ltr'><strong>admonueram,</strong></span> <span class='ocrx_word' id='word_1_275' title='bbox 595 4626 665 4682; x_wconf 89' lang='lat' dir='ltr'><strong>nibil</strong></span> <span class='ocrx_word' id='word_1_276' title='bbox 682 4644 758 4681; x_wconf 92' lang='lat' dir='ltr'><strong>nunc</strong></span> <span class='ocrx_word' id='word_1_277' title='bbox 775 4624 868 4695; x_wconf 87' lang='lat' dir='ltr'><strong>repeti</strong></span> <span class='ocrx_word' id='word_1_278' title='bbox 885 4641 957 4692; x_wconf 85' lang='lat' dir='ltr'><strong>opus</strong></span> <span class='ocrx_word' id='word_1_279' title='bbox 974 4621 1037 4691; x_wconf 85' lang='lat' dir='ltr'><strong>est]</strong></span> 
     </span>
    </p>
   </div>
   <div class='ocr_carea' id='block_1_5' title="bbox 1064 4726 1083 4781">
    <p class='ocr_par' dir='ltr' id='par_1_5' title="bbox 1064 4726 1083 4781">
     <span class='ocr_line' id='line_1_36' title="bbox 1064 4726 1083 4781; baseline 0 0"><span class='ocrx_word' id='word_1_280' title='bbox 1064 4726 1083 4781; x_wconf 82' lang='grc'>6</span> 
     </span>
    </p>
   </div>
   <div class='ocr_carea' id='block_1_6' title="bbox 0 0 1536 5272">
    <p class='ocr_par' dir='ltr' id='par_1_6' title="bbox 0 0 1536 5272">
     <span class='ocr_line' id='line_1_37' title="bbox 0 0 1536 5272; baseline 0 0"><span class='ocrx_word' id='word_1_281' title='bbox 0 0 1536 5272; x_wconf 95' lang='lat' dir='ltr'><strong> </strong></span> 
     </span>
    </p>
   </div>
  </div>
 </body>
</html>
