3060 5272
243 362 305 418 Lib.
323 362 357 416 Χ.
791 350 853 409 222

244 534 386 617 procul
415 554 486 598 esse
515 533 717 615 significatur
746 540 779 598 et
807 534 923 598 horum
951 535 1094 616 proximi
1107 535 1160 623 ¹ab
1183 535 1399 601 ulterioribus

244 641 487 720 discernuntur,
532 640 686 724 factaque
728 640 923 723 apponendo
962 642 1141 723 partitione
1184 642 1318 725 (agros
1356 677 1401 687 —

243 750 449 831 proximos
477 783 519 793 -
541 749 761 826 ulteriora,
795 749 844 811 ita
871 753 908 812 ut
936 748 1035 811 etiam
1064 748 1108 812 ad
1135 749 1244 813 neutri
1270 750 1400 832 generis

242 857 410 921 notionem
438 857 648 922 incertiorem
671 854 887 935 transeatur),
922 875 982 937 pro
1011 856 1175 920 communi
1203 855 1303 921 verbo
1332 857 1399 922 duo

243 962 475 1042 subiiciuntur,
510 963 553 1027 ad
587 984 682 1027 suam
717 962 869 1044 quodque
899 969 1028 1044 partem
1057 969 1172 1046 aptum
1202 962 1328 1044 (cerni
1355 999 1400 1010 —

243 1071 376 1135 videri
410 1069 524 1149 esse).
582 1068 646 1133 Sed
678 1068 839 1133 haeremus
873 1069 1016 1152 primum
1044 1071 1078 1133 in
1108 1071 1235 1152 stagnis
1263 1077 1399 1152 atergo

243 1178 331 1256 sitis,
359 1199 461 1261 quum
488 1176 698 1241 manifestum
727 1177 785 1253 sit,
814 1176 893 1240 litus
921 1184 1019 1241 tenue
1042 1178 1259 1258 transgressis
1282 1184 1400 1260 stagna

243 1306 282 1350 ex
306 1285 441 1350 adverso
466 1283 595 1350 obiecta
618 1304 699 1349 esse.
752 1284 843 1349 Adeo
871 1290 983 1348 tamen
1011 1290 1101 1347 recte
1130 1291 1164 1348 et
1193 1286 1296 1349 omnis
1325 1305 1400 1350 ora·

242 1393 343 1458 tionis
372 1392 479 1457 forma
507 1398 540 1456 et
570 1391 699 1474 singula
720 1392 821 1456 verba
844 1391 1024 1469 cohaerent,
1059 1399 1097 1480 ut
1119 1393 1188 1456 sine
1208 1392 1399 1457 temeritate

241 1499 324 1565 nihil
358 1500 479 1563 mutari
513 1520 611 1582 posse
645 1499 796 1563 videatur
830 1498 1118 1581 confitendumque
1148 1520 1235 1577 esse,
1272 1499 1399 1563 Livium

242 1608 352 1673 nescio
382 1627 446 1688 quo
476 1607 576 1670 animi
605 1627 715 1670 errore
740 1607 787 1669 sic
810 1607 997 1688 scripsisse,
1027 1607 1122 1688 quasi
1147 1606 1187 1669 de
1209 1605 1398 1671 hominibus

243 1736 261 1780 e
289 1715 458 1778 contraria
493 1719 588 1795 parte
623 1712 653 1793 (e
683 1712 948 1792 mediterraneis)
985 1712 1193 1778 venientibus
1228 1719 1399 1796 ageretur3

242 1843 319 1886 narn
348 1820 394 1885 ab
422 1828 540 1903 tergo
570 1841 591 1885 a
617 1822 834 1900 transgressis
864 1822 1011 1904 separari
1041 1828 1075 1885 et
1104 1821 1219 1886 referri
1249 1820 1292 1885 ad
1315 1820 1396 1885 litus

244 1927 296 2010 (ut
324 1930 367 1993 sit
396 1936 489 2010 post
518 1927 572 2008 id)
600 1928 653 1991 vix
682 1948 761 1991 usus
790 1928 947 2010 loquendi
976 1929 1063 1992 sinit.
1117 1927 1181 1993 Sed
1209 1928 1271 1994 hoc
1293 1930 1328 1993 in
1350 1929 1400 1993 in·

243 2041 332 2100 certo
355 2035 595 2117 relinquamus3
626 2035 669 2098 ad
699 2037 915 2118 posteriorem
939 2043 1068 2118 partem
1091 2041 1335 2118 praevertemur,
1364 2037 1399 2100 in

242 2163 308 2226 qua
331 2144 480 2207 ostium
501 2141 611 2221 verbo,
636 2163 701 2224 quo
724 2142 897 2222 referatur,
921 2163 1034 2207 carere
1057 2143 1201 2222 videtur,
1230 2145 1342 2225 itaque
1365 2144 1400 2206 in

242 2250 353 2315 codice
381 2271 446 2315 uno
475 2256 508 2314 et
530 2251 635 2314 altero
658 2250 886 2315 recentissimo
911 2249 1013 2329 (velut
1036 2250 1154 2333 Sigon,
1182 2249 1251 2314 Pal.
1276 2248 1309 2331 2)
1333 2271 1394 2333 pro

243 2358 374 2422 videri
403 2378 494 2423 esse
525 2359 683 2440 scriptum
714 2365 763 2421 est
785 2357 877 2421 inde
901 2378 987 2421 esse
1011 2356 1230 2436 (ulteriora
1253 2357 1399 2435 colles;

160 2468 230 2535 (18⁷)
248 2466 340 2530 inde
364 2465 650 2546 esseostium),
681 2485 754 2546 quae
778 2466 943 2547 scriptura
966 2485 986 2528 a
1010 2464 1152 2529 Grutero
1174 2471 1310 2548 recepta
1332 2486 1401 2529 ser·

244 2578 388 2655 rataque
422 2574 455 2636 in
491 2572 693 2637 editionibus
728 2579 778 2637 est
811 2572 853 2636 ad
887 2578 1002 2636 nostra
1035 2579 1204 2655 tempora3
1237 2569 1402 2636 refellitur

244 2685 356 2743 tamen
390 2686 509 2762 praeter
543 2680 692 2744 codicum
728 2680 962 2744 auctoritatem
995 2679 1049 2758 (ne
1084 2680 1164 2761 quid
1198 2678 1239 2742 de
1267 2677 1400 2743 sublata

245 2793 325 2869 apta
352 2785 458 2868 figura
486 2789 694 2869 proximos
722 2822 765 2832 —
794 2788 922 2863 cerni,
957 2787 1168 2851 ulteriora
1195 2820 1239 2829 -
1266 2785 1399 2849 videri

245 2914 333 2958 esse
357 2893 478 2973 dicam)
501 2896 575 2977 ipsa
597 2895 776 2973 sententia;
805 2912 912 2975 neque
936 2894 1022 2957 enim
1045 2901 1121 2976 post
1144 2913 1240 2974 agros
1264 2891 1399 2973 (intror-

245 3023 299 3066 sus
333 3002 366 3064 in
399 3001 641 3066 mediterranea
668 3000 797 3080 versus)
828 3001 950 3065 ostium
978 2999 1121 3065 fluminis
1150 3006 1231 3065 erat.
1286 2999 1401 3082 Nuper

244 3108 532 3173 Weissenbornius
566 3130 663 3173 voces
697 3108 804 3172 haud
837 3108 978 3191 procul
1008 3130 1067 3173 suo
1096 3109 1170 3174 loco
1201 3113 1310 3173 motas
1339 3129 1399 3190 pu-

243 3217 342 3295 tavit,
380 3217 486 3299 iisque
520 3197 734 3299 transpositis
771 3216 818 3280 sic
853 3216 1000 3298 scripsit:
1041 3236 1159 3296 agros
1194 3217 1400 3299 proximos

245 3331 495 3405 campestres
530 3325 661 3401 cerni,
702 3321 907 3387 ulteriora
942 3323 1071 3387 colles
1104 3323 1253 3401 videri3
1292 3321 1399 3386 haud

243 3432 387 3514 procul
416 3453 502 3496 esse
526 3432 675 3496 ostium
698 3429 896 3510 fluminis,
926 3452 1000 3514 quo
1030 3431 1249 3513 circumagi
1277 3449 1398 3494 naves

243 3539 263 3602 i.
300 3545 344 3602 st.
374 3546 397 3602 t.
427 3539 643 3617 vidissent,
683 3536 747 3603 hoc
786 3538 919 3621 quidem
953 3544 1133 3602 extremum
1168 3535 1397 3618 (vidissent)

244 3665 283 3709 ex
315 3646 405 3710 inani
433 3644 627 3710 Alschefskii
657 3645 861 3724 coniectura,
895 3646 995 3709 ducta
1024 3667 1064 3709 ex
1092 3645 1189 3709 unius
1220 3644 1343 3709 codicis
1372 3641 1398 3705 P

243 3752 361 3816 mendo
389 3751 572 3817 vidisset.
631 3750 694 3816 Sed
724 3759 757 3815 et
786 3751 841 3815 hic
870 3752 1065 3817 emendandi
1088 3753 1154 3818 loci
1179 3758 1319 3817 conatus
1343 3748 1398 3829 (ne

244 3859 323 3942 quid
352 3859 392 3924 de
419 3859 677 3941 transpositione
706 3857 828 3939 dicam)
857 3866 890 3923 et
916 3860 1119 3941 reliquorum
1147 3858 1319 3924 sententiae
1341 3856 1398 3922 illo

242 3965 398 4030 laborant
420 3968 613 4048 gravissimo
637 3966 859 4044 incommodo,
889 3967 976 4049 qnod
1005 3970 1052 4032 sic
1083 3967 1309 4051 exploratores
1332 3985 1398 4029 non

243 4073 341 4138 modo
365 4074 485 4138 ostium
508 4072 596 4140 fluvii
621 4094 655 4138 se
677 4073 798 4137 vidisse
821 4079 958 4138 narrant
980 4082 1037 4139 aut
1060 4076 1160 4139 etiam
1182 4075 1216 4138 in
1234 4095 1271 4139 eo
1289 4092 1398 4151 naves,
