3060 5272
717 836 758 897 67
818 935 829 945 ,
1197 849 1261 904 Lib.
1279 851 1314 905 ll.

151 1028 237 1086 tam
265 1020 511 1106 pudicitiam
537 1018 601 1085 vel
628 1021 665 1084 ri
694 1020 845 1086 victrix
866 1018 1007 1100 libido,
1035 1019 1096 1085 hoc
1119 1027 1179 1102 est,
1201 1021 1315 1101 libido,

154 1151 230 1212 quse
252 1130 304 1195 rel
325 1128 399 1196 sola
419 1129 466 1208 vi,
498 1149 540 1193 ne
567 1127 717 1194 adhibito
746 1128 881 1214 quidem
910 1128 967 1193 illo
996 1134 1122 1194 terrore
1152 1135 1187 1195 at
1215 1129 1315 1196 dede·

156 1239 245 1304 coris
265 1238 372 1318 minis,
393 1236 549 1302 vincebat
571 1236 786 1322 superiorque
809 1235 929 1318 erat.¹)

243 1343 322 1430 Cap.
345 1349 397 1425 59,
423 1350 437 1409 l
463 1345 512 1426 (in
533 1344 684 1411 oratione
701 1344 827 1425 Bruti):
851 1365 930 1424 vos,
954 1345 1020 1425 dii,
1042 1351 1173 1411 testes
1195 1344 1313 1427 facio,

154 1476 214 1521 me
241 1454 278 1519 b
300 1452 568 1537 Tarquinium
597 1451 827 1536 Superbum
853 1486 896 1497 —
924 1452 1051 1533 ferro,
1083 1454 1184 1535 igni,
1218 1476 1315 1538 qua·

154 1581 311 1646 cunque
342 1559 488 1627 debinc
516 1561 554 1624 vi
581 1581 758 1644 possum,
792 1567 1091 1626 exsecuturum.
1146 1562 1316 1647 Temporis

153 1676 189 1735 et
215 1670 342 1737 ordinis
372 1668 579 1749 adverbium,
613 1688 679 1750 quo
708 1667 829 1733 alibine
858 1689 998 1752 usquam
1020 1668 1130 1735 Livius
1158 1691 1241 1736 usus
1263 1671 1316 1750 sit,

153 1800 221 1843 non
242 1778 393 1857 memini,
428 1777 457 1843 si
479 1777 660 1861 posuisset,
694 1775 871 1841 adiecisset
899 1777 1065 1860 primariae
1089 1778 1260 1844 sententia
1282 1784 1317 1844 at

152 1887 260 1952 futuri
287 1886 447 1970 temporis
476 1884 576 1950 verbo
605 1883 767 1966 (dehinc
795 1884 1116 1967 exsecuturum),
1149 1907 1215 1970 quo
1242 1884 1316 1952 loco

153 2016 244 2060 nunc
266 1995 416 2079 ponitur,
449 2014 551 2058 unum
573 1992 608 2057 id
631 1997 708 2077 apte
732 1992 809 2076 poni
831 1999 978 2075 poterat,
1012 2015 1093 2077 quo,
1126 1986 1316 2076 singulatim

156 2102 356 2186 quibusdam
384 2102 577 2182 nominatis,
611 2108 778 2185 postremo
812 2100 923 2165 omnia
951 2121 1011 2166 nos
1039 2101 1316 2186 comprehendere

155 2209 397 2294 significamus:
433 2229 677 2293 quacunque
705 2208 871 2285 deulque
899 2209 936 2272 vi
964 2230 1133 2293 possum.
1190 2208 1229 2274 ld
1257 2208 1315 2274 ad·

153 2318 304 2384 verbium
327 2325 361 2383 et
384 2317 466 2383 alibi
489 2317 705 2402 depravatum
730 2322 783 2382 est
804 2323 838 2382 et
860 2315 914 2381 hic
935 2316 1102 2397 facillime,
1125 2317 1214 2401 quod
1236 2317 1310 2383 duae
1329 2327 1383 2396 (eo)

154 2434 331 2510 postremae
358 2425 480 2491 litterae
503 2425 577 2508 (ue)
605 2431 743 2509 propter
771 2423 1019 2490 similitudinem
1047 2427 1203 2510 proximae
1227 2427 1315 2493 vocis

155 2535 193 2614 (u
202 2535 228 2617 i)
249 2534 490 2600 interciderant
512 2532 659 2618 (deniq,
682 2533 758 2598 inde
782 2531 952 2614 dehinc).

649 2798 741 2879 Lib.
775 2797 825 2879 H.

242 2930 320 3016 Cap.
347 2936 374 3010 l,
401 2936 449 2995 ll.
490 2929 552 2995 Hic
574 2930 668 2995 locus
690 2930 724 2993 in
747 2928 909 3010 omnibus,
932 2950 1071 3012 quorum
1094 2927 1199 2993 ullum
1221 2930 1315 2994 mini·

154 3062 243 3106 mum
267 3046 319 3105 est
340 3045 556 3119 momentum,
591 3036 761 3103 codicibus
790 3044 878 3102 recte
907 3038 955 3102 sic
977 3036 1149 3102 scribitur:
1184 3037 1315 3102 tradi·

154 3156 320 3231 tumque
343 3146 437 3212 inde
459 3146 606 3225 fertur,
630 3145 734 3209 utin
758 3152 943 3210 senatum
966 3152 1222 3224 vocarentur,
1247 3146 1314 3229 qui

154 3262 300 3341 patres
329 3255 481 3340 quique
513 3253 744 3337 conscripti
773 3260 925 3333 essent3
956 3255 1232 3338 conscriptos,
1262 3254 1314 3317 ri-

155 3363 316 3428 delicet
344 3383 487 3428 novum
515 3367 715 3439 senatum,
753 3361 1022 3445 appellabant
1054 3361 1195 3427 lectos.
1251 3361 1314 3427 Po·

154 3478 279 3536 strema
311 3470 412 3535 rerba
445 3469 584 3549 rectius,
618 3490 717 3557 quam
744 3471 778 3533 in
808 3469 1008 3535 editionibus
1031 3470 1083 3550 fit,
1115 3471 1314 3554 interpunxi,

154 3586 316 3645 commate
345 3584 422 3644 anto
450 3576 649 3642 videlicet
676 3577 793 3661 posito⁴
850 3577 1021 3661 Significat
1042 3578 1166 3657 Livius,
1199 3579 1313 3663 quiin

154 3686 214 3751 illo
237 3693 373 3752 senatus
396 3685 535 3750 vocandi
558 3686 703 3750 carmine
727 3687 955 3768 conscripti
979 3686 1196 3769 appellentur,
1217 3686 1314 3750 initio

154 3794 257 3859 fnisse
286 3792 362 3859 illos
385 3795 491 3878 ipsos,
524 3813 608 3875 quos
641 3792 703 3857 hoc
733 3793 842 3875 capite
870 3794 1018 3857 namarit
1046 3814 1066 3856 a
1093 3792 1208 3875 primis
1237 3812 1313 3857 con·

156 3901 285 3968 sulibus
308 3902 428 3982 lectos,
459 3900 493 3965 id
521 3922 639 3967 nomen
663 3922 722 3985 pro
746 3907 877 3984 patrum
900 3881 1045 3978 nomine,
1074 3898 1163 3981 quod
1186 3906 1313 3965 veteres

155 4016 324 4075 senatores
352 4017 512 4092 tanquam
533 4008 705 4074 honestius
728 4007 930 4091 aliquamdiu
953 4008 1121 4091 proprium
1144 4007 1313 4085 servarint,

155 4118 202 4182 sic
235 4118 425 4202 impositum
459 4116 554 4197 dicit,
587 4123 747 4201 tanquam
781 4137 883 4182 novus
917 4115 1052 4198 quidam
1091 4115 1144 4181 hio
1178 4122 1313 4180 senatus

154 4233 244 4291 esset
263 4224 484 4307 (videlicet,
507 4223 573 4290 hoc
590 4231 650 4304 est,
669 4224 790 4289 oredo
809 4227 926 4306 quasi
944 4244 1084 4289 novum
1102 4220 1312 4303 senatum).

154 4333 226 4398 Hac
248 4333 416 4399 sententia
436 4352 501 4396 non
524 4330 706 4411 intellecta,
736 4332 880 4398 editores
907 4332 984 4397 inde
1011 4355 1033 4398 a
1056 4331 1190 4415 Sigonio
1213 4329 1313 4415 pleri·

179 4508 185 4512 ,
199 4506 312 4513 ——n-
323 4506 386 4513 ——0

184 4604 209 4672 ¹)
226 4602 319 4673 [Multi
337 4603 429 4659 multa
447 4602 482 4658 de
499 4603 554 4658 boo
572 4603 636 4660 loco
653 4612 751 4674 numer,
769 4601 976 4672 improbabilia,
995 4620 1058 4671 qum
1077 4602 1143 4669 vidi,
1161 4599 1275 4670 omnia]

1048 4704 1080 4760 5-
