3060 5272
204 378 266 433 Lib.
288 378 439 432 XXXVIII.
749 373 810 431 548

203 549 433 632 discrepantia,
457 551 562 615 solum
580 551 612 613 Ill
631 573 760 633 sequar,
783 555 817 617 in
840 576 905 636 quo
929 562 1039 619 tamen
1056 556 1137 638 ipso,
1160 558 1299 623 molesto
1323 561 1358 624 in

201 678 300 740 prosa
322 660 469 722 oratione
494 658 666 722 verborum
696 660 826 737 ordine,
860 662 1016 726 scribitur
1044 641 1159 727 nulla
1187 686 1356 746 quarum

201 787 261 848 pro
285 786 451 847 quarum
473 764 601 845 nulla)
624 765 666 829 ab
695 769 895 831 actuariis
919 769 1056 832 navibus
1085 770 1132 833 sic
1160 779 1359 855 separantur

201 892 402 948 moneres,
425 878 463 936 nt
490 874 646 936 actuariae
675 872 891 938 XAntiocho
920 875 1152 955 concedantur,
1187 900 1358 945 monerem

199 979 321 1044 habere
346 981 476 1043 omniuo
499 1000 539 1042 ne
556 978 664 1043 liceat.
699 980 812 1063 Ipsum
829 988 938 1045 tamen
962 983 1140 1048 moueris
1156 1005 1283 1064 nomeu,
1301 988 1357 1050 vix

200 1086 345 1151 dubitari
369 1093 489 1169 potest,
513 1088 592 1170 quin
605 1087 715 1151 Livius
735 1090 890 1170 posuerit,
910 1110 1010 1171 quum
1031 1089 1072 1153 ob
1084 1089 1269 1172 Moguutiui
1287 1091 1356 1173 (cui

115 1202 187 1269 (445)
204 1194 281 1258 Lov.
300 1200 319 1257 4
336 1194 539 1276 adiungitur)
558 1194 834 1274 auctoritatem¹),
852 1203 922 1259 tum
940 1195 1027 1277 quod
1045 1197 1246 1277 minorem,
1266 1199 1356 1282 quod

198 1302 348 1383 vulgares
372 1301 500 1365 codices
523 1300 663 1378 habent,
691 1300 769 1364 ferri
798 1303 912 1383 nequit
934 1309 968 1365 et
991 1324 1030 1365 ex
1053 1302 1110 1367 illo
1135 1311 1242 1368 ortum
1265 1306 1356 1370 vide-

199 1417 269 1487 tur3
304 1408 392 1491 quod
425 1409 452 1471 si
481 1410 528 1471 ita
557 1414 617 1486 est,
653 1409 722 1472 sine
758 1407 857 1472 dubio
893 1409 980 1491 apud
1015 1410 1186 1491 Polybium
1220 1432 1354 1495 quoque

199 1517 348 1582 Graecum
377 1515 459 1579 illud
488 1535 603 1578 nomen
631 1516 777 1597 positum
812 1515 889 1579 olim
916 1515 988 1580 fuit.
1034 1516 1239 1599 Quamquam
1267 1519 1356 1585 inter

199 1623 364 1688 actuarias
387 1643 486 1685 naves
510 1622 620 1701 (tectis
644 1629 676 1684 et
698 1621 842 1703 plurium
866 1623 1018 1686 ordinum
1046 1624 1187 1689 navibus
1209 1627 1354 1692 minores

198 1731 416 1811 levioresque,
446 1735 649 1809 τριακοντόρους
684 1728 887 1808 similesque)
917 1737 950 1794 et
978 1751 1127 1794 moneres
1151 1732 1230 1811 qnid
1252 1732 1355 1797 iuter·

197 1838 307 1911 fuerit,
327 1835 458 1899 difficile
477 1842 527 1899 cst
551 1836 738 1916 excogitatu
761 1857 820 1899 nec
844 1837 920 1899 scio.
955 1836 1020 1900 Sed
1043 1837 1132 1919 qnod
1156 1838 1244 1919 apud
1267 1837 1354 1903 Livi-

197 1965 253 2008 um
276 1944 433 2008 actuaria
455 1964 555 2007 naves
579 1963 653 2005 eum
677 1942 786 2006 locum
809 1950 931 2021 tenent,
956 1965 1052 2026 quem
1076 1944 1163 2026 apud
1180 1944 1355 2027 Polybium

199 2053 246 2135 (et
285 2052 484 2133 Appianum)
519 2054 616 2113 tectae
656 2046 874 2130 (κατάφρακτοι),
911 2071 1120 2133 nequequam
1153 2058 1243 2115 recte
1281 2051 1354 2116 fieri

198 2167 288 2243 puto.
333 2159 449 2239 Itaque
480 2164 513 2222 et
544 2156 632 2239 apud
654 2156 824 2238 Polybium
859 2165 892 2221 et
921 2156 1008 2240 apud
1032 2157 1159 2221 Livium
1188 2158 1348 2223 excidisse

197 2266 354 2332 nonnulla
376 2272 467 2349 puto,
491 2265 714 2346 scriptumque
737 2285 757 2326 a
779 2264 869 2327 Livio
893 2264 934 2326 ud
959 2264 1044 2327 hauc
1073 2264 1211 2328 formam
1234 2265 1351 2330 fuisse:

165 2390 272 2439 ¹neu
295 2374 430 2456 plures
465 2392 582 2454 quam
617 2370 753 2433 decem
788 2392 907 2435 naves
940 2378 1064 2432 tectus
1100 2389 1189 2433 neve
1222 2372 1353 2451 plnres

197 2500 304 2559 qna·
327 2524 344 2561 *
367 2499 477 2542 naves
511 2478 736 2551 actuarias,
773 2498 942 2557 (querum
970 2478 1084 2541 nulla
1113 2478 1206 2560 plus
1236 2500 1354 2561 quam

197 2589 373 2671 triginta
405 2586 525 2649 remis
560 2590 723 2664 agatur,
757 2583 909 2649 habeto
942 2606 1041 2648 nevo
1076 2606 1275 2650 monerem
1309 2606 1354 2649 ex

196 2695 298 2760 belli
323 2713 462 2770 causa,
485 2690 591 2772 quod
614 2691 701 2772 ipse
724 2690 923 2755 illaturus
947 2699 1018 2756 est.
1063 2693 1101 2755 In
1124 2690 1175 2756 his
1198 2693 1353 2757 extremis

195 2803 343 2867 residere
377 2798 531 2863 mendum
564 2819 629 2861 non
664 2797 770 2860 solum
802 2819 840 2861 ex
871 2821 910 2862 eo
941 2801 1105 2882 suspicor,
1139 2801 1227 2880 quod
1256 2800 1353 2865 nimis

195 2910 281 2974 nude
305 2907 387 2971 illud
410 2926 612 2970 monerem
643 2906 718 2986 poni
746 2906 891 2983 videtur,
926 2906 984 2969 sed
1014 2907 1101 2987 quod
1132 2913 1259 2970 certum
1292 2912 1352 2984 est,

195 3018 311 3081 Latine
333 3036 398 3079 uon
422 3014 486 3078 dici
509 3033 629 3076 naves
652 3011 804 3076 habere
828 3034 873 3077 ex
896 3013 996 3077 belli
1023 3034 1163 3091 causa,
1193 3013 1252 3077 sed
1274 3021 1348 3076 tau·

195 3132 264 3189 tum
289 3121 387 3186 belli
412 3141 540 3185 causa.
589 3118 703 3201 Neque
732 3119 913 3201 quidquam
941 3122 1031 3184 iuvat
1060 3121 1143 3184 Bet
1166 3121 1350 3201 vulgarium

195 3232 344 3298 codicum
367 3231 547 3312 scriptura:
572 3247 616 3291 ea
638 3226 741 3290 belli
764 3247 894 3291 causa.
941 3226 1057 3308 ltaque
1080 3234 1139 3291 aut
1161 3248 1208 3290 ex
1230 3226 1348 3291 tollen·

195 3339 272 3403 dum
305 3345 356 3402 est
389 3344 448 3402 aut
481 3333 705 3399 scribendum:
740 3353 936 3398 monerem
971 3335 1060 3398 eius
1094 3333 1194 3399 belli
1217 3352 1348 3411 cause,

194 3446 304 3529 quod
327 3453 388 3509 cet.
413 3442 444 3526 [ᾖ
468 3445 486 3504 9
509 3461 569 3523 pro
592 3460 647 3517 eo,
676 3441 764 3523 quod
798 3441 915 3520 editur,
943 3442 1155 3523 pecuniam
1191 3441 1351 3522 stipen-

194 3553 315 3630 dium,
339 3554 459 3633 inquo
484 3555 517 3613 et
545 3547 713 3612 distinctio
737 3549 883 3630 pecunia
906 3556 940 3612 et
962 3547 1118 3630 stipendii
1143 3546 1296 3630 displicet
1319 3552 1352 3610 et

193 3659 318 3742 copulae
352 3658 502 3733 omissio,
533 3653 742 3719 scribendum
765 3662 830 3719 est:
865 3656 1084 3739 pecuniam
1118 3654 1158 3715 lu
1195 3655 1350 3736 stipen-

198 3831 229 3837 —.
252 3828 421 3837 —---—-

221 3943 244 4008 ¹)
263 3942 394 3995 Graviter
426 3944 501 3993 errat
531 3935 709 4006 Kreyssigius
741 3936 834 3993 codici
867 3937 898 3992 Μ
928 3939 1098 3992 minorem
1131 3937 1265 3990 tribuens.
1317 3935 1351 3989 Id

261 4043 346 4093 quum
371 4025 413 4079 ed.
449 4023 616 4095 Moguntine
644 4038 678 4073 ex
708 4023 901 4089 superioribus
929 4023 1107 4089 retinuisset,
1128 4020 1283 4074 Cerbeohio
1305 4026 1348 4073 ts-

261 4115 359 4173 cente,
383 4108 514 4162 Gelenius
538 4107 678 4175 „Antiqua
710 4105 809 4174 lectio,
837 4108 944 4177 inquit,
973 4107 1060 4160 habet
1087 4106 1292 4171 monerem“,
1320 4103 1350 4156 id

261 4202 312 4258 est,
331 4193 427 4247 codex.
