3060 5272
242 389 306 445 nn.
323 389 408 444 mn.
480 351 483 358 ’
791 377 853 439 cao

244 560 403 627 hactenus
426 582 497 627 eam
520 562 753 643 cogitationem
783 561 980 644 seposuerit.
1024 559 1087 624 Vix
1113 558 1187 626 fieri
1208 565 1335 645 potest,
1358 564 1399 626 ut

242 693 308 737 non
332 670 500 754 scripserit
523 670 649 734 Livius:
684 668 834 734 bellurn
869 669 947 733 iam
975 669 1064 733 vivo
1092 674 1210 752 patre
1239 668 1397 750 cogita·

242 786 338 859 tum3
360 780 395 843 in
418 800 455 843 eo
479 778 565 844 enim
588 779 762 861 participio
785 779 969 842 necessario
992 777 1157 860 particula
1175 785 1233 842 est.
1266 776 1397 844 Deinde

242 887 259 972 ξ
283 893 302 952 6
336 887 376 952 de
401 886 523 952 Graecis
545 886 667 951 Persea
687 886 826 950 Eumeni
857 884 1107 968 praeferentibus
1137 892 1171 950 et
1198 884 1246 949 illi
1277 904 1312 951 se
1334 906 1396 970 ap·

241 994 442 1082 plicentibus
467 996 514 1059 sic
538 992 712 1059 edebatur:
748 1013 816 1058 seu
845 994 937 1074 quia
965 1015 1050 1059 eum
1081 994 1283 1074 obiectum
1306 1013 1397 1060 esse

242 1104 433 1170 Romanis
455 1102 649 1168 uolebant
673 1101 788 1186 (prava
810 1101 1002 1182 sententia);
1024 1102 1059 1166 in
1088 1101 1199 1167 codiee
1223 1108 1289 1166 est:
1325 1121 1396 1167 seu

242 1213 340 1296 qnia
367 1233 442 1276 non
471 1210 637 1276 obiecta
670 1231 757 1275 esse
792 1209 983 1275 Romanis
1011 1209 1219 1287 volebant,
1254 1229 1293 1275 ex
1328 1229 1396 1294 quo

240 1319 523 1387 Weissenbornins
555 1318 678 1384 effecit:
712 1339 789 1383 non
813 1316 991 1383 subiecti
1020 1340 1128 1398 esse3
1152 1317 1210 1383 sed
1232 1339 1270 1383 eo
1294 1318 1395 1402 signi·

240 1426 341 1492 fioatu
365 1426 419 1508 (de
447 1430 501 1508 iis,
525 1429 591 1512 ¹qui
624 1426 771 1491 nondum
799 1426 831 1489 in
856 1425 1018 1491 dicionem
1046 1427 1243 1511 potentioris
1264 1425 1394 1491 redacti

241 1557 359 1619 parere
387 1543 497 1601 tamen
524 1536 686 1601 voluntati
719 1536 789 1599 eius
817 1535 991 1616 coguntur)
1027 1535 1227 1600 obnoxius
1262 1534 1394 1614 dicitur,

241 1664 306 1708 non
330 1643 552 1709 subiectus.
597 1643 679 1708 Mihi
705 1645 739 1707 in
768 1648 909 1707 mentem
934 1644 1036 1723 venit,
1060 1645 1200 1728 propius
1229 1642 1327 1727 paulo
1351 1641 1396 1707 ad

241 1751 385 1815 litteras:
420 1773 499 1817 non
533 1752 689 1816 abiecti
722 1772 813 1816 esse
838 1752 873 1815 R.
899 1773 936 1823 v.,
961 1749 1022 1816 hoe
1046 1760 1104 1829 est,
1127 1773 1192 1815 non
1215 1751 1395 1834 contempti

243 1867 275 1924 et
298 1860 389 1924 viles.
434 1859 586 1924 Favendo
609 1857 825 1925 Macedonum
848 1861 918 1940 regi
941 1860 1045 1924 Graeci
1070 1859 1201 1924 efficere
1223 1858 1392 1937 volebant,

241 1975 278 2033 ut
301 1969 441 2033 Romani
464 1974 659 2050 cogerentur
681 1969 730 2032 sui
754 1989 884 2051 quoque
907 1968 1051 2050 aliquam
1074 1970 1237 2033 rationem
1260 1966 1391 2047 ducere,

242 2078 398 2161 quoniam
443 2076 598 2142 adiuvare
643 2074 862 2141 adversarium
898 2076 1079 2159 possent.¹)
1138 2075 1201 2141 Sed
1239 2075 1302 2141 hoc
1340 2078 1390 2141 in·

241 2191 381 2264 certum;
415 2184 495 2249 illud
530 2193 666 2262 certum,
700 2185 798 2268 paulo
821 2192 895 2269 post
930 2184 958 2266 (ξ
989 2185 1021 2266 8)
1057 2183 1266 2250 scribendum
1300 2205 1388 2250 esse:

240 2293 363 2371 Quum
397 2293 622 2358 Thessalos
657 2294 696 2357 in
730 2294 854 2357 armis
889 2313 977 2357 esse
1012 2295 1241 2358 nuntiatum
1277 2299 1393 2358 esset

154 2416 227 2486 (811)
248 2401 332 2483 (cod.
356 2409 388 2465 et
411 2401 484 2466 edd.
509 2400 593 2480 est),
611 2402 704 2483 App.
729 2400 940 2475 Claudium
962 2401 1142 2482 legatum
1165 2402 1213 2466 ad
1236 2422 1304 2467 eas
1326 2422 1392 2467 res

240 2508 500 2592 aspiciendas
529 2543 570 2552 -
599 2515 764 2572 senatus
794 2509 914 2572 misit.
959 2509 1127 2574 Iudicatur
1156 2531 1259 2576 causa
1288 2509 1389 2593 legati

239 2617 405 2695 mittendi,
439 2638 519 2696 non,
559 2617 759 2698 legationem
792 2616 944 2680 incidisse
979 2617 1012 2679 in
1046 2617 1079 2681 id
1114 2603 1259 2701 lempm,
1293 2638 1394 2701 quum

239 2726 429 2790 nuntiatum
450 2724 532 2790 illud
555 2725 595 2788 de
619 2722 784 2788 Thessalis
809 2724 851 2787 sit
875 2724 985 2805 (tum,
1009 2745 1123 2806 quum
1145 2762 1188 2772 —
1211 2725 1297 2806 est).
1331 2725 1390 2790 Er·

237 2839 347 2899 ratum
377 2832 491 2897 eodem
523 2832 620 2897 modo
660 2839 719 2896 aut
760 2833 926 2906 contrario
962 2833 1086 2913 (esset
1118 2857 1179 2918 pro
1214 2840 1278 2899 est
1311 2833 1393 2899 sori·

239 2941 362 3022 bondo)
388 2948 421 3006 et
443 2939 523 3006 alibi
544 2942 579 3005 in
603 2940 684 3005 Livii
709 2938 877 3005 codicibus
899 2963 964 3005 non
988 2943 1036 3006 ita
1058 2964 1134 3008 raro
1159 2943 1248 3007 etin
1273 2941 1387 3007 codice

237 3049 500 3128 vindobonensi,
522 3056 560 3114 ut
583 3049 695 3114 statim
718 3070 745 3113 c.
773 3052 821 3122 18,
846 3054 864 3113 6
893 3051 926 3114 in
956 3071 993 3115 eo
1023 3049 1178 3115 scribitur
1201 3050 1293 3131 (item
1317 3055 1390 3132 post

236 3158 367 3245 quum)
391 3158 565 3223 dilatum
589 3163 651 3222 est
673 3176 732 3240 pro
755 3156 928 3222 dilatum
951 3165 1076 3238 esset,
1100 3158 1189 3243 quod
1207 3165 1297 3222 recte
1321 3158 1390 3223 edi-

235 3275 297 3333 tur.
344 3266 503 3352 Sequitur
532 3263 562 3348 (ξ
594 3264 664 3346 10):
694 3264 917 3331 AEtolorum
952 3288 1098 3331 causas
1130 3264 1388 3344 Marcellns’)

238 3373 412 3460 Delphis
435 3374 633 3458 peridem
655 3379 817 3457 tempus
840 3374 1070 3440 hostilibus
1093 3382 1211 3441 actas
1234 3375 1389 3453 animis,

237 3504 336 3567 quas
358 3484 558 3549 intestino
582 3488 799 3563 gesserant
821 3480 947 3562 bello,
971 3484 1172 3566 cognovit.
1218 3482 1320 3547 Recte
1342 3483 1392 3547 in·

234 3592 403 3657 tellectum
426 3599 485 3670 est,
509 3610 654 3655 causas
677 3611 742 3654 non
765 3591 851 3673 geri
874 3589 1004 3670 bello,
1029 3598 1062 3654 et
1078 3599 1187 3657 toturn
1205 3590 1268 3656 hoc
1288 3611 1389 3673 quas

232 3702 253 3765 i.
278 3722 307 3783 g.
331 3699 362 3764 b.
393 3700 536 3765 inaniter
570 3698 677 3763 adiici.
721 3697 839 3780 Itaque
872 3697 1067 3782 Rupertium
1099 3700 1302 3766 recentiores
1336 3720 1387 3764 se·

235 3817 389 3891 quuntur.
413 3827 512 3891 quos
535 3807 739 3883 scribentem,
763 3811 800 3869 ut
822 3805 865 3869 ad
888 3807 1013 3871 animos
1036 3806 1207 3872 referatur.
1255 3805 1319 3872 Sed
1340 3807 1386 3870 ri·

236 3981 463 3989 ———.—.-—

266 4072 289 4139 ¹)
309 4070 398 4140 [Fors.
419 4072 499 4140 quic
517 4073 629 4127 omnia
648 4071 791 4125 obiecta
810 4086 885 4123 esse
909 4069 1072 4125 Romanis
1090 4070 1272 4125 volebant.
1302 4066 1388 4137 1864]

267 4157 293 4225 ¹)
311 4157 395 4228 [Num
412 4158 451 4213 M.
471 4157 678 4212 Marcellus?
715 4155 832 4209 Videtur
858 4152 1017 4224 significari,
1044 4156 1092 4223 qui
1111 4172 1134 4208 a.
1172 4158 1221 4211 188
1240 4155 1336 4210 consul
1353 4154 1392 4208 fu·

312 4251 380 4300 erat.
419 4242 506 4313 1864]
