3008 4756
702 348 763 408 219
1182 360 1242 415 Lib.
1260 360 1310 415 IX

156 531 363 610 transfertur,
385 531 455 595 haec
476 530 541 613 legi
565 531 673 596 solent
694 532 728 595 in
751 530 968 596 editionibus:
997 530 1163 594 Interea
1184 552 1248 596 res
1271 534 1311 597 in

157 639 326 704 Etruria
359 645 497 721 gestae3
537 660 624 704 nam
663 645 701 704 et
736 657 821 703 cum
854 637 1092 703 Umbrorum
1125 640 1311 704 exercitu

159 749 244 811 acie
273 746 553 834 depugnatum
580 753 641 812 est
669 753 729 811 eet.
781 745 847 811 Sed
874 744 974 810 verba
997 745 1160 809 interea
1182 767 1248 810 res
1272 747 1311 811 in

157 854 327 919 Etruria
356 861 479 937 gestae
507 855 542 918 in
563 854 655 933 MLl,
679 855 880 918 deteriorum
903 852 1030 935 aliquot
1054 851 1103 932 (ut
1124 851 1202 916 Lov.
1228 857 1256 932 3,
1280 858 1310 932 4,

155 966 183 1039 5,
212 963 240 1025 si
262 968 351 1026 recte
373 961 663 1027 Drakenborchius
685 958 826 1040 notavit)
850 961 982 1024 omnino
1005 960 1217 1038 omittuntur,
1245 960 1309 1025 nisi
1327 972 1398 1039 (184)

155 1067 245 1152 quod
272 1069 307 1133 in
329 1068 363 1132 M
384 1071 484 1134 tertia
512 1089 610 1133 manu
635 1068 805 1133 scribitur:
841 1068 997 1131 etrurie
1031 1087 1120 1131 nam
1154 1074 1193 1131 et
1226 1087 1311 1131 cum

155 1175 426 1259 Umbrorum3·
448 1176 529 1260 quid
569 1197 629 1260 pro
670 1175 826 1239 etrurie
866 1174 973 1255 prima
1011 1194 1112 1238 manu
1152 1174 1312 1257 scriptum

153 1283 285 1360 luisset,
320 1282 547 1348 Alschefskius
581 1283 766 1347 discernere
799 1302 864 1345 non
898 1280 1021 1363 potuit,
1055 1281 1089 1344 in
1118 1280 1143 1343 P
1171 1282 1312 1364 margini

157 1389 327 1472 adscripta
356 1392 501 1471 quinque
530 1390 588 1454 illa
615 1389 717 1454 verba
746 1395 839 1468 sunt,
873 1389 907 1452 in
936 1387 1155 1452 deterioribus
1185 1388 1313 1471 aliquot

136 1497 253 1579 ¹paulo
288 1503 364 1579 post
398 1497 589 1561 inseruntur
622 1504 699 1579 post
727 1497 797 1560 illa:
831 1518 908 1560 non
940 1495 1184 1560 tolerarunt
1217 1518 1310 1579 pug-

153 1603 285 1683 nam.¹)
340 1604 457 1687 Itaque
491 1602 699 1669 manifestius
733 1605 831 1668 etiam
865 1625 965 1687 quam
997 1604 1031 1666 in
1060 1603 1151 1682 VIII,
1181 1607 1237 1683 23,
1272 1608 1310 1667 10

153 1718 301 1776 tenemus
331 1711 641 1794 supplementuma
664 1712 774 1775 nescio
804 1733 870 1794 quo
899 1711 942 1775 ad
970 1711 1127 1775 lacunam
1156 1712 1310 1795 supplen-

153 1819 229 1882 dam
268 1820 302 1882 in
335 1820 481 1900 margine
515 1818 637 1883 codicis
672 1818 810 1882 alicuius
844 1818 1057 1901 adscriptum.
1122 1818 1187 1884 Sed
1220 1821 1310 1902 quod

153 1947 257 2008 nuper
279 1925 451 1991 Scheibius
474 1933 508 1990 et
529 1924 832 2002 Weissenbornius,
862 1927 994 1990 omissis
1019 1931 1180 2008 quattuor
1203 1927 1309 1992 verbis

154 2032 232 2113 (res
267 2034 305 2096 in
333 2032 503 2097 Etruria
538 2032 689 2116 gestae),
729 2053 793 2097 uno
826 2039 956 2099 retento
994 2032 1202 2113 (Interea),
1237 2055 1309 2098 ora-

152 2141 274 2205 tionem
303 2141 426 2205 sarcire
455 2141 565 2204 consti
595 2148 684 2218 sunt,
719 2147 756 2204 ut
784 2142 950 2219 omittam,
984 2141 1081 2204 nimis
1111 2141 1252 2223 abrupte
1276 2148 1309 2206 et

152 2248 296 2312 breviter
329 2248 536 2331 obscureque
571 2249 794 2313 narrationem
829 2248 1030 2325 continuari,
1069 2268 1110 2310 ne
1138 2248 1309 2312 nominata

155 2355 287 2436 quidem
315 2355 452 2420 Etruria
488 2362 546 2418 aut
574 2354 611 2432 Q.
643 2355 763 2432 Fabio,
798 2356 872 2437 quis
906 2376 973 2420 non
1007 2355 1111 2432 videt,
1145 2355 1309 2419 interea
1346 2391 1351 2400 ·

154 2462 237 2526 illud
270 2484 290 2527 a
322 2463 449 2544 reliquo
490 2462 715 2527 additamento
755 2463 902 2546 separari
942 2483 1008 2526 non
1042 2463 1161 2545 posse?
1207 2463 1308 2527 Recte

154 2571 306 2634 Hertzius
345 2592 409 2634 non
450 2571 616 2653 separavit
654 2570 828 2652 omniaque
869 2570 1013 2653 quinque
1053 2569 1153 2634 verba
1185 2571 1306 2649 omisit,

153 2676 279 2742 lacunae
301 2684 381 2742 nota
404 2678 521 2760 posita.
568 2675 634 2741 Sed
656 2676 919 2757 intellegendum,
941 2699 1007 2741 non
1029 2697 1137 2760 pauca
1159 2677 1309 2761 quaedam

154 2784 254 2848 verba
289 2784 462 2849 scribendo
497 2785 616 2848 omissa
650 2804 736 2862 esse,
777 2805 887 2848 verum
926 2784 1013 2849 idem
1051 2784 1105 2848 hic
1139 2785 1307 2863 accidisse,

155 2890 244 2971 quod
277 2891 311 2954 in
344 2891 449 2955 altero
483 2891 541 2954 illo
575 2890 647 2954 loeo
681 2891 840 2956 accidisse
877 2891 1020 2969 ostendi,
1059 2899 1098 2956 ut
1129 2893 1164 2955 in
1197 2893 1308 2957 codice

153 2996 331 3079 archetypo
364 2997 480 3061 folium
512 2996 743 3074 intercideret,
783 2998 817 3060 in
857 3019 921 3078 quo
962 2999 1008 3062 ita
1042 3000 1234 3063 continuata
1268 2999 1307 3063 de

153 3101 287 3183 Papirio
312 3110 344 3166 et
365 3103 660 3167 Marcio-narratio
684 3110 765 3178 erat,
787 3110 825 3166 ut
847 3110 925 3187 apte
948 3105 981 3167 in
1005 3125 1074 3186 cap.
1099 3109 1141 3168 40
1162 3126 1307 3169 resume-

158 3215 256 3285 retur,
279 3208 397 3274 deinde
421 3209 464 3273 ad
488 3206 525 3284 Q.
549 3208 688 3272 Fabium
711 3216 744 3272 et
766 3208 932 3273 Etruriam
954 3211 1140 3275 transitum.

239 3313 316 3398 Cap.
331 3321 381 3393 41,
400 3319 418 3377 2
435 3322 468 3379 et
485 3319 518 3379 3:
539 3313 735 3380 Consules
756 3315 905 3398 partiti
924 3317 1173 3398 provincias,
1192 3317 1307 3383 Etru·

153 3422 215 3484 ria
238 3421 371 3501 Decio,
394 3420 597 3485 Samnium
618 3421 748 3486 Fabio
773 3423 915 3486 evenit.
967 3423 1004 3487 Is
1028 3423 1240 3505 proiectus
1259 3425 1307 3490 ad

153 3527 368 3592 Nuceriam
390 3528 661 3608 Alfaternam,
693 3536 776 3593 tum
805 3549 941 3612 pacem
966 3537 1167 3612 petentes,
1202 3534 1308 3614 quod

153 3634 213 3697 uti
244 3655 303 3713 ea,
339 3656 423 3699 enm
452 3636 635 3715 daretur,
671 3636 918 3716 noluissent,
953 3645 1198 3721 aspernatus
1228 3646 1305 3720 est,

153 3742 424 3824 oppugnando
464 3743 512 3807 ad
551 3743 809 3808 deditionem
851 3744 1023 3828 subegit.
1086 3747 1125 3810 ln
1163 3746 1223 3810 MP
1257 3755 1306 3813 est

152 3869 236 3911 curn
271 3845 409 3931 paceni
438 3857 516 3928 cet,
551 3857 588 3915 ut
615 3850 792 3916 videndum
820 3853 877 3930 sit,
912 3874 952 3916 ne
981 3853 1092 3918 Livius
1120 3855 1304 3936 scripserit:

150 3975 263 4031 quum
303 3978 439 4039 pacem
478 3964 667 4040 petentes
703 3994 739 4003 -
781 3966 1029 4042 aspernatus
1068 3968 1184 4040 esset,
1229 3983 1305 4027 con-

179 4185 201 4252 ι)
220 4186 261 4239 Hl
281 4187 311 4240 in
328 4187 382 4240 boc
402 4195 428 4241 et
448 4189 576 4256 proximo
595 4189 667 4241 libro
687 4188 788 4242 deficit.
