3060 5272
200 384 263 439 Lib.
282 383 384 438 XXIII.
747 368 808 428 328

202 555 385 633 duceret,
418 554 549 620 fortes
571 554 713 635 lingua
735 551 978 632 iaetabetis3
1012 552 1116 617 enim
1137 554 1268 619 minor
1288 574 1359 619 res

202 670 265 729 est
303 662 369 727 hic
408 663 596 746 experiri
630 661 752 742 (Pml
790 658 931 744 periri)
966 660 1042 724 vim
1074 661 1357 744 virtutemque

114 770 301 849 (2⁷0)volo.
337 771 576 854 Expugnate
597 769 736 835 Nolam
759 775 822 834 eet.
866 768 1007 840 Prevum
1030 789 1104 834 esse
1127 769 1230 834 enim
1252 769 1356 834 muni-

200 878 320 943 iestum
349 885 416 956 est,
450 879 503 941 cni
537 898 578 943 ne
606 898 627 942 a
655 878 787 943 comicis
822 876 955 961 quidem
992 875 1080 942 ullus
1113 876 1205 942 color
1232 878 1355 941 arcessi

200 992 326 1071 potest3
361 986 422 1052 sub
452 1007 490 1051 eo
519 985 622 1051 latere
651 1006 697 1050 en
720 983 817 1050 Valla
838 983 1012 1050 intellexit.
1070 983 1137 1066 [Sic
1159 985 1260 1050 etium
1283 984 1358 1050 oud.

199 1092 328 1176 namu]
385 1094 449 1160 Sed
472 1094 570 1158 nimis
592 1092 719 1158 infinite
742 1092 800 1157 illu
823 1091 992 1157 dicuntur:
1027 1093 1158 1158 minor
1185 1113 1250 1158 res
1279 1101 1360 1172 est,

200 1201 342 1268 debebat
376 1201 492 1266 saltem
525 1201 607 1265 diei:
648 1201 778 1286 minor
809 1200 889 1264 haec
923 1221 988 1265 res
1022 1207 1101 1280 est;
1134 1222 1194 1265 nee
1227 1199 1269 1265 ab
1303 1199 1358 1265 his

198 1317 288 1375 recte
311 1316 517 1394 separantur,
542 1329 615 1392 quae
637 1314 835 1392 sequuntur;
858 1329 898 1374 ex
922 1309 1103 1374 coniunctis
1121 1308 1208 1373 enim
1224 1307 1357 1373 demum

197 1419 306 1484 oritur
328 1426 422 1484 recta
443 1418 620 1482 sententia:
655 1418 787 1480 minor
813 1416 894 1480 haee
922 1438 990 1482 res
1019 1424 1095 1495 est,
1128 1417 1168 1480 in
1196 1433 1273 1500 qus
1295 1437 1359 1480 ex-

198 1528 326 1611 periri
358 1562 401 1571 —
434 1525 533 1591 volo.
595 1525 713 1608 Itaque
752 1523 904 1589 adhibita
936 1523 1043 1589 altere
1076 1531 1171 1608 parte
1204 1524 1355 1590 mendosi

198 1633 289 1699 illins
318 1635 433 1711 enim,
468 1633 558 1717 quod
592 1632 649 1698 alii
682 1638 741 1697 eut
773 1631 895 1697 tollunt
927 1637 987 1697 aut
1019 1634 1053 1703 in
1087 1653 1189 1697 nune
1217 1638 1358 1710 mutant,

198 1743 371 1826 primaque
399 1742 521 1807 codicis
545 1741 570 1805 P
595 1741 760 1824 scriptura
787 1740 1037 1823 (hisperiri),
1071 1739 1279 1806 efficiendum
1308 1741 1357 1804 vi·

199 1849 309 1914 detur:
344 1872 390 1916 en
426 1851 464 1914 in
498 1851 652 1915 minore
685 1870 727 1914 re
761 1849 944 1932 experiri
972 1850 1047 1913 vim
1077 1849 1356 1937 virtutemque

197 1956 297 2023 volo.
343 1957 472 2039 (XXIV,
496 1963 525 2038 8,
551 1963 604 2021 13:
628 1957 670 2021 In
692 1958 848 2021 minore
871 1964 909 2021 te
932 1958 1105 2040 experti,
1128 1957 1164 2020 T.
1188 1956 1357 2034 Otacili,

198 2086 238 2129 re
262 2065 421 2147 sumus.)

283 2171 363 2257 Cap.
387 2177 438 2253 46,
461 2179 480 2238 9
504 2196 544 2239 ex
566 2174 628 2238 hae
650 2173 800 2239 eodieum
824 2174 1002 2257 scriptura:
1026 2174 1226 2257 praesidio,
1249 2172 1354 2255 quod

197 2303 270 2366 per
302 2283 475 2348 hiberna
508 2283 555 2348 nd
589 2282 809 2366 petendum
836 2281 968 2347 locum
998 2284 1101 2348 satis
1131 2289 1258 2359 esset,
1290 2303 1356 2346 re·

196 2389 296 2455 licto
329 2412 390 2455 nee
424 2391 616 2456 tuendum
642 2397 732 2455 recte
763 2389 848 2454 effici
877 2390 1008 2456 videtur
1034 2411 1095 2456 neo
1124 2391 1356 2469 tenendum,

198 2497 254 2561 sed
279 2498 325 2561 ad
350 2497 624 2580 optinendum.

282 2603 361 2689 Cap.
390 2610 447 2686 47,
475 2611 510 2670 8;
545 2605 751 2671 adiiciunt
780 2605 940 2688 qnidam
969 2605 1140 2671 annales
1168 2642 1211 2652 -
1238 2605 1356 2687 (Clau-

195 2711 298 2794 dium)
326 2748 369 2757 —
397 2715 557 2797 patenti
591 2713 769 2779 hostium
802 2720 931 2797 portae
963 2717 1166 2779 invectum
1194 2736 1265 2797 per
1293 2714 1352 2779 al·

194 2828 320 2885 teram
349 2822 619 2885 —intactum
648 2821 838 2886 evasisse.
894 2822 998 2888 Video
1026 2824 1195 2899 adnotari,
1231 2823 1355 2905 saepins

194 2928 258 2993 dici
286 2928 423 2992 invehi
453 2932 611 3010 portam
634 2928 739 3011 (quod
767 2929 888 2994 salsum
911 2937 977 3010 est3
1007 2937 1182 3014 portum,
1211 2930 1352 2995 urbem

192 3034 389 3115 invehimur,
422 3037 457 3101 in
485 3057 557 3119 quae
584 3036 760 3118 intramus)
790 3044 849 3103 sut
876 3039 918 3103 in
941 3047 1109 3122 portam.
1165 3038 1229 3104 Sed
1253 3038 1351 3104 etin

191 3151 349 3228 portam
373 3151 407 3209 et
429 3152 556 3228 portoe
580 3144 755 3224 invehitur,
779 3146 836 3229 qui
858 3147 892 3210 in
914 3166 988 3211 eam
1010 3147 1108 3215 irruit
1130 3152 1165 3211 et
1185 3147 1353 3230 irrumpit,

191 3258 229 3316 ut
270 3260 440 3336 oppugnet
474 3254 603 3336 vimque
640 3252 743 3319 iaciat
781 3253 902 3334 (stiirzt
948 3254 1007 3319 eui
1043 3254 1103 3320 das
1136 3254 1225 3319 Ther
1263 3252 1348 3335 los);

191 3359 247 3443 qui
281 3381 340 3442 per
374 3367 504 3444 portam
537 3361 652 3426 urbem
687 3362 805 3441 intrat,
840 3369 877 3426 nt
906 3359 1062 3427 Claudius
1090 3362 1185 3442 iecit,
1218 3363 1246 3427 is
1276 3383 1352 3446 per

190 3473 348 3566 portam
370 3476 428 3533 sut
449 3476 569 3551 ports
590 3467 769 3550 invehitur3
793 3476 827 3535 et
847 3469 911 3535 hoc
934 3469 1081 3552 (porta)
1093 3470 1220 3535 Livium
1243 3473 1348 3553 scrip·

191 3575 273 3640 sisse
296 3577 423 3658 put0.¹)
1184 3580 1187 3585 ’

256 3769 353 3830 petest
377 3761 537 3816 Plautinum
561 3764 676 3817 eadem
699 3780 751 3832 pro
775 3763 890 3817 endem
913 3780 1032 3832 opera,
1059 3770 1091 3818 ut
1112 3764 1175 3819 fiet:
1203 3766 1348 3821 miseris

256 3846 358 3900 nobie
385 3851 420 3900 et
443 3845 537 3901 Noloe
565 3848 682 3902 eadem
709 3846 902 3917 ademeris]
948 3847 1025 3919 (Cap.
1043 3852 1091 3915 44,
1113 3851 1182 3904 tde
1201 3852 1348 3921 scripturn

258 3932 364 3985 codicis
388 3930 422 3984 P:
449 3938 583 3986 mutere
607 3949 679 3986 eam
701 3933 877 3988 dedituris
899 3933 1044 4001 detractu,
1071 3935 1147 4003 quod
1171 3936 1340 4005 geminando

257 4023 349 4070 ortum
368 4021 419 4084 est,
437 4033 465 4084 e,
487 4018 614 4071 nescitur
630 4018 733 4088 ipsnm,
751 4018 827 4085 qnod
845 4019 986 4073 sententis
1005 4020 1141 4089 postulat:
1155 4049 1189 4060 -
1200 4027 1344 4076 mutere.

255 4102 305 4154 An
323 4101 495 4157 dedituris
513 4107 568 4157 eet
606 4104 691 4171 1862.)

216 4184 239 4252 ¹)
258 4184 293 4239 In
316 4186 379 4242 loeo
401 4188 486 4242 ductu
509 4206 544 4242 ex
565 4189 715 4256 proverbio
739 4190 769 4244 in
791 4187 808 4260 ἕ
832 4190 948 4244 eraldo
970 4190 1070 4246 dubito
1095 4191 1130 4247 de
1154 4194 1347 4262 scripturiret

256 4273 433 4326 enarratione
450 4274 615 4339 verborum
637 4291 702 4328 nam
725 4274 803 4344 quod
825 4273 970 4330 demitte
988 4275 1193 4344 (demiseris)
1212 4278 1346 4345 audiunt,
