3060 5272
236 372 298 426 Lib.
317 370 399 426 XLV.
779 358 840 418 ⁷12

238 545 332 626 quia
363 543 450 627 ipse
474 543 582 607 seire
615 541 779 626 nequid,
811 541 874 607 hoc
896 550 962 607 est:
992 543 1090 626 quia
1117 543 1205 626 ipse
1233 542 1389 605 hiscere

236 652 407 734 nequiit.
451 650 566 734 Neque
589 651 676 716 enim
697 650 731 714 in
754 671 792 715 eo
814 650 913 715 verbo
937 650 1025 733 apud
1047 650 1182 716 Latinos
1206 650 1386 734 quidquam

238 766 289 825 est
310 759 414 825 iocosi
437 765 496 823 aut
517 759 613 824 nimis
635 757 767 837 humile,
790 758 848 824 sed
870 780 1006 842 prorsus
1029 758 1206 842 respondet
1229 759 1273 838 ei,
1296 757 1386 841 quod

237 868 432 933 Germanice
455 867 561 932 dicas:
594 866 667 931 weil
700 887 737 931 er
762 866 838 931 kein
860 867 956 932 Wort
983 866 1282 949 hervornubringen
1316 854 1388 930 ver'·

238 975 368 1041 mochte
408 975 479 1056 (cfr.
508 973 564 1055 lX,
592 980 621 1052 4,
645 980 674 1055 t,
695 973 856 1053 XXXIX,
881 978 929 1053 12,
953 979 981 1055 5,
1003 974 1099 1055 XLV,
1129 979 1179 1054 26,
1205 974 1249 1056 7).
1296 973 1389 1039 Idem

238 1084 372 1149 verbum
406 1104 426 1147 a
458 1082 594 1148 librario
635 1082 863 1148 oblitteratum
902 1082 1083 1148 videbimus
1122 1082 1217 1163 XLV,
1252 1087 1301 1162 37,
1337 1087 1387 1148 13.

238 1191 408 1258 Postremo
431 1190 447 1273 ἕ
473 1194 522 1270 13,
545 1191 601 1256 ubi
617 1190 788 1256 scribitur:
813 1192 1047 1256 Thraces-
1068 1191 1208 1257 'domos
1232 1191 1389 1275 dilapsi

239 1307 278 1366 et
301 1299 388 1366 alioe
410 1296 608 1364 militaris
631 1300 792 1381 generis
814 1299 952 1377 turba,
975 1321 1071 1364 usum
1089 1299 1245 1381 loquendi
1263 1306 1296 1364 et
1317 1320 1388 1365 rem

239 1407 318 1490 (una
352 1408 438 1473 enim
471 1413 543 1474 erat
576 1406 713 1472 confusa
740 1406 847 1485 turba,
870 1407 1011 1490 dispersi
1038 1409 1203 1473 exercitus
1226 1407 1389 1490 reliquiae)

238 1516 407 1600 postulare
436 1522 531 1599 puto,
565 1520 604 1579 ut
625 1514 802 1580 scribatur:
837 1523 875 1580 et
897 1516 979 1580 alia
1001 1517 1200 1581 militaris
1228 1517 1390 1599 generis

239 1623 370 1689 turba.
404 1623 453 1687 Ex
475 1622 596 1689 turba
618 1620 836 1688 Cretenses
855 1630 964 1689 ortum
982 1625 1099 1708 opinor
1122 1624 1261 1689 turbae.
1295 1623 1386 1688 Alibi

241 1732 399 1797 turbam
421 1731 602 1797 navalem
623 1731 846 1796 militarem
868 1731 979 1797 Livius
1003 1733 1128 1815 dicit.¹)

583 2106 590 2115 .
688 2025 780 2107 niu.
813 1973 938 2109 nnc.

326 2175 404 2260 Cap.
431 2181 457 2255 1,
482 2179 516 2240 6:
539 2174 588 2239 Et
610 2175 735 2240 aliter
757 2176 898 2241 editur
922 2177 1121 2242 circensis
1148 2177 1281 2242 turbae
1310 2198 1391 2242 non

241 2286 370 2350 minus
399 2283 544 2349 similis
575 2284 659 2348 veri
681 2284 841 2349 laetitia.
887 2285 960 2350 Non
984 2292 1073 2349 recte
1097 2286 1309 2369 coniungitur
1332 2284 1390 2349 ad·

242 2392 388 2458 verbium
412 2399 445 2457 et
472 2392 684 2456 adiectirum:
709 2391 896 2456 aliter-
917 2413 995 2457 uon
1023 2395 1152 2457 minus
1180 2395 1263 2458 veri
1286 2395 1391 2458 simi·

215 2502 307 2585 ,lis,
330 2501 469 2566 alterum
502 2500 542 2565 de
564 2500 761 2589 narrationis
783 2499 890 2565 forma
913 2500 1051 2578 dictum,
1080 2501 1222 2566 alterum
1253 2501 1293 2566 de
1315 2503 1391 2586 ipsa

239 2632 284 2689 re,
308 2630 408 2693 quum
431 2608 545 2673 eodem
569 2615 746 2692 utrumque
769 2615 894 2690 spectet
924 2608 986 2691 (Et
1014 2610 1139 2673 aliter
1162 2631 1236 2674 nec
1258 2611 1393 2675 minus

239 2717 324 2782 veri
343 2715 560 2797 similiter).
579 2715 628 2780 Ne
646 2714 765 2780 edere
785 2715 917 2798 quidem
930 2717 1123 2801 simpliciter
1141 2738 1199 2802 pro
1218 2723 1391 2783 narrare

154 2825 226 2895 (⁶⁰²)
244 2825 324 2910 poni
341 2823 439 2904 solet3
464 2821 552 2888 aliud
569 2829 620 2888 est
636 2824 723 2887 enim
743 2845 947 2889 numerum
965 2845 1168 2904 casurum,
1186 2827 1246 2890 rei
1270 2832 1393 2907 gestae

241 2933 422 3000 ordinem
440 2931 559 2997 edere
575 2930 760 3013 (augebeu).
788 2932 825 2996 ln
838 2933 952 2999 codice
965 2941 1029 2999 est:
1044 2941 1082 2999 et
1098 2934 1225 2999 aliter
1242 2934 1389 2999 editus.

242 3041 455 3108 Scribendum
476 3040 621 3105 videtur:
644 3039 692 3104 Et
715 3041 797 3105 alia
825 3042 1017 3107 traditur.
1059 3042 1107 3106 Ex
1135 3042 1260 3106 aliatr
1282 3049 1390 3106 crtum

241 3149 373 3216 aliter.
397 3148 731 3232 (AnteKreyssigium
744 3150 965 3216 scribebatur:
983 3150 1031 3215 Et
1048 3150 1173 3215 aliter
1190 3150 1389 3216 traditur.

241 3259 396 3326 Senserat
426 3259 584 3342 Grynaeus
616 3256 825 3322 insolentiam
859 3260 891 3321 in
925 3258 1043 3323 edendi
1077 3258 1200 3340 verbol)
1253 3257 1390 3341 [Vahle-

240 3369 331 3434 nius:
356 3371 394 3432 et
415 3366 557 3431 altera.
591 3364 715 3430 Vereor
736 3365 893 3445 nonnihil,
915 3388 956 3430 ne
979 3368 1086 3432 minus
1108 3375 1198 3432 recte
1222 3374 1262 3432 et
1284 3367 1394 3431 altor

240 3481 384 3561 ponatur
407 3473 448 3538 de
470 3494 505 3538 re
528 3474 671 3552 diversa,
694 3494 767 3555 quae
789 3475 891 3557 priori
918 3495 984 3539 nou
1007 3475 1204 3557 adiungatur
1237 3481 1296 3539 aut
1319 3495 1392 3540 sue·

242 3584 347 3663 cedat,
370 3582 426 3648 sed
449 3602 520 3647 eam
543 3579 719 3663 excludat]

328 3690 406 3776 Cap.
429 3694 459 3769 2,
483 3693 517 3753 3:
540 3688 683 3772 Legati
707 3689 742 3769 (a
765 3690 800 3755 L.
823 3690 955 3756 AEmilio
979 3692 1114 3757 consule
1136 3691 1282 3757 victoriae
1310 3711 1393 3754 nun·

242 3801 280 3866 tii
299 3801 405 3880 missi)
426 3833 470 3845 -
491 3799 532 3862 iu
553 3797 681 3863 lorum
703 3797 753 3862 ad
770 3798 952 3864 tribunal
976 3807 1257 3884 perrexerunt.
1291 3798 1394 3862 Plura

243 3915 337 3974 erant
359 3909 392 3973 in
414 3905 486 3974 foro
509 3905 697 3972 tribunalia.
743 3904 868 3971 Codex:
903 3909 941 3971 in
970 3906 1100 3972 lorum
1121 3915 1163 3972 at
1184 3907 1278 3972 urbi
1301 3928 1391 3989 per·

243 4023 449 4081 rexerunt.
495 4015 560 4079 Aut
589 4014 638 4079 ad
660 4023 873 4097 praetorem
900 4015 1098 4081 urbanum
1132 4016 1192 4096 (ad
1218 4037 1270 4097 pr.
1293 4014 1390 4095 urb.)

271 4237 293 4303 ¹)
310 4236 353 4291 De
372 4255 395 4292 s.
414 4238 457 4304 46,
477 4237 493 4288 5
511 4236 619 4290 dictum
638 4236 734 4289 ested
753 4252 775 4290 c.
794 4238 819 4304 6,
838 4239 862 4290 2.
