3060 5272
90 438 95 447 f
217 349 282 406 niu.
298 349 345 406 ιν.
408 422 413 434 ¹
700 351 701 354 Ν
766 337 828 400 1os

219 522 350 605 fugerit.
407 518 461 587 Sic
489 521 574 586 enim
601 520 672 586 haeo
700 519 869 601 dicuntur,
903 521 999 607 quasi
1027 522 1180 589 consules
1204 527 1376 589 senatores

221 629 438 695 cohortentur
470 629 514 695 ad
546 629 755 694 maiestatem
789 635 924 696 senatus
957 630 1143 714 augendam
1176 635 1209 696 et
1237 629 1377 715 amplifi·

221 737 369 803 eandam.
422 735 487 803 Sed
515 756 556 802 ea
578 735 765 803 cohortatio
788 737 931 822 primum
954 757 994 803 ex
1015 739 1176 805 memoria
1195 738 1376 804 imminutae

222 847 343 912 sensim
369 844 433 910 hac
460 845 534 928 ipsa
561 850 659 910 oetate
688 844 905 925 seditionibus
934 852 1072 912 senatus
1094 845 1306 913 auctoritatis
1329 844 1377 927 (id

221 954 308 1019 enim
342 952 493 1019 eonsules
528 951 763 1037 querebantur)
798 952 875 1018 duci
902 973 969 1018 non
996 959 1145 1037 poterat;
1179 953 1377 1038 omninoque

220 1068 331 1147 potest
352 1060 471 1145 aliquis
492 1060 657 1126 reminisci
678 1059 794 1140 iuberi,
817 1081 917 1145 quam
938 1061 1145 1127 maiestatem
1167 1063 1335 1146 acceperit
1357 1083 1378 1126 a

221 1169 387 1255 patribus,
421 1175 458 1234 ut
492 1188 565 1233 eam
598 1173 734 1252 angeat3
774 1167 890 1234 addito
924 1175 1035 1234 autem
1068 1169 1152 1236 hoe
1181 1176 1223 1236 et
1260 1190 1377 1253 quam

220 1278 367 1345 liberis
401 1276 634 1341 traditurus
667 1276 726 1341 sit
761 1274 808 1357 (in
842 1297 907 1361 quo
942 1283 976 1342 et
1010 1284 1110 1343 aucta
1142 1284 1177 1343 et
1203 1277 1377 1344 imminuta
1503 1262 1507 1268 ⁵

221 1386 369 1468 intellegi
406 1383 548 1469 potest),
586 1385 697 1468 inepte
737 1383 929 1469 adiungitur
969 1383 1050 1451 illud
1089 1386 1131 1452 de
1169 1384 1375 1469 gloriatione.

221 1494 347 1559 Deinde
382 1513 422 1558 ea
457 1492 641 1557 cohortatio
677 1491 721 1556 ad
753 1490 802 1570 id,
836 1491 876 1556 de
904 1513 970 1577 quo
1000 1494 1124 1578 agitur,
1158 1493 1249 1560 nullo
1276 1493 1376 1560 modo

222 1603 376 1686 pertinet.
440 1598 552 1676 Qualis
586 1606 638 1664 est
671 1599 759 1664 enim
791 1599 861 1664 haec
895 1601 1134 1666 sententiarum
1167 1601 1377 1686 progressio?

224 1710 355 1789 „Romae
389 1728 517 1792 semper
549 1708 726 1772 maximum
760 1706 959 1772 seditionum
991 1709 1161 1793 praemium
1188 1708 1259 1775 fuit.
1313 1709 1377 1774 Re·

222 1816 448 1894 miniscimini,
482 1835 581 1897 quam
608 1816 817 1881 maiestatem
845 1817 1057 1900 acceperitis,
1090 1825 1129 1883 ut
1151 1837 1224 1882 eam
1245 1823 1378 1883 auctam

222 1924 360 2010 gloriari
382 1923 527 2008 possitis.
561 1923 653 1988 Finis
676 1941 765 2004 erga
787 1944 852 1989 non
874 1923 913 1989 lit
930 1921 1187 2007 (seditionum).“
1221 1925 1378 2010 Apparet,

223 2031 376 2100 consules
416 2032 603 2115 comparari
641 2030 769 2111 iubere,
809 2030 889 2114 quid
928 2030 991 2097 hac
1030 2038 1129 2099 aetate
1167 2034 1202 2098 in
1241 2039 1377 2101 senatus

222 2141 395 2206 maiestate
423 2138 547 2203 factum
569 2139 628 2219 sit,
657 2139 737 2223 quid
761 2145 876 2205 contra
896 2139 931 2202 in
953 2137 1060 2224 plebis
1084 2139 1220 2224 opibus,
1247 2141 1378 2207 atinde

222 2248 314 2315 illam
343 2246 383 2312 de
412 2247 613 2312 seditionum
635 2248 777 2330 praemiis
800 2246 933 2332 (quibus
954 2246 1049 2331 plebs
1071 2247 1223 2330 creverit)
1246 2256 1378 2315 senten·

153 2373 206 2442 (89)
223 2358 305 2423 tiam
333 2353 536 2421 confirmare.
591 2354 708 2437 Itaque
736 2355 783 2420 sic
811 2355 945 2439 scripsit
965 2353 1094 2420 Livius:
1128 2349 1378 2422 Re'minisce·

219 2470 367 2529 rentur
401 2461 455 2541 (ex
484 2462 591 2527 altera
618 2461 743 2546 parte),
777 2483 892 2545 quam
920 2462 1180 2529 maiestatem
1208 2469 1378 2529 senatus

220 2571 304 2656 ipsi
327 2591 347 2634 a
369 2569 559 2653 patribus
582 2571 847 2654 accepissent,
871 2591 987 2655 qnam
1008 2570 1157 2637 liberis
1180 2571 1379 2637 tradituri

222 2682 374 2757 essent3
409 2676 462 2757 (ex
496 2677 603 2742 altera
636 2677 745 2761 parte)
780 2677 1114 2761 quemadmodum
1148 2678 1266 2764 plebs
1299 2679 1379 2761 glo-

220 2786 324 2851 riari
369 2790 511 2869 posset
555 2786 784 2851 auctiorem
830 2785 1151 2871 amplioremque
1196 2805 1234 2850 se
1274 2807 1375 2853 esse.

220 2893 358 2958 Finem
392 2912 487 2975 ergo
522 2913 602 2958 non
636 2891 742 2958 lieri.
799 2893 869 2958 Neo
901 2913 976 2958 mea
1002 2892 1073 2958 haeo
1103 2901 1155 2960 est
1183 2895 1378 2974 emendatio,

222 3001 282 3068 sed
309 3000 352 3065 ab
382 3000 455 3064 aliis
478 3000 544 3064 iam
567 3004 712 3078 tentata,
745 3001 801 3082 qui
835 3006 869 3065 et
901 3002 936 3066 in
969 3001 1083 3068 codice
1115 3024 1181 3069 uno
1215 3009 1248 3068 et
1274 3002 1378 3068 altero

221 3109 386 3175 deteriore
420 3129 460 3172 se
495 3105 575 3186 (alio
607 3105 695 3188 loeo)
730 3107 930 3174 addiderunt
963 3116 997 3175 et
1025 3132 1086 3194 pro
1113 3117 1157 3175 ut
1185 3109 1289 3194 (quod
1318 3131 1378 3194 ego

220 3216 342 3296 delevi,
376 3223 491 3281 natum
526 3236 565 3278 ex
599 3214 730 3280 duabus
763 3218 918 3282 extremis
950 3216 1073 3283 litteris
1105 3217 1198 3283 verbi
1225 3216 1377 3299 essent)

221 3330 260 3390 et
292 3325 512 3409 scripserunt,
553 3322 641 3406 quod
682 3323 781 3389 etiam
815 3325 896 3390 Tan.
930 3325 1037 3409 Faber
1076 3326 1176 3391 ahcui
1214 3326 1248 3390 in
1288 3346 1378 3392 men·

220 3439 288 3497 tem
321 3433 446 3497 venisse
480 3436 606 3496 narrat.
664 3429 726 3511 (De
759 3440 803 3498 ut
836 3453 875 3498 ex
908 3439 954 3497 nt
987 3431 1187 3517 praecedenti
1216 3439 1289 3499 orto
1318 3432 1376 3498 of.

219 3539 307 3620 VIII,
332 3543 383 3619 28,
407 3537 451 3620 3.)

307 3645 464 3730 Sequitur
491 3647 525 3710 iu
549 3646 664 3711 eodem
687 3648 796 3732 capite
819 3644 850 3729 (ἓ
875 3645 928 3729 13)
952 3646 1130 3730 eademque
1154 3645 1304 3711 oratione
1326 3645 1379 3710 hio

219 3754 327 3821 locus:
363 3752 466 3832 Quid
501 3775 584 3819 eam
617 3775 751 3820 vocem
785 3754 1010 3820 animorum
1042 3775 1121 3820 non
1153 3752 1269 3838 plebi
1301 3753 1378 3819 Ro·

220 3883 356 3943 mauae,
390 3861 460 3927 sed
488 3861 654 3928 Volscis
688 3868 728 3927 et
754 3861 892 3946 AEquis
925 3867 965 3927 et
992 3860 1237 3927 Veientibus
1270 3861 1378 3926 alla·

220 3970 371 4035 turam?
394 3968 533 4034 Nonne
552 3966 746 4034 Canuleio
770 3968 872 4035 duce
895 3989 936 4035 se
959 3966 1379 4054 speraturosGapito·

220 4075 319 4143 lium
346 4083 472 4160 atque
501 4098 634 4142 arcem
657 4077 853 4143 scandere
874 4098 1011 4161 posse,
1041 4078 1074 4143 si
1097 4077 1287 4163 patribus
1310 4077 1378 4142 tri·

220 4183 318 4250 huni
342 4206 427 4250 cum
449 4183 538 4250 iure
562 4205 606 4250 ao
627 4185 845 4251 maiestate
868 4185 1059 4270 adempta
1080 4186 1235 4253 animos
1255 4186 1379 4251 etiam
