3060 5272
218 339 281 396 Lib.
300 339 399 394 XXIV.
769 326 830 386 336

305 510 384 597 Cap.
410 518 439 590 8,
472 518 509 576 lb
544 510 592 592 (in
617 512 766 576 oratione
790 510 828 588 Q.
852 510 948 575 Fabii
970 518 1086 576 contra
1108 512 1144 577 Τ.
1168 512 1376 594 0tacilium):

219 619 288 686 Sin
306 627 438 686 autem
456 628 495 686 te
519 620 694 686 classem
718 619 930 685 obtinente
955 620 1077 684 etiam
1095 620 1205 685 velut
1223 629 1379 703 pacato

219 731 317 793 mari
341 731 489 811 quasvis
512 727 735 794 Hannibali
758 733 850 793 tuta
873 733 996 811 atque
1013 728 1175 810 integra
1193 729 1241 794 ab
1260 729 1374 795 domo

216 845 415 902 venerunt
438 845 499 902 cet.
552 836 667 918 Neque
695 837 819 901 etiam
848 842 962 919 aptum
990 837 1161 901 sententiae
1189 845 1241 902 est
1268 859 1375 922 neque

216 945 368 1028 quaeris
392 944 506 1026 (Drak.
530 944 738 1027 quaelibet)
766 943 845 1008 ferri
875 951 1000 1027 potest,
1028 944 1184 1025 quoniam
1211 943 1275 1010 hoc
1297 966 1378 1029 pro·

217 1074 335 1118 nomen
368 1076 434 1120 non
466 1054 589 1119 dicitur
622 1055 668 1118 sio
700 1053 822 1136 plurali
855 1073 991 1118 numero
1018 1073 1079 1135 pro
1107 1052 1312 1118 substantivo
1340 1061 1375 1118 et

217 1161 490 1243 significationem
530 1163 631 1227 habet
670 1163 774 1227 omnis
808 1161 936 1244 generis
974 1162 1044 1225 sine
1078 1160 1200 1225 dilectu
1234 1161 1277 1226 ab
1309 1160 1373 1227 hoc

143 1340 146 1345 ,
216 1269 288 1335 loco
328 1271 479 1335 alienam.
541 1270 578 1335 ln
625 1270 793 1334 codicibus
834 1269 873 1350 (P
895 1270 929 1334 M
953 1267 1063 1349 (lant,
1105 1268 1194 1350 aliis)
1233 1291 1293 1353 pro
1332 1291 1371 1335 eo

216 1378 373 1443 scribitur
400 1380 505 1462 quib.
530 1378 582 1461 (P)
612 1386 671 1444 aut
699 1378 857 1463 quibus.
908 1377 1074 1462 Scriptum
1101 1375 1204 1443 fuisse
1225 1377 1370 1443 ridetur:

214 1520 258 1532 —
296 1486 514 1552 obtinente
559 1488 684 1550 οιιιΙι
729 1487 840 1552 velut
886 1495 1032 1571 pacato
1071 1486 1174 1552 mari
1211 1485 1372 1550 naribus

215 1594 436 1661 Hannibali
466 1604 526 1661 cet.
579 1594 722 1660 Omnia
748 1597 869 1660 mutari
899 1597 1009 1678 potuit
1038 1595 1081 1661 ob
1105 1603 1284 1660 extremam
1306 1593 1371 1679 syl·

215 1703 324 1769 labam
347 1706 436 1770 vocis
459 1703 685 1787 praecedentis.
730 1703 853 1785 (1876.)
898 1701 980 1786 §10
1003 1709 1187 1786 exspectes:
1222 1709 1369 1769 utnon

215 1819 277 1874 aut
300 1812 415 1877 deum
438 1820 508 1877 aut
530 1813 631 1878 belli
656 1812 889 1878 deseramus
913 1832 1086 1877 causam.
1132 1811 1256 1892 (1862.)

301 1919 379 2004 Cap.
410 1927 442 1999 9,
479 1925 517 1984 10
551 1920 608 2001 (de
635 1920 671 1996 Q.
702 1920 805 1985 Fabio
840 1920 974 1986 consule
1001 1921 1042 1985 iis
1077 1920 1217 1986 comitiis
1248 1927 1369 1997 creato,

214 2049 288 2110 quae
310 2030 381 2112 ipse
405 2029 516 2094 consul
540 2029 714 2110 habebat):
749 2028 920 2112 Tempus
944 2029 1245 2095 acnecessitas
1267 2028 1369 2095 belli

213 2156 258 2200 ac
282 2136 503 2202 discrimen
528 2159 682 2203 summae
705 2159 837 2203 rerum
860 2138 1086 2216 faciebant,
1114 2159 1162 2202 ne
1185 2138 1276 2220 quis
1299 2149 1369 2203 aut

212 2245 251 2307 in
291 2246 514 2329 exemplum
555 2249 792 2331 exquireret
831 2255 901 2312 aut
940 2253 1174 2329 suspectum
1209 2245 1367 2329 cupidi·

212 2354 314 2420 tatis
338 2355 499 2437 imperii
524 2353 927 2420 consulem'haheret.
964 2353 1058 2431 Quod
1081 2360 1228 2419 meante
1247 2353 1368 2419 multos

212 2482 316 2525 annos
346 2463 497 2543 offendit,
531 2465 569 2527 in
606 2462 830 2546 exemplum
868 2463 1102 2547 exquirere,
1135 2463 1170 2526 in
1200 2484 1238 2528 eo
1268 2463 1368 2528 etiam

212 2569 497 2637 Weissenbornius
520 2572 630 2651 haesit3
659 2572 717 2636 sed
746 2572 835 2655 quod
863 2574 1004 2637 fortasse
1033 2572 1268 2655 inquireret
1290 2570 1366 2635 sub·

211 2679 416 2744 stituendum
444 2687 541 2763 putat
568 2688 602 2745 et
630 2681 814 2764 exemplum
843 2687 914 2744 tum
943 2682 978 2744 in
1007 2688 1178 2763 posterum
1199 2678 1367 2762 proditum

211 2786 382 2871 intellegit,
405 2809 510 2871 neque
534 2789 759 2873 exemplum
781 2788 868 2853 nude
892 2790 1038 2871 positum
1060 2789 1108 2852 sic
1125 2788 1230 2872 accipi
1248 2794 1367 2871 potest,

123 2915 198 2983 (ato)
218 2917 323 2978 neque
352 2898 562 2979 inquirere
591 2899 630 2963 in
654 2898 876 2980 exemplum
901 2904 952 2961 est
975 2917 1132 2980 quaerere,
1155 2917 1256 2980 quam
1278 2897 1365 2961 bono

214 3003 338 3069 malove
377 3007 526 3089 exemplo
561 3007 640 3090 quid
674 3006 741 3071 fiat.
805 3006 1038 3072 Scribendum:
1079 3027 1125 3070 ne
1165 3005 1257 3086 quis
1296 3011 1366 3070 aut

213 3113 437 3197 exemplum
467 3116 706 3196 exquireret
734 3123 803 3180 aut
832 3121 894 3180 cet.
950 3113 1054 3178 Nemo
1083 3112 1267 3197 exemplum
1296 3113 1366 3177 eius

211 3222 259 3286 rei
282 3230 358 3287 ante
382 3222 479 3287 factae
502 3224 697 3307 exquirebat
720 3225 780 3305 (ut,
812 3224 839 3287 si
863 3244 928 3288 non
950 3223 1159 3305 repperisset,
1183 3243 1252 3286 rem
1274 3220 1366 3286 nullo

211 3331 360 3414 exemplo
383 3330 505 3397 factam
528 3332 783 3415 quereretur).¹)

278 3602 404 3672 Utroque
429 3605 494 3659 loco
519 3606 656 3674 praeoedit
681 3621 712 3657 ιιι.
756 3605 789 3658 Ιιι
811 3604 932 3659 Vindob.
957 3608 1051 3657 tamen
1075 3601 1168 3671 XLII,
1196 3606 1242 3669 51,
1269 3606 1285 3659 3
1309 3620 1367 3658 non

277 3691 455 3758 praecedente
479 3705 501 3741 ιιι
526 3692 669 3745 scribitur:
699 3696 854 3744 armatos
883 3690 917 3743 in
946 3705 1063 3757 campo
1093 3688 1229 3743 struxit
1274 3688 1367 3744 Resti-

277 3774 416 3829 tuondum
433 3776 614 3844 instructi,
638 3777 813 3831 instruxit.
855 3775 938 3829 Acies
964 3775 1056 3843 aliquo
1075 3773 1160 3828 modo
1180 3778 1289 3841 strui,
1312 3774 1369 3829 hoc

280 3867 332 3916 est.
355 3860 481 3914 ordinari
500 3869 530 3915 et
547 3864 681 3932 componi
699 3861 755 3917 dici
773 3866 869 3931 potest
888 3859 973 3928 (VIII,
995 3863 1020 3926 8,
1043 3862 1068 3922 3,
1092 3858 1143 3925 IX,
1166 3861 1208 3926 31,
1230 3862 1255 3926 9,
1278 3858 1369 3924 XLII,

276 3948 302 4008 7,
320 3950 355 4012 4),
373 3946 479 4001 milites
498 3954 609 4002 tantum
628 3949 767 4003 instrui.

237 4029 262 4097 ¹)
282 4030 412 4085 Proxima
439 4035 619 4104 paragrapho
644 4035 700 4103 (ll)
722 4043 866 4104 receptum
894 4051 983 4104 nuper
1009 4041 1053 4091 sst
1074 4037 1205 4094 codicum
1228 4036 1372 4100 mendum,

280 4117 354 4184 quod
384 4136 481 4174 omnes
512 4119 548 4173 ad
570 4128 699 4175 nostram
729 4125 843 4175 aetatem
868 4128 944 4176 recte
966 4129 1143 4191 spreverant:
1171 4139 1276 4196 sequ-e
1302 4127 1371 4175 tum

275 4200 364 4256 haud
387 4203 489 4258 dubie
514 4222 603 4271 esse;
630 4207 729 4262 abesse
755 4223 930 4276 pronomen,
957 4208 986 4262 in
1009 4226 1066 4278 quo
1090 4211 1151 4279 ipsa
1168 4207 1289 4262 vertitur
1307 4223 1372 4265 sen.
