3060 5272
228 363 290 418 Lib.
309 362 384 418 VIII.
776 351 837 412 186

228 536 324 600 valde
352 535 515 618 suspicor,
550 533 677 598 Livium
705 535 890 617 scripsisse:
931 533 1078 617 quibus
1111 534 1221 597 nul
1248 527 1385 599 adver·

229 665 295 709 sus
328 644 548 708 Romanum
587 641 737 706 bellum
770 641 945 706 fuerant.
1006 641 1117 707 Etiam
1150 645 1184 708 in
1217 642 1385 709 Vindobo-

228 753 322 817 nensi
351 751 434 816 Livii
469 751 581 815 codice
617 749 792 834 aliquoties
820 771 880 834 pro
909 750 1057 834 longiore
1085 750 1189 816 futuri
1217 753 1386 837 participii

227 858 334 924 forma
367 859 549 924 breviorem
582 858 721 942 perfecti
756 857 973 923 substitutam
1000 879 1086 938 esse,
1121 860 1385 926 commemorabo

230 968 273 1032 ad
295 965 395 1046 XLII,
419 971 470 1046 25,
495 967 560 1047 4¹)

315 1072 393 1158 (lap.
418 1082 453 1153 4,
487 1079 504 1137 3
535 1073 583 1156 (in
611 1077 759 1140 oratione
783 1076 881 1138 Annii
904 1074 1009 1140 Setini
1037 1075 1188 1158 pretoria
1211 1074 1300 1158 apud
1321 1075 1385 1139 La-

141 1181 349 1264 (1oeltinoslz
398 1182 465 1247 Sin
511 1190 645 1247 autem
686 1184 848 1247 tandem
885 1182 1097 1247 libertatis
1137 1181 1386 1247 desiderium

229 1293 434 1357 remordet
462 1291 632 1370 animos,
662 1292 695 1354 si
717 1290 864 1355 foedus
888 1297 962 1369 est,
991 1291 1025 1355 si
1047 1291 1227 1355 societas
1250 1312 1385 1376 aequa·

229 1400 289 1464 tio
324 1399 427 1463 iuris
461 1404 538 1476 est,
578 1399 611 1462 si
651 1399 980 1480 consanguineos
1013 1419 1084 1463 nos
1117 1399 1385 1464 Romanorum

229 1528 330 1587 esse,
364 1506 469 1591 quod
504 1506 597 1570 olim
631 1506 825 1588 pudebat,
859 1527 962 1570 nunc
998 1507 1173 1588 gloriari
1200 1506 1317 1586 licet,
1352 1508 1386 1572 si

229 1615 400 1680 socialis
429 1613 514 1677 illis
539 1615 747 1678 exercitus
770 1614 801 1677 is
825 1620 904 1693 est,
934 1635 1009 1697 quo
1033 1614 1228 1679 adiuncto
1253 1614 1384 1699 dupli·

230 1730 321 1787 cent
353 1723 460 1786 vires
495 1742 603 1801 suas,
638 1742 750 1804 quem
784 1742 1000 1786 secernere
1036 1722 1083 1786 ab
1117 1743 1159 1786 se
1193 1721 1385 1788 consules

229 1829 352 1896 bellis
379 1830 565 1913 propriis
594 1822 793 1911 ponendis
824 1829 1112 1913 sumendisque
1136 1829 1286 1908 nolint,
1315 1849 1386 1894 cur

228 1960 305 2002 non
339 1939 471 2002 omnia
499 1937 735 2020 aequantur?
776 1957 845 2001 cur
884 1958 960 2002 non
1001 1937 1107 2001 alter
1146 1936 1193 2001 ab
1226 1935 1385 2002 Latinis

230 2045 373 2110 consul
397 2046 535 2124 datur3
564 2045 631 2108 ubi
654 2065 747 2127 pars
770 2045 932 2123 virium,
961 2044 1019 2108 ibi
1042 2052 1082 2109 et
1103 2045 1266 2127 imperii
1288 2065 1384 2128 pars

229 2154 309 2218 est?
343 2153 415 2219 Duo
445 2155 478 2217 in
509 2153 559 2217 his
587 2152 706 2217 menda
734 2158 819 2216 sunt.
876 2152 970 2217 Prius
993 2152 1104 2232 arguit
1126 2153 1193 2216 iam
1216 2151 1385 2217 dissensus

227 2262 536 2344 interpretantium,
565 2282 641 2324 nam
664 2260 721 2324 alii
743 2262 800 2339 sic,
824 2267 862 2324 ut
884 2282 943 2343 ego
969 2260 1137 2342 descripsi,
1160 2259 1261 2323 verba
1282 2261 1384 2325 inter·

227 2375 392 2453 pungunt:
417 2371 450 2433 si
473 2370 650 2434 societas
674 2369 846 2451 aquatio
869 2368 972 2432 iuris
995 2374 1066 2446 est,
1088 2365 1260 2432 manifesto
1278 2375 1385 2448 recte3

229 2498 307 2541 nam
333 2478 368 2541 id
397 2479 501 2561 ipsum
531 2478 584 2558 agi
607 2477 731 2540 Annius
762 2475 857 2555 dicit,
891 2475 1007 2541 foedus
1039 2483 1073 2540 et
1096 2476 1253 2556 societas,
1287 2497 1388 2559 quam

229 2604 303 2648 cum
325 2585 480 2649 Romanis
505 2584 615 2649 Latini
637 2585 791 2663 habeant,
814 2585 899 2648 sitne
921 2605 1047 2667 reapse,
1069 2583 1158 2666 quod
1179 2584 1207 2648 is
1230 2583 1387 2666 postulat,

227 2693 309 2755 iuris
340 2693 499 2776 aequatio,
531 2700 567 2757 ut
589 2692 700 2757 Latini
722 2692 927 2774 Romanique
951 2712 1043 2774 aequo
1066 2692 1137 2755 iure
1160 2692 1235 2755 sint.
1285 2691 1387 2776 Atqui

227 2807 298 2863 tum
328 2821 461 2882 prorsus
492 2820 590 2881 prave
619 2798 764 2863 foedus
788 2806 821 2863 et
844 2799 1023 2863 societas
1046 2797 1247 2863 divelluntur
1269 2805 1304 2864 et
1326 2821 1386 2883 per

227 2927 262 2971 se
285 2907 349 2970 hoc
372 2908 518 2989 ponitur:
553 2909 585 2971 si
613 2907 755 2972 foedus
780 2914 858 2984 est,
893 2908 987 2989 quasi
1010 2907 1073 2971 hoc
1096 2907 1136 2970 de
1158 2905 1292 2971 foedere
1316 2927 1384 2971 om·

230 3015 307 3078 nino
331 3014 466 3079 dubium
489 3016 545 3093 sit,
575 3022 692 3079 contra
714 3017 884 3080 societatis
907 3020 1037 3079 tantum
1060 3015 1107 3078 vis
1131 3021 1165 3078 et
1186 3013 1383 3096 significatio

227 3129 402 3205 quaeratur.
447 3123 512 3185 Alii
535 3130 645 3186 autem
669 3125 716 3186 sie
739 3124 990 3206 interpungunt:
1026 3123 1060 3186 si
1082 3120 1228 3187 foedus
1251 3130 1322 3203 est,
1352 3123 1385 3188 si

226 3230 423 3308 societas,
452 3230 628 3312 aequatio
652 3231 753 3294 iuris
776 3237 853 3310 est;
888 3231 921 3294 in
945 3251 1009 3313 quo
1033 3231 1173 3313 primum
1195 3232 1381 3295 necessario

255 3500 277 3566 ¹)
296 3497 312 3568 ξ
334 3503 365 3553 10
388 3517 456 3554 vera
480 3505 523 3553 est
540 3500 660 3568 Dukcri,
684 3500 840 3555 cautissimi
864 3501 1000 3567 hominis,
1025 3502 1190 3556 coniectura
1207 3502 1383 3570 reponentis:

295 3585 443 3638 utsatis
476 3584 652 3639 ducerent
684 3585 836 3639 Romani
868 3587 1063 3641 victoriam
1095 3585 1322 3641 Samnitibus
1349 3614 1384 3625 -

282 3670 478 3738 ‚eripuisse
496 3687 547 3738 pro
566 3687 608 3737 eo,
632 3670 708 3738 quod
726 3671 756 3725 in
774 3671 919 3726 codicibus
939 3677 994 3726 est:
1013 3699 1047 3710 —
1064 3673 1265 3739 victoriam,
1285 3688 1385 3741 qnam

295 3753 522 3809 Samnitibus
546 3783 580 3794 —
605 3757 845 3825 eripuissent;
870 3775 936 3810 nam
958 3773 1049 3825 neque
1075 3757 1168 3811 satis
1193 3757 1282 3812 duco
1307 3757 1383 3811 vic·

294 3841 425 3893 teriam
449 3839 583 3893 Latinum
613 3846 657 3894 est
687 3859 778 3910 neque
802 3842 887 3894 ullam
911 3841 1059 3895 victoriam
1077 3841 1199 3896 Romani
1222 3842 1278 3911 ipsi
1301 3842 1385 3896 habe·

294 3925 372 3992 bant,
397 3942 453 3993 qua
471 3926 598 3978 contenti
616 3930 718 3992 essent,
743 3926 792 3979 sed
809 3927 935 3980 victoriae
954 3928 1134 3995 ereptionem.
1177 3929 1250 3983 Satis
1267 3927 1303 3981 iis
1322 3945 1384 3982 esso

294 4008 435 4064 Samnites
454 4011 589 4064 volebant
607 4010 744 4077 effecisse,
767 4029 802 4065 ne
821 4011 962 4066 Samnites
980 4014 1140 4080 vincerent;
1165 4030 1222 4066 non
1240 4013 1384 4082 postulare

295 4095 405 4162 debere,
424 4101 455 4150 ut
473 4096 558 4149 etiam
576 4097 764 4150 vincerentur.
798 4095 980 4151 Memorabile
998 4098 1054 4152 hoc
1071 4102 1116 4151 est
1133 4099 1292 4169 exemplum
1309 4116 1384 4152 erro·

292 4181 330 4234 ris
349 4180 592 4250 (eripuissent)
611 4183 641 4235 in
658 4181 719 4236 cod
738 4181 893 4251 archetypo
912 4182 1110 4252 interpolando
1129 4183 1272 4239 occultati.
