3060 5272
717 792 758 854 93
1182 807 1245 863 Lib.
1264 808 1313 864 111

153 974 281 1055 nolle,
315 974 509 1038 omlarl
542 995 704 1060 quoque
737 975 927 1056 iniurias,
960 983 1003 1042 ut
1036 985 1097 1044 cet.
1157 978 1242 1045 Nam
1274 1002 1315 1046 ex

155 1081 264 1149 nolle
298 1084 336 1149 in
368 1082 474 1150 altero
507 1082 655 1148 membro
684 1083 828 1148 sumitur
857 1083 962 1148 velle
984 1087 1158 1152 notissimo
1181 1087 1216 1151 in
1238 1107 1316 1153 con·

154 1190 270 1257 trariis
305 1188 462 1256 membris
495 1190 655 1256 orationis
688 1189 847 1273 loquendi
875 1212 954 1271 usu;
987 1199 1120 1276 poterat
1150 1193 1229 1259 addi
1257 1195 1315 1260 ad·

155 1297 324 1364 versativa
345 1296 526 1383 particula:
560 1298 702 1363 iuvare
728 1297 860 1378 nolle,
895 1298 964 1363 sed
992 1299 1195 1366 cumulari
1218 1323 1315 1385 quo·

155 1426 234 1490 que
261 1411 327 1472 esc.
382 1403 448 1471 cfr.
470 1405 515 1485 x,
543 1408 600 1485 os,
634 1409 688 1485 10,
717 1403 851 1484 xxvn,
882 1409 931 1484 ιο,
963 1410 1011 1485 ιο,
1033 1407 1180 1489 xxxrv,
1203 1413 1256 1490 43,
1279 1414 1314 1474 e:

156 1513 204 1579 In
223 1512 506 1579 Macedoniam
527 1533 667 1578 novum
690 1513 914 1578 exercitum
936 1517 1215 1599 transportari
1237 1538 1317 1583 non
1416 1558 1426 1569 -

157 1619 338 1706 placuit3
371 1641 467 1699 eum,
501 1620 570 1703 qui
603 1618 662 1686 ibi
696 1625 817 1700 asset,
848 1619 989 1686 reduci
1023 1623 1062 1686 in
1083 1622 1249 1689 Italiam
1272 1645 1317 1690 ac

157 1727 333 1808 dimitti3
373 1725 440 1793 (lic.
463 1726 503 1792 N.
526 1726 622 1806 1).1,
652 1731 682 1807 7,
715 1731 763 1792 17.
809 1726 980 1808 (Eiusdem
1003 1730 1123 1813 capitis
1146 1727 1163 1812 §
1186 1735 1205 1794 7
1228 1731 1317 1814 quod
1373 1780 1375 1784 ,

159 1834 319 1903 scribitur
346 1835 381 1900 in
409 1833 594 1900 codicibus:
627 1832 676 1898 Hi
709 1833 856 1918 (patricii
884 1835 1033 1917 iuvenes)
1061 1836 1170 1902 ferre
1197 1858 1317 1922 agere

159 1941 319 2029 plebem
356 1940 578 2027 plebisque
611 1961 691 2019 res,
731 1961 849 2023 quum
882 1940 1064 2024 fortuna,
1099 1964 1178 2026 qua
1210 1947 1317 2027 quic-

159 2049 258 2136 quid
296 2050 481 2134 cupitum
518 2047 642 2129 forst,
680 2049 936 2132 potentioris
976 2057 1100 2131 esset,
1139 2072 1235 2117 nemo
1269 2053 1318 2117 ita

160 2155 342 2243 expedivit,
376 2163 415 2222 ut
441 2176 520 2239 qua
545 2154 766 2222 tolerabiliter
793 2157 828 2220 in
856 2157 1040 2223 orationem
1062 2165 1097 2225 et
1119 2161 1317 2225 sententiam

162 2264 364 2345 includeret;
386 2265 500 2348 itaque
518 2284 558 2329 eo
577 2263 766 2343 decurrunt,
790 2268 828 2328 ut
843 2262 970 2345 tollant,
993 2265 1085 2331 nulla
1102 2265 1318 2332 additamenti

161 2373 291 2440 ratione
307 2369 475 2456 probabili
491 2369 631 2437 reddita.
654 2370 722 2435 Nec
738 2369 754 2435 f
758 2377 907 2436 ortuna
925 2373 1125 2466 nominativo
1137 2395 1216 2440 casu
1228 2376 1317 2459 posi·

161 2489 232 2546 tum
252 2478 334 2546 ferri
356 2484 484 2563 potest;
506 2498 613 2563 neque
635 2478 731 2557 enim,
753 2478 821 2562 qui,
845 2478 1002 2562 quicquid
1025 2481 1125 2563 cupit,
1146 2480 1181 2546 id
1203 2502 1318 2548 conse-

161 2589 285 2671 quitur,
308 2586 380 2653 eius
401 2583 537 2652 fortuna
558 2605 631 2650 esse
652 2584 771 2650 Latine
793 2584 924 2650 dicitur.
963 2585 1111 2672 Apparet
1131 2591 1318 2656 necessario

162 2694 232 2761 baec
254 2692 437 2761 cohoerere:
460 2713 588 2775 quum,
611 2691 810 2776 quicquid
833 2693 1013 2776 cupitum
1034 2692 1153 2774 foret,
1182 2701 1318 2779 poten-

162 2802 287 2868 tioris
316 2806 431 2867 esset.
477 2799 594 2884 Itaque
616 2798 786 2864 fortuna
807 2799 973 2865 ablativus
996 2807 1047 2865 est
1069 2808 1102 2868 et
1123 2801 1320 2868 adiectivum

164 2909 282 2994 poscit,
306 2914 345 2973 ut
366 2907 484 2974 modus
507 2912 542 2972 et
564 2906 713 2972 condicio
734 2908 783 2972 rei
806 2906 1018 2991 significetur.
1063 2908 1102 2973 Id
1123 2908 1320 2976 adiectivum

163 3022 355 3082 moncatum
388 3017 476 3081 inest
506 3015 541 3079 in
574 3035 667 3097 qua,
700 3013 821 3080 hausta
842 3015 949 3100 prims
970 3014 1105 3099 syllaba.
1160 3017 1209 3081 Ex
1237 3016 1319 3083 lor·

164 3130 345 3207 tunaqus
378 3121 520 3188 efficitur
552 3120 721 3187 fortuna
753 3142 873 3205 aqua.
929 3122 1056 3188 Acerba
1078 3123 1190 3190 Livius
1223 3145 1319 3208 aequa

164 3230 234 3297 bac
255 3235 333 3296 octa
353 3228 488 3295 fortuna
509 3227 599 3309 dicit,
622 3234 659 3295 ut
681 3250 746 3295 non
768 3230 825 3295 uni
848 3229 948 3295 alicui
969 3232 1152 3314 potentiori
1175 3230 1320 3311 daretur,

163 3335 323 3423 quicquid
346 3336 532 3421 cupivisset,
556 3335 615 3401 sed
636 3336 788 3403 omnibus
812 3337 992 3420 aequaliter.
1027 3338 1132 3404 Simili
1155 3339 1273 3404 mendo
1292 3361 1319 3404 c.

164 3448 222 3526 ³8,
250 3444 328 3509 4in
349 3444 377 3508 V
401 3450 435 3510 et
457 3443 482 3507 P
505 3464 566 3528 pro
594 3442 764 3509 fortuna
792 3443 907 3527 AEqui
939 3444 1096 3512 scribitur
1123 3446 1319 3511 fortunac-

164 3552 243 3636 qui.
292 3554 399 3633 1861.)
446 3632 464 3645 η

252 3656 332 3743 Gap.
357 3662 407 3739 38,
432 3663 480 3723 10.
513 3657 712 3725 Perventum
734 3664 786 3723 est
807 3657 851 3723 ad
873 3658 989 3724 vulnus
1011 3679 1110 3742 grave
1133 3665 1166 3723 et
1188 3657 1321 3742 proluu-

166 3766 241 3832 dius
268 3766 392 3846 latens,
426 3766 515 3849 quod
542 3770 654 3831 tamen
682 3763 865 3831 manifestis
894 3764 1024 3830 indiciis
1053 3764 1213 3849 arguitur.
1258 3764 1322 3842 Qui

165 3870 281 3953 fucrit,
314 3874 440 3938 vocatis
466 3873 601 3940 tandem
624 3871 802 3954 aliquando
825 3893 846 3936 a
869 3864 1060 3938 decemviris
1084 3877 1218 3952 senatu,
1253 3873 1321 3938 ani·

166 4001 294 4046 morum
317 3978 424 4064 plebis
445 3979 595 4062 babitus,
624 3979 680 4062 qui
702 3999 881 4059 sermones,
910 3980 957 4045 sic
980 3978 1193 4045 describitur:
1216 4016 1259 4025 -
1279 4017 1322 4026 -

166 4087 326 4153 curiam
352 4087 447 4153 inde
475 4108 521 4153 ac
549 4086 821 4154 solitudinem
850 4087 960 4152 circa
987 4087 1239 4154 decemviros
1268 4091 1322 4153 iu-

168 4195 292 4274 tneri,
327 4216 450 4279 quum
478 4202 518 4261 et
539 4195 637 4279 ipsi,
672 4215 871 4261 consensu
900 4196 1077 4261 invisum
1099 4196 1323 4280 imperium,

168 4307 210 4367 et
231 4301 358 4385 plebs,
380 4302 478 4387 quia
498 4302 677 4387 privatis
700 4302 762 4368 ius
784 4324 861 4369 non
884 4310 996 4368 esset
1018 4302 1189 4368 vocandi
1212 4323 1323 4367 sena·

168 4415 265 4490 tum,
298 4429 374 4474 non
403 4408 620 4476 convenire
648 4415 789 4494 patres
811 4411 1211 4494 interpretarentur;
1244 4409 1324 4474 iam

168 4522 294 4599 caput
334 4515 430 4582 lieri
462 4515 705 4583 libertatem
738 4517 1022 4602 repetentium,
1063 4516 1098 4580 si
1133 4536 1174 4580 se
1207 4515 1323 4600 plebs

169 4622 358 4689 comitem
406 4624 572 4691 senatui
611 4623 680 4690 det
719 4631 771 4705 et,
815 4620 1147 4706 quemadmodum
1183 4629 1323 4708 patres
