3060 5272
212 334 275 388 aab.
294 332 408 386 xxxru
759 317 821 377 478

214 503 404 588 oportebat:
444 502 641 579 arbitrio,
677 500 792 566 cuius
825 496 994 577 vellent,
1029 497 1270 597 populorum
1304 504 1372 565 cet

214 610 370 676 Senserat
386 610 421 675 id
437 631 477 676 ox
496 609 609 693 aliqua
621 614 716 692 parte
730 607 922 685 Gronovius,
946 604 1004 669 sad
1023 605 1181 671 aberrans
1200 626 1388 699 quornm¹

214 718 314 784 scribi
336 717 477 783 volebat.
517 715 608 780 Unus
631 722 703 780 erat
727 713 869 796 populus
892 713 1096 794 deligendus.
1138 713 1186 776 De
1209 715 1373 779 orationis

110 867 117 881 ι
212 827 364 891 breviore
382 825 489 890 forma
506 824 598 906 (quo
616 821 779 899 vellent,
803 820 834 884 h.
854 842 892 898 e.,
910 819 972 901 uti)
991 819 1073 884 nihil
1091 840 1171 903 opus
1190 828 1240 886 est
1255 820 1372 904 dici.¹)

298 931 376 1015 Cap.
404 936 452 1010 16,
477 934 506 1010 3,
529 930 586 995 ubi
610 935 643 994 et
667 928 694 992 B
715 934 749 993 et
771 929 871 993 ceteri
896 927 1027 992 codices
1049 926 1173 993 habent
1197 928 1370 995 dimisso

212 1040 335 1117 Liuio,
359 1039 424 1103 cui
448 1042 717 1115 successerat,
740 1034 1031 1101 maleaSabellico
1050 1042 1083 1099 et
1101 1034 1282 1101 editoribus
1300 1056 1371 1102 om·

212 1145 306 1210 uibus
324 1146 540 1211 substitutum
558 1165 629 1208 esse
647 1143 815 1207 dimisso
827 1141 863 1206 L.
875 1142 1048 1225 Apustio
1067 1150 1192 1207 certum
1210 1149 1273 1223 est3
1290 1164 1371 1209 nam

211 1259 324 1335 aperte
354 1252 370 1335 ξ
400 1258 417 1317 5
447 1251 489 1317 ab
523 1274 577 1331 oo,
612 1252 665 1315 cui
702 1251 736 1313 L.
767 1247 940 1324 Quinctius
975 1251 1009 1312 in
1036 1252 1140 1314 totius
1169 1249 1282 1316 classis
1309 1250 1371 1317 ad·

211 1361 452 1425 ministratione
481 1365 700 1433 successerat,
736 1363 909 1440 separatur·
938 1356 1037 1437 legati
1066 1357 1286 1441 appellatione
1309 1358 1371 1423 ad-

212 1469 296 1531 iecta
319 1468 402 1531 alius
425 1467 535 1544 homa,
564 1467 619 1548 qui
650 1465 776 1547 aliquot
798 1485 898 1527 navos
921 1462 1057 1527 Athenis
1080 1463 1260 1548 reliquerit.
1313 1464 1370 1530 Li·

211 1576 297 1651 vius,
332 1576 387 1655 qui
415 1596 468 1639 res
498 1573 678 1655 superioris
701 1573 778 1636 anni
802 1593 828 1635 c.
856 1575 937 1634 1—7
960 1571 1165 1651 brevissime,
1199 1574 1368 1638 1111101111-

154 1716 157 1721 ·
211 1691 290 1745 nata
313 1681 444 1761 quidem
468 1680 583 1758 classe,
606 1681 762 1758 narravit,
786 1678 831 1741 ibi
855 1679 996 1759 aliquem
1020 1678 1165 1761 legatum
1188 1678 1370 1762 classisque

211 1787 400 1870 praelectum
434 1789 520 1851 inter
549 1788 583 1850 h.
607 1787 784 1868 Apustium
819 1793 851 1849 et
882 1787 916 1849 L.
942 1787 1131 1863 Quinctium
1158 1786 1368 1851 interiectum

211 1894 340 1959 silentio
370 1895 494 1974 omisit,
523 1893 577 1958 hic
607 1892 715 1958 subito
747 1914 865 1958 nornen
889 1894 1085 1976 interponit,
1113 1894 1179 1957 sive
1202 1895 1230 1958 is
1252 1892 1366 1958 Livius

210 2001 274 2066 fuit
309 2003 375 2066 sire
411 2002 474 2066 alio
505 2001 650 2077 nomine,
684 2000 719 2064 L.
749 2002 957 2083 praenomine.
1013 1999 1057 2065 Et
1084 2007 1195 2065 tamen
1222 1999 1365 2065 Athenis

211 2131 308 2174 naves
333 2131 353 2174 a
375 2110 552 2192 superioris
581 2109 656 2171 anni
680 2108 787 2189 legato
812 2108 1033 2190 praefectoque
1056 2108 1179 2171 relicta·
1203 2107 1368 2187 dicuntur,

210 2217 298 2298 quod
322 2218 406 2281 alter
429 2216 484 2280 illo
509 2218 654 2279 Athenas
677 2238 741 2277 non
766 2217 951 2297 pervenisse
975 2215 1112 2278 videtur.
1158 2214 1316 2296 (1863.)')

298 2323 376 2407 Cap.
402 2327 459 2400 21,
492 2328 506 2385 l
533 2325 578 2399 (111
604 2323 755 2385 Aristaei
779 2323 928 2404 praetoris
951 2323 983 2384 in
1008 2321 1146 2386 concilio
1171 2321 1364 2386 Achaeorum

212 2431 373 2511 oratione)
404 2431 557 2513 quoniam
581 2431 745 2512 praetori
769 2450 785 2491 e
809 2428 835 2490 B
859 2451 918 2512 pro
941 2436 1089 2510 praetor
1112 2450 1197 2492 nuuc
1219 2451 1239 2493 a
1261 2428 1367 2492 Weis-

212 2536 386 2600 senbornio
411 2544 597 2600 revocatum
622 2537 723 2611 videa,
747 2535 866 2599 addam
886 2542 1025 2614 tantum,
1049 2536 1257 2600 scribendum
1275 2557 1365 2601 esse:

211 2650 282 2706 aut
311 2663 386 2706 non
415 2642 584 2707 dandum
615 2641 832 2706 concilium
864 2642 1012 2721 legatis
1039 2644 1167 2707 luisse
1195 2650 1366 2708 autnon

213 2750 298 2813 siue
338 2770 535 2832 responso
576 2772 643 2813 eos
678 2749 947 2813 dimittendos
982 2772 1070 2814 esse
1111 2749 1151 2829 (Β
1185 2759 1254 2814 aut
1286 2771 1365 2819 uon

211 2857 297 2920 sine
321 2877 422 2939 resp.
447 2877 515 2919 eos
540 2880 615 2921 uon
640 2858 743 2934 (11111,
776 2856 886 2937 vulgo:
922 2864 989 2920 aut
1017 2857 1111 2920 inde
1141 2858 1229 2921 sino
1257 2879 1363 2940 resp.

211 2984 280 3026 eos
304 2961 489 3028 dimaon
515 2965 629 3046 osso).
669 2965 807 3045 Ncgatm
832 2965 863 3026 111
887 2972 1027 3047 utroquo
1050 2963 1194 3029 membro
1218 2964 1365 3047 proxime

208 3070 379 3153 particulae
402 3069 605 3136 disiunctirto
628 3071 744 3134 subiici
768 3070 879 3151 debet,
903 3093 943 3135 ea
965 3093 1064 3153 quum
1088 3071 1296 3154 neglegenter
1312 3070 1364 3137 bis

210 3197 230 3240 a
252 3176 388 3242 librario
411 3178 521 3261 posita
544 3186 645 3256 esset,
679 3180 711 3242 in
737 3177 905 3242 codicibus
928 3179 1168 3243 recentioribus
1191 3201 1231 3243 ex
1253 3180 1364 3262 priore

208 3331 436 3342 ——-—-—.

237 3395 263 3462 ¹)
282 3396 347 3466 Cap.
369 3400 416 3464 11,
443 3402 476 3450 10
499 3397 725 3451 emendationem
749 3398 815 3450 olim
839 3416 855 3450 a
877 3416 922 3452 me
945 3416 960 3450 o
978 3398 1104 3466 vestigiis
1128 3397 1233 3451 codicis
1251 3396 1274 3450 Β
1292 3395 1361 3451 dne-

277 3488 334 3535 tam
353 3481 465 3550 (Opusc.
484 3483 533 3535 Ac.
552 3481 582 3535 II
600 3501 627 3551 p.
646 3482 711 3535 295:
740 3483 854 3535 instat
877 3487 958 3550 aput
981 3483 1156 3536 stationes
1180 3497 1231 3549 pro
1250 3482 1365 3536 instat

277 3567 353 3635 capi
378 3566 563 3631 stationes)
583 3566 830 3620 Weissenbornius
854 3573 965 3620 secutus
990 3573 1039 3619 est
1071 3566 1136 3635 Gap.
1158 3569 1203 3634 13,
1229 3568 1263 3619 14
1285 3570 1364 3620 reato

279 3651 319 3703 W.
339 3652 368 3704 in
387 3651 452 3703 edit.
472 3652 562 3704 altera
579 3652 663 3705 rediit
682 3651 718 3704 ad
737 3652 880 3720 vulgatam
900 3651 1067 3719 scripturam
1086 3651 1203 3718 (mixta
1226 3650 1364 3705 imbelli

278 3736 397 3801 turba).
435 3735 475 3787 Na
495 3736 597 3788 dieitur
616 3736 728 3804 quidem
746 3744 821 3789 recte
840 3735 1030 3788 multitudo
1050 3752 1090 3788 ex
1108 3736 1241 3789 imbelli
1259 3736 1365 3790 turba

277 3820 396 3886 mixta,
430 3820 560 3887 quoniam
594 3822 683 3873 turbae
718 3819 836 3872 imbellis
865 3820 1055 3889 appellatione
1081 3838 1140 3874 non
1168 3808 1363 3889 significantur

277 3905 366 3972 plura,
387 3922 421 3955 ox
441 3906 540 3972 quihus
560 3904 706 3958 miscendo
726 3922 811 3958 unum
829 3903 885 3957 fiat

235 3990 261 4055 ³)
281 3988 308 4057 [ξ
331 3992 360 4041 17
380 3991 558 4043 scribendum
578 3991 677 4057 signa
696 4006 732 4041 ao
752 3990 890 4043 tabula.
927 3988 992 4058 Cap.
1012 3991 1055 4056 20,
1074 3992 1091 4042 8
1111 4008 1125 4041 e
1144 3990 1282 4058 scriptura
1299 3986 1361 4040 cod.

276 4075 298 4127 B
326 4092 431 4143 nequo
464 4077 582 4128 mirum
610 4075 637 4127 si
664 4102 698 4112 —
726 4092 784 4128 eoa
818 4076 847 4127 si
873 4075 1052 4128 orationes
1086 4073 1233 4144 Ussingius
1264 4070 1362 4127 elficit:

276 4176 384 4226 neque
402 4161 559 4213 mirumst
577 4188 609 4197 —
629 4177 686 4212 eos
707 4159 735 4211 si
754 4160 941 4212 orationes.
980 4157 1065 4226 leta]
