3060 5272
714 775 757 872 53
1211 820 1273 878 nn.
1291 820 1314 876 1.

153 993 333 1060 consilium
353 1016 414 1061 uec
436 994 477 1061 de
500 994 625 1061 aliare
648 995 735 1060 inter
757 1015 792 1060 se
814 994 1014 1079 rogitabant.
1048 995 1195 1079 Apparet
1212 996 1315 1079 igitur

155 1101 230 1168 brec
251 1103 300 1169 sic
322 1102 498 1168 coherere:
527 1103 752 1169 deficiente
775 1102 960 1183 consilio,
988 1102 1086 1185 quid
1107 1103 1314 1189 relinque·

158 1217 266 1294 rent,
299 1211 393 1296 qnid
421 1233 557 1277 secum
584 1212 757 1292 ferrent,
790 1211 848 1277 sed
876 1233 978 1296 quum
1005 1211 1070 1276 hoc
1097 1233 1164 1278 non
1187 1211 1314 1276 intelle·

159 1326 302 1404 geretur,
323 1325 401 1385 ante
423 1321 718 1403 interrogationem
739 1320 937 1404 pendentem
954 1318 1104 1385 additum
1121 1340 1193 1385 esse
1210 1320 1314 1404 parti-

160 1428 284 1511 cipium
317 1428 468 1512 ineptum
500 1428 632 1495 obliti.
667 1427 790 1511 (1861.)
844 1428 948 1494 Ρ5515
981 1434 1057 1512 post
1078 1426 1110 1511 (ᾖ
1139 1427 1173 1510 6)
1207 1428 1316 1493 editur

158 1556 334 1600 consensu:
369 1535 564 1621 Egressis
590 1536 730 1602 urbem
751 1536 923 1602 Albanis
945 1542 993 1615 et,
1022 1536 1050 1601 si
1073 1537 1126 1601 cui
1149 1535 1313 1601 dubitatio

156 1642 276 1708 oborta
296 1643 414 1725 fuerit,
448 1645 622 1712 docebitur
643 1644 678 1727 (a
700 1644 971 1711 Drakenborchio
994 1643 1038 1709 ad
1060 1643 1184 1724 XXIX,
1213 1648 1249 1724 6,
1278 1651 1314 1724 43

156 1771 234 1816 nam
261 1751 550 1819 Weissenbornius
582 1775 624 1819 ne
657 1753 880 1819 admonitione
913 1753 1046 1838 quidem
1080 1752 1213 1836 dignam
1245 1773 1315 1818 rem

157 1859 317 1944 putauit),
349 1860 477 1926 Livium
509 1862 694 1946 promiscue
727 1861 938 1941 excedere,
979 1861 1117 1945 egredi
1148 1860 1248 1926 urbe
1281 1867 1315 1926 et

159 1967 297 2034 urbem
329 1969 447 2035 dicere.
508 1969 593 2034 Nam
632 1970 694 2035 etsi
732 1970 795 2053 ipsi
833 1969 983 2035 omuibus
1015 1968 1164 2054 partibus
1196 1969 1315 2053 saepius

162 2075 266 2142 edunt
298 2076 457 2162 enslogiae
491 2080 722 2144 convenienter
754 2078 870 2159 urbe,
908 2085 1029 2162 porta
1063 2079 1187 2157 exire,
1226 2068 1314 2141 acie

163 2184 373 2267 excedere,
406 2186 537 2268 similia,
573 2208 680 2271 neque
708 2187 864 2271 ignorant
886 2185 1082 2252 excedere
1112 2192 1147 2251 et
1174 2184 1313 2268 egredi

159 2313 233 2357 cum
254 2295 441 2360 accusativo
465 2295 531 2360 alio
554 2293 740 2380 significatu
762 2295 835 2375 dici,
857 2302 895 2361 ut
918 2296 962 2360 sit
983 2292 1052 2359 iere
1076 2293 1312 2376 transgredi

157 2400 211 2481 (ut
238 2401 362 2483 fines,
396 2403 565 2484 modum,
598 2403 696 2488 alia),
730 2410 841 2469 tamen
876 2404 990 2488 paucis
1019 2402 1147 2486 aliquot
1174 2402 1255 2467 locis
1284 2422 1313 2463 ι

155 2508 303 2575 litteram
320 2532 341 2605 5
358 2510 504 2576 librariis
521 2512 671 2577 additam
688 2513 840 2591 retinent,
861 2532 943 2595 quos
960 2509 1082 2576 refellit
1094 2511 1313 2576 certissimum

158 2625 398 2702 argumentum,
417 2619 516 2704 quod,
535 2619 591 2684 nbi
609 2641 704 2686 casus
721 2642 787 2685 non
805 2620 877 2684 solta
891 2619 951 2684 illa
960 2618 1074 2685 littera
1084 2619 1220 2698 distant,
1238 2639 1313 2683 oon-

158 2726 362 2793 stantissime
380 2727 544 2794 ablativus
562 2735 709 2810 tenetur3
732 2735 869 2793 castra
886 2728 984 2808 enim,
1009 2736 1150 2811 portas
1175 2727 1313 2809 egredi

158 2854 321 2918 nusquam
338 2835 469 2919 legitur,
492 2836 550 2901 sed
568 2837 728 2916 castris,
744 2837 877 2920 portis
895 2835 998 2918 (utin
1015 2836 1127 2901 decem
1144 2834 1257 2919 primis
1274 2834 1314 2899 li·

158 2940 229 3007 bris
247 2941 306 3022 111,
326 2944 631 3026 55555517,
651 2944 837 3025 511135,
857 2949 905 3024 11,
918 2943 1005 3024 vm,
1019 2948 1101 3023 11,4
1117 2949 1152 3008 et
1168 2946 1218 3022 35,
1232 2947 1261 3023 5,
1273 2964 1315 3008 ne

158 3049 230 3131 VII,
246 3054 326 3131 12,3
345 3060 404 3117 556
422 3052 478 3134 ΙΧ,
492 3057 541 3134 36,
557 3058 596 3118 10
614 3074 789 3133 numerem,
806 3053 863 3119 ubi
875 3052 1015 3118 exeundi
1028 3054 1081 3116 via
1094 3050 1314 3136 significatur,

158 3159 261 3224 etium
286 3160 433 3226 dextra
459 3161 684 3246 principali
708 3161 762 3242 IV,
789 3165 838 3242 19,
862 3161 906 3243 8).
948 3160 1065 3245 ltaque
1093 3160 1313 3226 ethicurbe

159 3266 372 3333 scribendum
388 3276 439 3335 est
456 3269 558 3354 (quod
571 3291 589 3336 e
601 3270 731 3336 duobus
748 3269 866 3335 infimee
884 3269 1054 3352 diguitatis
1071 3268 1239 3334 codicibus
1256 3269 1314 3334 ad·

157 3375 309 3458 notatur)
321 3383 355 3442 et
366 3376 408 3455 II,
421 3381 472 3458 37,
484 3383 514 3458 8,
526 3385 560 3444 et
568 3378 625 3459 III,
639 3384 688 3458 57,
702 3382 741 3443 10
751 3378 838 3460 (cum
845 3378 885 3460 P)
894 3385 928 3444 et
935 3377 1038 3457 XXII,
1053 3382 1103 3457 55,
1116 3383 1135 3440 6
1148 3384 1182 3443 56
1193 3377 1313 3458 XXIII,

163 3484 863 3567 1,355111111,6,455111111Ν,58,15.
903 3487 940 3551 In
957 3486 1072 3566 XXIV,
1091 3490 1119 3566 3,
1140 3491 1178 3551 15
1195 3486 1313 3551 Ρ5655·

161 3613 241 3658 nens
275 3614 374 3677 prave
404 3595 563 3678 scriptum
590 3595 693 3660 habet
722 3592 938 3661 Crotonem
974 3616 1180 3661 excessum
1209 3594 1313 3678 (quod

162 3699 293 3766 aliunde
306 3699 484 3767 Crotonem
500 3705 677 3787 migratum
688 3703 917 3787 significaret);
935 3702 1030 3782 XLV,
1052 3708 1100 3781 13,
1123 3707 1159 3765 12
1177 3724 1311 3768 navem

164 3827 328 3891 egresso
352 3817 468 3876 contra
489 3811 633 3876 codicem
656 3810 780 3876 editum
803 3819 885 3876 erat.
920 3810 1027 3889 (1861,
1053 3811 1159 3890 1862.)

248 3914 326 4002 (lap.
352 3921 401 3998 30,
424 3923 453 3983 5.
505 3917 588 3984 Sunt
616 3919 765 4004 quaedam
793 3917 952 3984 eiusmodi
981 3918 1021 3982 de
1044 3924 1189 3982 veterum
1212 3919 1313 4003 scrip·
1344 3918 1349 3930 ’

160 4032 270 4091 torum
297 4026 379 4093 locis
407 4029 617 4108 coniecturae,
651 4048 732 4112 quas
760 4048 853 4111 paene
881 4028 1001 4091 invitus
1029 4048 1190 4111 promam,
1224 4027 1313 4112 quod

158 4153 220 4199 uec
253 4135 288 4198 in
321 4135 490 4201 codicibus
521 4135 624 4202 ullum
657 4136 792 4201 latentis
824 4135 968 4200 vulneris
1001 4136 1158 4200 indicium
1191 4137 1313 4200 eminet

159 4263 221 4307 nec
243 4244 414 4309 sententiae
437 4245 660 4329 orationisque
683 4246 844 4328 pravitas,
877 4264 1075 4329 quamquam
1103 4243 1183 4308 mihi
1210 4245 1312 4307 mani·

158 4350 248 4416 festa
275 4351 406 4417 videtur
432 4374 494 4418 neo
522 4354 739 4437 suspicionem
768 4355 877 4419 animo
906 4353 1029 4437 pellere
1057 4354 1150 4431 sinit,
1185 4372 1225 4417 ea
1253 4361 1312 4433 est,

159 4481 234 4543 quae
262 4458 489 4526 demonstrata
514 4459 612 4526 facile
641 4483 754 4527 omnes
784 4461 951 4527 offensura
977 4461 1137 4526 videatur.
1193 4460 1242 4525 Ex
1271 4482 1333 4540 eo¹

159 4589 281 4653 genere
314 4567 368 4633 hic
396 4576 449 4635 est
475 4569 583 4649 loeus,
616 4570 650 4635 in
678 4592 744 4654 quo
774 4571 814 4634 de
842 4570 951 4634 causis
981 4569 1045 4634 orti
1073 4570 1160 4633 inter
1181 4569 1312 4635 Tullum

159 4676 340 4743 Hostilium
368 4684 403 4743 et
430 4677 572 4744 Sabinos
600 4677 678 4743 belli
706 4678 830 4759 agitur:
871 4676 1015 4742 Tullus
1049 4677 1097 4742 ad
1129 4677 1311 4744 Feroniae
