3060 5272
167 363 170 370 .
209 305 273 363 Lib.
291 305 340 361 111.
389 349 396 356 .
758 290 819 353 104

209 479 316 558 bonis,
338 475 468 542 Valerio
490 474 707 558 Horatioque‚
732 473 931 556 contrarios)
955 474 1092 540 adorti
1115 463 1265 542 essent.
1297 473 1368 560 Ap·

208 593 318 671 paret,
352 585 395 651 ad
423 583 687 668 praepositionem
716 583 858 666 proximi
884 581 1024 647 nominis
1046 601 1160 648 casum
1181 602 1368 650 accommo-

209 693 324 758 datum
348 713 420 757 esse
443 689 519 773 (vid.
542 709 688 774 prooem.
711 712 743 774 p.
770 688 840 771 10);
868 687 957 771 quid,
987 689 1076 773 quod
1098 690 1132 756 in
1155 690 1227 756 cod.
1250 689 1368 759 arche·

208 806 289 885 typo
317 799 492 882 vestigium
520 799 588 862 veri
616 797 746 863 ridetur
774 797 956 863 mansisse?
989 818 1066 862 nam
1094 797 1128 863 in
1150 797 1228 865 Ma
1258 799 1369 883 prima

208 928 307 973 manu
340 912 391 972 est
423 905 631 972 factionis.
688 903 729 988 [V
758 903 959 971 factionis
993 902 1091 988 sua]
1148 903 1368 988 (Cumanae

208 1014 408 1081 factionis
434 1014 665 1080 hominibus
687 1011 840 1092 XXXIV,
871 1017 928 1093 21,
957 1016 993 1092 43
1021 1011 1089 1078 ibd.
1112 1016 1170 1094 48,
1202 1017 1240 1095 2;
1269 1034 1366 1080 con·

209 1122 318 1188 sules
341 1128 572 1187 vestrarum
593 1121 774 1206 partium
795 1120 859 1186 hoo
881 1119 967 1186 libro
990 1141 1017 1185 c.
1042 1123 1093 1200 67,
1117 1119 1161 1203 9.)
1200 1120 1368 1204 (Proximo

208 1237 286 1297 ante
316 1228 333 1313 ξ
361 1234 396 1310 2,
423 1229 481 1294 ubi
510 1229 633 1294 editur:
674 1227 916 1294 oonsulibus
951 1249 1117 1311 quoque
1145 1230 1366 1297 continua·

207 1343 300 1404 rent
328 1339 625 1421 magistratum,
647 1337 681 1400 in
703 1337 731 1399 V
754 1335 911 1401 scribitur
934 1356 1060 1402 conss.
1084 1342 1185 1420 atque
1207 1337 1309 1403 etiam
1331 1339 1365 1404 in

209 1447 327 1514 ceteris
349 1446 494 1527 antiquis
517 1451 596 1508 nota
619 1444 690 1509 sine
713 1444 815 1509 dubio
838 1443 910 1508 fuit.
959 1442 1178 1510 Scribendum
1202 1452 1254 1511 est
1276 1465 1367 1513 cou-

209 1553 339 1633 sules;
372 1552 588 1634 nequeenim
610 1551 734 1617 tribuni
758 1551 965 1632 consulibus,
999 1552 1199 1637 inquorum
1223 1554 1367 1619 comitiis

207 1661 305 1726 nullae
328 1681 440 1725 eorum
462 1666 575 1743 partes
598 1666 706 1738 erant,
739 1660 803 1743 ipsi
827 1660 1021 1724 continuare
1045 1661 1277 1744 magistratum
1306 1682 1367 1747 po·

207 1774 328 1835 terant.
354 1766 460 1849 1873.)
499 1765 578 1846 (Sed
601 1768 731 1847 gravius
754 1767 908 1832 mendum
931 1767 1015 1833 latet
1037 1766 1124 1833 infra
1144 1767 1179 1833 in
1198 1765 1215 1851 ᾖ
1235 1772 1285 1849 10,
1307 1768 1367 1835 ubi

208 1876 338 1943 codices
372 1874 599 1956 editionesqua
629 1875 675 1939 sic
704 1875 864 1957 scriptum
894 1874 1032 1940 habent:
1067 1875 1361 1960 recitabatque

209 1984 266 2066 (M.
289 1982 444 2064 Duillius)
467 1982 700 2064 rogationis
725 2001 900 2062 carmen,
930 1983 1085 2067 inquo:
1116 1983 1149 2048 si
1170 1983 1366 2051 tribunos

207 2091 346 2177 plebei
381 2091 516 2156 decern
544 2089 719 2173 rogab03
753 2091 787 2155 si
818 2091 883 2172 qui
907 2111 976 2155 vos
1000 2091 1130 2155 minus
1153 2091 1274 2157 hodie
1297 2090 1366 2158 de·

208 2220 289 2264 cem
308 2198 501 2264 tribunos
519 2196 656 2281 plebei
673 2196 870 2276 feceritis
888 2205 972 2263 tum
989 2197 1048 2262 uti
1067 2203 1140 2276 cet,
1159 2197 1367 2284 ferrinoquit

208 2308 251 2373 in
285 2328 362 2390 quo
397 2307 515 2371 omisso
547 2303 663 2384 verbo,
697 2305 739 2369 ad
770 2305 863 2370 cuius
892 2305 1103 2371 omissionem
1126 2304 1366 2373 defendendam

210 2415 429 2480 dissimillima
450 2412 739 2478 Weissenbornius
763 2419 948 2497 comparat,
977 2434 1037 2478 nec
1066 2415 1172 2478 minus
1194 2435 1296 2498 prava
1317 2422 1370 2481 est

209 2521 446 2588 condicionalis
474 2521 656 2605 particula3
690 2522 746 2602 qui
775 2522 861 2587 enim
892 2521 1033 2587 comitiis
1055 2520 1217 2588 habendis
1238 2531 1368 2608 praeest,

211 2631 368 2713 proponit
394 2629 555 2707 absolute,
584 2628 664 2712 quid
693 2636 826 2693 acturus
855 2630 913 2708 sit;
947 2634 1032 2708 tum,
1066 2630 1094 2693 si
1122 2652 1278 2697 numerus
1306 2632 1367 2698 im·

210 2735 320 2819 pletus
343 2757 407 2801 non
430 2737 482 2814 sit,
506 2736 585 2818 quid
607 2734 679 2800 fieri
703 2735 832 2814 debeat,
856 2736 957 2816 addit,
980 2737 1079 2820 idque
1097 2739 1145 2802 ita
1162 2758 1235 2803 esse
1251 2745 1366 2823 aperte

209 2843 355 2909 ostendit
384 2844 536 2926 rogabo
566 2850 792 2927 comparatum
822 2865 897 2908 cum
919 2844 1108 2910 feceritis
1131 2843 1188 2926 (ad
1211 2847 1301 2929 quod
1323 2868 1366 2913 ne

207 2950 440 3016 Mommsenius
469 2950 600 3032 quidem
629 2950 787 3029 attendit,
822 2953 878 3034 qui
913 2973 1040 3018 mecum
1069 2954 1262 3038 ceteroquin
1289 2975 1367 3021 con·

209 3058 352 3123 sentiens
381 3059 415 3123 si
444 3058 623 3137 retinebat,
653 3066 691 3123 ut
719 3059 783 3124 hoc
812 3082 912 3125 unum
942 3066 1031 3125 esset
1061 3068 1160 3144 caput
1181 3063 1366 3145 rogationis

205 3166 431 3249 exceptionem
459 3166 654 3247 continens).
706 3167 775 3232 Nec
810 3188 942 3233 carmen
977 3168 1042 3233 hoc
1070 3188 1091 3233 a
1122 3167 1243 3234 Duillio
1274 3188 1364 3237 oom-

204 3274 350 3359 positum
383 3274 600 3356 intellegitur,
635 3274 693 3339 sed
727 3275 931 3340 tralaticium
966 3281 1000 3340 et
1036 3283 1251 3360 usurpatum
1285 3277 1366 3362 quid

207 3383 294 3447 enim
327 3382 475 3466 alioquin
508 3383 719 3448 auctoritatis
752 3382 950 3448 habuisset?
996 3382 1040 3447 Et
1075 3385 1103 3449 si
1138 3383 1236 3450 aliter
1270 3391 1367 3464 esset,

206 3494 280 3554 tota
320 3491 543 3555 controversia
577 3497 652 3556 orta
685 3497 773 3555 esset
806 3497 884 3557 ante
920 3489 1085 3574 suffragia.
1148 3490 1366 3559 scribendum

206 3597 321 3679 igitur:
356 3596 395 3661 in
430 3618 508 3679 quo
543 3604 658 3660 asset:
693 3596 896 3663 Tribunos
929 3598 1069 3683 plebei
1104 3605 1165 3664 cet.
1197 3599 1250 3682 (ut
1285 3603 1363 3664 1861

206 3702 310 3785 edidi)
343 3710 402 3768 aut
434 3705 560 3787 potius,
593 3725 660 3768 una
686 3703 800 3770 littera
829 3712 958 3772 mutata
986 3712 1020 3771 et
1046 3708 1222 3790 perspicua
1251 3706 1362 3773 mendi

207 3831 321 3876 causa:
343 3811 383 3875 in
406 3819 536 3893 quost:
560 3811 763 3878 Tribunos
787 3820 848 3878 cet.
888 3813 973 3879 Nam
996 3821 1162 3880 manserat
1183 3813 1247 3882 hoc
1269 3835 1366 3898 roga·

206 3919 306 3984 tionis
329 3939 461 3983 carmen
483 3918 526 3984 ad
547 3925 698 4004 posteros
721 3925 755 3985 et
774 3921 856 3985 Livii
875 3928 972 3987 aetate
991 3922 1225 4006 usurpabatur.
1257 3921 1365 4005 1876.)
1415 3917 1424 3931 ’

293 4024 369 4109 Cap.
390 4031 440 4107 65,
463 4031 497 4091 6:
522 4026 785 4094 affirmantes
809 4028 998 4111 (consules),
1021 4029 1178 4097 urbano
1202 4052 1364 4116 quoque

207 4132 292 4197 otio
326 4132 429 4199 foris
459 4136 593 4201 omnia
621 4137 856 4221 tranquilla
885 4158 994 4218 esse,
1027 4159 1098 4221 par
1126 4136 1365 4204 discordias
