3060 5272
718 814 807 904 aa'

157 1026 269 1109 licet),
303 1025 447 1092 deterior
483 1032 535 1092 est
568 1027 683 1108 turba,
716 1027 879 1092 communi
909 1026 1023 1112 aliqua
1050 1027 1315 1112 interpolationis

157 1136 236 1202 labe
262 1135 340 1220 plus
366 1135 513 1200 minusve
541 1135 806 1219 depravatorum.
862 1135 912 1201 De
936 1135 1152 1202 Gronovianis
1181 1135 1315 1220 (preater

159 1245 342 1311 Florentini
369 1242 538 1328 excerpta)
567 1243 701 1309 difficile
731 1251 783 1310 est
803 1243 978 1325 iudicium,
1010 1264 1072 1309 nec
1093 1251 1204 1310 tamen
1226 1245 1315 1312 ullus

160 1354 254 1420 valde
283 1351 478 1420 excelluisse
498 1350 645 1433 videtur3
678 1373 806 1433 eorum,
839 1353 897 1437 qui
925 1374 946 1417 a
975 1353 1094 1420 ceteris
1122 1373 1315 1419 commemo·

160 1452 289 1540 rantur,
322 1482 363 1527 ex
395 1459 599 1542 reliquorum
626 1459 728 1526 turba
754 1468 891 1545 propter
918 1461 1119 1545 singularem
1148 1462 1314 1546 quandam

158 1571 387 1652 cognationem
418 1567 609 1635 eximendus
637 1575 689 1635 est
716 1570 760 1649 is,
795 1592 862 1654 quo
890 1569 935 1635 M.
959 1569 1118 1636 Klookius
1148 1569 1191 1652 (a.
1218 1570 1313 1653 1586)

156 1699 237 1744 usus
259 1684 321 1756 est,
343 1685 416 1744 tum
439 1684 516 1756 tres,
539 1698 680 1762 quorum
696 1698 803 1758 nuper
819 1677 964 1761 aliquam
983 1679 1134 1744 notitiam
1152 1678 1194 1744 ab
1212 1677 1314 1744 Heer-

156 1787 302 1870 wagenio
325 1791 360 1852 et
380 1778 516 1851 Her'tzio
539 1785 772 1870 accepimusl)
811 1785 858 1850 Ac
880 1787 978 1871 primi
1002 1787 1133 1869 quidem
1156 1786 1314 1854 bonitatis

158 1901 193 1960 et
218 1895 420 1978 integritatis
449 1893 600 1960 codicum
627 1894 751 1977 gradrm
779 1895 836 1977 qui
864 1895 942 1974 sint,
976 1895 1066 1979 quod
1088 1895 1130 1960 ad
1153 1915 1314 1960 summam

159 2023 230 2068 rem
252 2003 380 2082 attinet
400 2002 469 2068 tere
491 2024 557 2068 uno
580 2002 729 2087 exemplo
751 2000 842 2068 facili
863 2024 1031 2088 parvoque
1053 2003 1196 2069 breviter
1214 2005 1314 2088 signi-

161 2111 252 2177 ticari
278 2116 403 2195 potest,
430 2111 521 2194 quod
548 2132 589 2177 ex
616 2110 703 2176 libro
725 2110 769 2190 X,
800 2115 852 2191 19,
883 2111 1103 2193 tanmem.²)
1158 2111 1244 2177 Nam
1265 2112 1313 2177 ibi

159 2218 194 2284 ll
220 2218 246 2283 P
273 2219 348 2300 (nec
378 2219 529 2285 dubitari
562 2219 603 2285 de
631 2220 662 2284 R
689 2217 801 2300 debet)
829 2220 936 2304 ipsam
973 2240 1084 2286 veram
1114 2220 1312 2304 scripturam

157 2332 289 2392 servm
316 2326 450 2408 (duis),
483 2327 529 2392 Ll
567 2334 602 2394 et
627 2327 678 2392 ffl
713 2326 828 2393 leviter
855 2327 1037 2393 deflectunt
1063 2327 1177 2410 (des),
1210 2330 1313 2394 ceteri

155 2433 285 2519 longius
308 2434 435 2502 abeunt
459 2434 663 2518 (dederis),
693 2437 757 2502 nisi
781 2436 870 2521 quod
887 2436 980 2502 Voss.
1001 2436 1134 2515 tidem,
1157 2435 1246 2521 quod
1263 2436 1308 2501 Ll

155 2542 217 2621 Hl,
240 2542 353 2623 habet,
376 2543 453 2608 Lov.
477 2550 499 2608 4
520 2564 623 2628 prope
645 2544 784 2615 accedit,
796 2544 905 2627 (das).
942 2543 1006 2610 Sed
1029 2551 1063 2610 et
1084 2543 1110 2607 P
1133 2544 1175 2609 ab
1197 2544 1232 2609 M
1255 2543 1311 2627 (R)

156 2650 379 2734 seiungendus
401 2658 452 2717 est
474 2658 509 2718 et
529 2652 572 2718 ab
595 2651 640 2716 Ll
665 2651 714 2717 Hl
739 2651 920 2718 deteriores
942 2652 1072 2736 longius
1095 2652 1281 2736 separandi.

242 2756 396 2826 Codioem
422 2758 458 2824 M
486 2780 561 2825 cum
588 2760 618 2824 R
647 2780 750 2845 prope
777 2761 907 2843 gemino
935 2761 970 2824 in
1000 2781 1062 2825 sua
1090 2780 1129 2825 ao
1157 2767 1313 2844 separata

156 2866 327 2952 archetypi
350 2868 453 2952 stirpe
474 2867 643 2952 ponendos
665 2888 752 2948 esse,
787 2890 860 2952 qua
882 2889 990 2953 neque
1013 2889 1054 2933 ex
1076 2868 1195 2934 ceteris
1217 2868 1312 2951 quid-

155 2996 256 3060 quam
277 2976 418 3042 merent
439 2996 546 3058 neque
569 2976 749 3060 quidquam
773 2977 815 3042 ad
838 2998 895 3043 eos
914 2977 1146 3057 transmiserit,
1169 2977 1314 3043 ostendit

154 3083 273 3150 horum
305 3083 447 3150 duorum
479 3083 630 3150 codicum
662 3085 696 3149 in
729 3083 918 3169 duplicibus
952 3086 1125 3169 scripturis
1154 3107 1172 3151 e
1199 3085 1312 3152 codice

154 3191 335 3276 archetypo
373 3192 596 3277 propagandis
635 3193 821 3258 coniunctio
861 3199 895 3259 et
928 3215 948 3258 a
981 3193 1101 3259 ceteris
1141 3193 1312 3275 seiunctio,

153 3300 299 3366 ostendit
320 3321 449 3365 summa
470 3301 654 3366 communio
671 3299 920 3368 adnotationum
938 3301 1167 3385 marginalium
1184 3302 1219 3367 in
1237 3323 1311 3368 ora·

152 3408 276 3474 tionem
291 3414 499 3492 receptarum
510 3407 613 3490 (velut
623 3409 658 3473 in
668 3407 754 3474 libro
765 3408 806 3489 11,
819 3408 872 3490 36)
885 3410 1014 3475 omissis
1026 3411 1077 3489 iis,
1094 3431 1167 3493 quae
1179 3411 1213 3475 in
1226 3410 1310 3478 alios

154 3516 282 3581 codices
298 3522 483 3597 manarunt,
507 3516 687 3582 ostendunt
708 3517 829 3583 menda
845 3518 997 3583 omnibus
1014 3517 1162 3602 apicibus
1180 3518 1310 3598 similia,

184 3784 208 3851 1)
226 3783 384 3856 [Frigelliua
401 3785 577 3856 Upsaliensie
595 3792 700 3857 praeter
714 3785 880 3854 Mediceum,
898 3789 1093 3855 Parieiensem,
1111 3788 1308 3843 Florentinum

223 3869 263 3925 St
284 3869 374 3926 Marci
395 3873 517 3927 contulit
538 3873 624 3927 etiam
649 3873 776 3926 codicem
793 3871 962 3928 Vaticanum
979 3891 1008 3926 n.
1027 3874 1107 3940 3329,
1138 3874 1249 3942 saculi,
1276 3880 1309 3929 ut

222 3960 311 4026 putat,
329 3957 381 4025 XI,
400 3963 467 4013 ante
485 3959 521 4012 ab
539 3959 572 4012 A
590 3957 724 4026 Zumptio
742 3962 1003 4024 commemoratum,
1028 3962 1058 4012 ot
1075 3957 1262 4013 Parisieneem
1280 3978 1306 4014 n.

219 4043 288 4096 ⁶⁷24
304 4042 549 4112 (Floriacensem),
574 4061 657 4113 quem
679 4042 826 4098 soeculoX
848 4045 985 4113 scriptum
1007 4044 1126 4111 iudicat3
1154 4045 1306 4113 scripturas

218 4131 326 4197 preater
341 4145 447 4198 paucae
464 4129 591 4184 nondum
609 4128 705 4185 edidit
746 4128 808 4183 Vid.
827 4128 947 4201 Frigell,
970 4129 1152 4185 Livianorum
1170 4130 1306 4184 librorum

218 4213 317 4283 prima
335 4213 449 4269 decadis
460 4213 629 4271 emendandi
640 4214 724 4284 ratio,
739 4212 806 4285 Ups.
823 4217 889 4271 1875
905 4215 949 4285 (40
962 4233 1045 4287 pagg.
1059 4213 1093 4282 8).
1122 4215 1305 4285 Upsaliensis,

218 4299 329 4366 seculi,
350 4304 383 4353 ut
404 4304 532 4368 putatur,
555 4300 594 4354 Xl
617 4302 766 4371 scriptura
788 4301 954 4357 radentem
977 4302 1066 4355 edidit
1091 4301 1305 4370 lliggetromins

218 4383 373 4454 (Excerpta
398 4384 531 4455 Liviana,
564 4384 658 4456 Upeal.
688 4385 764 4454 1875)
798 4387 927 4457 idemque
953 4384 1188 4441 Helmstadieneie
1216 4387 1302 4456 paulo

217 4468 378 4540 Upsaliensi
404 4475 489 4526 eante
512 4471 693 4540 posterioris,
722 4487 737 4525 e
764 4489 820 4541 quo
839 4473 976 4527 nonnulle
993 4470 1200 4526 Wernsdorfius
1219 4477 1300 4529 nota·

218 4560 306 4624 reret,
323 4556 353 4610 in
372 4554 450 4610 libris
468 4561 577 4626 septem
594 4557 703 4626 primis,
722 4561 824 4613 octavo
842 4558 968 4624 dimidio,
987 4555 1117 4625 decimo]

175 4639 201 4706 ¹)
220 4638 345 4695 Posthac
366 4640 411 4696 his
433 4642 510 4696 notis
528 4648 606 4711 utar,
628 4647 661 4697 ut
676 4642 707 4696 ll
724 4643 762 4696 sit
779 4641 935 4708 Mediceue,
957 4641 982 4695 R
1000 4641 1205 4698 vormatiensis
1223 4644 1298 4700 Rhe·

217 4725 294 4794 nani,
311 4725 333 4781 1³
351 4725 528 4796 Parieiensis,
545 4727 586 4781 Ll
605 4726 754 4783 Leidensis
771 4727 857 4797 prior,
875 4726 917 4781 111
936 4725 1102 4782 Harleianns
1119 4729 1207 4798 prior.
