<?xml version="1.0" encoding="UTF-8"?>
<!DOCTYPE html PUBLIC "-//W3C//DTD XHTML 1.0 Transitional//EN"
    "http://www.w3.org/TR/xhtml1/DTD/xhtml1-transitional.dtd">
<html xmlns="http://www.w3.org/1999/xhtml" xml:lang="en" lang="en">
 <head>
  <title>
</title>
<meta http-equiv="Content-Type" content="text/html;charset=utf-8" />
  <meta name='ocr-system' content='tesseract 3.04.00' />
  <meta name='ocr-capabilities' content='ocr_page ocr_carea ocr_par ocr_line ocrx_word'/>
</head>
<body>
  <div class='ocr_page' id='page_1' title='image "./emendationesliv01madvgoog_0322.png"; bbox 0 0 3060 5272; ppageno 0'>
   <div class='ocr_carea' id='block_1_1' title="bbox 704 818 1310 917">
    <p class='ocr_par' dir='ltr' id='par_1_1' title="bbox 704 818 1310 917">
     <span class='ocr_line' id='line_1_1' title="bbox 704 818 1310 917; baseline 0.012 -40"><span class='ocrx_word' id='word_1_1' title='bbox 704 818 764 878; x_wconf 88' lang='grc'>313</span> <span class='ocrx_word' id='word_1_2' title='bbox 1023 913 1025 917; x_wconf 14' lang='lat' dir='ltr'>y</span> <span class='ocrx_word' id='word_1_3' title='bbox 1127 831 1190 884; x_wconf 87' lang='lat' dir='ltr'>Lib.</span> <span class='ocrx_word' id='word_1_4' title='bbox 1208 831 1310 884; x_wconf 82' lang='lat' dir='ltr'>XXIII.</span> 
     </span>
    </p>
   </div>
   <div class='ocr_carea' id='block_1_2' title="bbox 115 999 1414 3977">
    <p class='ocr_par' dir='ltr' id='par_1_2' title="bbox 115 999 1414 3977">
     <span class='ocr_line' id='line_1_2' title="bbox 153 999 1311 1083; baseline 0.001 -17"><span class='ocrx_word' id='word_1_5' title='bbox 153 999 275 1079; x_wconf 87' lang='lat' dir='ltr'>tradit,</span> <span class='ocrx_word' id='word_1_6' title='bbox 309 1000 452 1083; x_wconf 85' lang='lat' dir='ltr'>cogitari</span> <span class='ocrx_word' id='word_1_7' title='bbox 480 1001 551 1065; x_wconf 83' lang='lat' dir='ltr'>rnlt</span> <span class='ocrx_word' id='word_1_8' title='bbox 580 1001 620 1066; x_wconf 91' lang='lat' dir='ltr'>de</span> <span class='ocrx_word' id='word_1_9' title='bbox 649 1002 856 1067; x_wconf 85' lang='lat' dir='ltr'>senatoribus</span> <span class='ocrx_word' id='word_1_10' title='bbox 884 1008 961 1065; x_wconf 86' lang='lat' dir='ltr'>ante</span> <span class='ocrx_word' id='word_1_11' title='bbox 991 1000 1033 1066; x_wconf 88' lang='lat' dir='ltr'>ab</span> <span class='ocrx_word' id='word_1_12' title='bbox 1063 1024 1101 1067; x_wconf 93' lang='lat' dir='ltr'>eo</span> <span class='ocrx_word' id='word_1_13' title='bbox 1129 1002 1311 1067; x_wconf 89' lang='lat' dir='ltr'>incuriam</span> 
     </span>
     <span class='ocr_line' id='line_1_3' title="bbox 154 1107 1312 1194; baseline 0.001 -20"><span class='ocrx_word' id='word_1_14' title='bbox 154 1109 280 1175; x_wconf 87' lang='lat' dir='ltr'>accitis.</span> <span class='ocrx_word' id='word_1_15' title='bbox 326 1108 371 1173; x_wconf 88' lang='lat' dir='ltr'>Et</span> <span class='ocrx_word' id='word_1_16' title='bbox 393 1107 463 1172; x_wconf 85' lang='lat' dir='ltr'>haec</span> <span class='ocrx_word' id='word_1_17' title='bbox 487 1109 673 1191; x_wconf 80' lang='lat' dir='ltr'>similiaque</span> <span class='ocrx_word' id='word_1_18' title='bbox 695 1111 729 1174; x_wconf 92' lang='lat' dir='ltr'>in</span> <span class='ocrx_word' id='word_1_19' title='bbox 752 1109 824 1174; x_wconf 92' lang='lat' dir='ltr'>aliis</span> <span class='ocrx_word' id='word_1_20' title='bbox 847 1110 927 1174; x_wconf 94' lang='lat' dir='ltr'>locis</span> <span class='ocrx_word' id='word_1_21' title='bbox 950 1111 1189 1192; x_wconf 73' lang='lat' dir='ltr'>excogitantur,</span> <span class='ocrx_word' id='word_1_22' title='bbox 1211 1132 1312 1194; x_wconf 92' lang='lat' dir='ltr'>quum</span> 
     </span>
     <span class='ocr_line' id='line_1_4' title="bbox 153 1216 1312 1299; baseline 0 -17"><span class='ocrx_word' id='word_1_23' title='bbox 153 1217 190 1282; x_wconf 90' lang='lat' dir='ltr'>in</span> <span class='ocrx_word' id='word_1_24' title='bbox 212 1217 326 1282; x_wconf 87' lang='lat' dir='ltr'>codice</span> <span class='ocrx_word' id='word_1_25' title='bbox 348 1216 385 1294; x_wconf 89' lang='lat' dir='ltr'>P,</span> <span class='ocrx_word' id='word_1_26' title='bbox 408 1237 429 1280; x_wconf 91' lang='lat' dir='ltr'>a</span> <span class='ocrx_word' id='word_1_27' title='bbox 452 1236 517 1297; x_wconf 92' lang='lat' dir='ltr'>quo</span> <span class='ocrx_word' id='word_1_28' title='bbox 540 1239 605 1281; x_wconf 92' lang='lat' dir='ltr'>uno</span> <span class='ocrx_word' id='word_1_29' title='bbox 629 1218 817 1299; x_wconf 84' lang='lat' dir='ltr'><strong>pendemus,</strong></span> <span class='ocrx_word' id='word_1_30' title='bbox 840 1218 1008 1282; x_wconf 88' lang='lat' dir='ltr'>videamus</span> <span class='ocrx_word' id='word_1_31' title='bbox 1030 1217 1078 1281; x_wconf 90' lang='lat' dir='ltr'>ita</span> <span class='ocrx_word' id='word_1_32' title='bbox 1099 1217 1312 1299; x_wconf 74' lang='lat' dir='ltr'>neglegenter</span> 
     </span>
     <span class='ocr_line' id='line_1_5' title="bbox 154 1323 1312 1407; baseline 0.002 -18"><span class='ocrx_word' id='word_1_33' title='bbox 154 1323 302 1390; x_wconf 76' lang='lat' dir='ltr'>litteram</span> <span class='ocrx_word' id='word_1_34' title='bbox 331 1346 360 1387; x_wconf 86' lang='grc' dir='ltr'>ι</span> <span class='ocrx_word' id='word_1_35' title='bbox 389 1330 546 1389; x_wconf 85' lang='lat' dir='ltr'>extremae</span> <span class='ocrx_word' id='word_1_36' title='bbox 580 1325 685 1390; x_wconf 87' lang='lat' dir='ltr'>vocali</span> <span class='ocrx_word' id='word_1_37' title='bbox 704 1324 799 1403; x_wconf 44' lang='lat' dir='ltr'>,addi</span> <span class='ocrx_word' id='word_1_38' title='bbox 828 1324 1013 1400; x_wconf 87' lang='lat' dir='ltr'>detrahive,</span> <span class='ocrx_word' id='word_1_39' title='bbox 1047 1332 1084 1389; x_wconf 92' lang='lat' dir='ltr'>ut</span> <span class='ocrx_word' id='word_1_40' title='bbox 1111 1345 1217 1407; x_wconf 92' lang='lat' dir='ltr'>pauca</span> <span class='ocrx_word' id='word_1_41' title='bbox 1246 1326 1312 1391; x_wconf 88' lang='lat' dir='ltr'>sint</span> 
     </span>
     <span class='ocr_line' id='line_1_6' title="bbox 156 1432 1312 1516; baseline -0.001 -19"><span class='ocrx_word' id='word_1_42' title='bbox 156 1433 283 1516; x_wconf 87' lang='lat' dir='ltr'>capita,</span> <span class='ocrx_word' id='word_1_43' title='bbox 317 1435 351 1498; x_wconf 89' lang='lat' dir='ltr'>in</span> <span class='ocrx_word' id='word_1_44' title='bbox 387 1432 508 1515; x_wconf 90' lang='lat' dir='ltr'>quibus</span> <span class='ocrx_word' id='word_1_45' title='bbox 542 1453 608 1497; x_wconf 91' lang='lat' dir='ltr'>non</span> <span class='ocrx_word' id='word_1_46' title='bbox 635 1433 670 1495; x_wconf 91' lang='lat' dir='ltr'>in</span> <span class='ocrx_word' id='word_1_47' title='bbox 696 1432 759 1497; x_wconf 94' lang='lat' dir='ltr'>hoc</span> <span class='ocrx_word' id='word_1_48' title='bbox 781 1454 901 1515; x_wconf 86' lang='lat' dir='ltr'>genere</span> <span class='ocrx_word' id='word_1_49' title='bbox 924 1439 1067 1510; x_wconf 90' lang='lat' dir='ltr'>erretur,</span> <span class='ocrx_word' id='word_1_50' title='bbox 1102 1453 1167 1498; x_wconf 90' lang='lat' dir='ltr'>non</span> <span class='ocrx_word' id='word_1_51' title='bbox 1194 1452 1312 1515; x_wconf 87' lang='lat' dir='ltr'>pauca,</span> 
     </span>
     <span class='ocr_line' id='line_1_7' title="bbox 115 1540 1312 1623; baseline 0.003 -22"><span class='ocrx_word' id='word_1_52' title='bbox 115 1597 118 1601; x_wconf 87' lang='lat'>.</span> <span class='ocrx_word' id='word_1_53' title='bbox 155 1540 332 1622; x_wconf 90' lang='lat' dir='ltr'>inquibus</span> <span class='ocrx_word' id='word_1_54' title='bbox 356 1540 526 1623; x_wconf 86' lang='lat' dir='ltr'>saepius.¹)</span> <span class='ocrx_word' id='word_1_55' title='bbox 581 1540 697 1623; x_wconf 84' lang='lat' dir='ltr'>ltaque</span> <span class='ocrx_word' id='word_1_56' title='bbox 721 1540 986 1605; x_wconf 86' lang='lat' dir='ltr'>Weissenbornio</span> <span class='ocrx_word' id='word_1_57' title='bbox 1015 1542 1053 1604; x_wconf 77' lang='lat' dir='ltr'>iu</span> <span class='ocrx_word' id='word_1_58' title='bbox 1077 1547 1219 1605; x_wconf 87' lang='lat' dir='ltr'>mentem</span> <span class='ocrx_word' id='word_1_59' title='bbox 1246 1562 1312 1604; x_wconf 90' lang='lat' dir='ltr'>non</span> 
     </span>
     <span class='ocr_line' id='line_1_8' title="bbox 155 1645 1311 1730; baseline -0.001 -18"><span class='ocrx_word' id='word_1_60' title='bbox 155 1649 244 1713; x_wconf 86' lang='lat' dir='ltr'>venit</span> <span class='ocrx_word' id='word_1_61' title='bbox 264 1649 409 1714; x_wconf 88' lang='lat' dir='ltr'>retinere</span> <span class='ocrx_word' id='word_1_62' title='bbox 434 1669 461 1712; x_wconf 95' lang='lat' dir='ltr'>c.</span> <span class='ocrx_word' id='word_1_63' title='bbox 486 1653 514 1726; x_wconf 88' lang='lat'>5,</span> <span class='ocrx_word' id='word_1_64' title='bbox 540 1652 578 1711; x_wconf 89' lang='lat'>13</span> <span class='ocrx_word' id='word_1_65' title='bbox 602 1648 738 1730; x_wconf 92' lang='lat' dir='ltr'>genito</span> <span class='ocrx_word' id='word_1_66' title='bbox 762 1650 801 1712; x_wconf 92' lang='lat' dir='ltr'>in</span> <span class='ocrx_word' id='word_1_67' title='bbox 824 1648 990 1713; x_wconf 90' lang='lat' dir='ltr'>ltaliam</span> <span class='ocrx_word' id='word_1_68' title='bbox 1013 1645 1185 1729; x_wconf 77' lang='lat' dir='ltr'>(Pcvoss,</span> <span class='ocrx_word' id='word_1_69' title='bbox 1208 1646 1311 1726; x_wconf 84' lang='lat' dir='ltr'>Harl,</span> 
     </span>
     <span class='ocr_line' id='line_1_9' title="bbox 156 1755 1312 1838; baseline 0.001 -18"><span class='ocrx_word' id='word_1_70' title='bbox 156 1755 249 1836; x_wconf 90' lang='lat' dir='ltr'>cett.)</span> <span class='ocrx_word' id='word_1_71' title='bbox 272 1761 332 1821; x_wconf 89' lang='lat' dir='ltr'>aut</span> <span class='ocrx_word' id='word_1_72' title='bbox 363 1760 417 1835; x_wconf 86' lang='lat'>13,</span> <span class='ocrx_word' id='word_1_73' title='bbox 451 1761 464 1819; x_wconf 93' lang='grc'><strong>1</strong></span> <span class='ocrx_word' id='word_1_74' title='bbox 490 1755 659 1820; x_wconf 85' lang='lat' dir='ltr'>facilius</span> <span class='ocrx_word' id='word_1_75' title='bbox 688 1757 835 1827; x_wconf 85' lang='lat' dir='ltr'>scitum</span> <span class='ocrx_word' id='word_1_76' title='bbox 864 1763 925 1820; x_wconf 94' lang='lat' dir='ltr'>est</span> <span class='ocrx_word' id='word_1_77' title='bbox 954 1756 1055 1838; x_wconf 85' lang='lat' dir='ltr'>(quod</span> <span class='ocrx_word' id='word_1_78' title='bbox 1083 1763 1193 1820; x_wconf 91' lang='lat' dir='ltr'>tamen</span> <span class='ocrx_word' id='word_1_79' title='bbox 1222 1776 1312 1821; x_wconf 88' lang='lat' dir='ltr'>ama·</span> 
     </span>
     <span class='ocr_line' id='line_1_10' title="bbox 155 1862 1312 1941; baseline 0 -13"><span class='ocrx_word' id='word_1_80' title='bbox 155 1870 260 1929; x_wconf 87' lang='lat' dir='ltr'>torem</span> <span class='ocrx_word' id='word_1_81' title='bbox 299 1863 418 1928; x_wconf 90' lang='lat' dir='ltr'>habuit</span> <span class='ocrx_word' id='word_1_82' title='bbox 457 1863 576 1928; x_wconf 87' lang='lat' dir='ltr'>fortem</span> <span class='ocrx_word' id='word_1_83' title='bbox 616 1862 796 1937; x_wconf 91' lang='lat' dir='ltr'>hominem,</span> <span class='ocrx_word' id='word_1_84' title='bbox 831 1862 1103 1941; x_wconf 79' lang='lat' dir='ltr'>Alschefskinm);</span> <span class='ocrx_word' id='word_1_85' title='bbox 1143 1863 1201 1927; x_wconf 86' lang='lat' dir='ltr'>sed</span> <span class='ocrx_word' id='word_1_86' title='bbox 1235 1884 1312 1928; x_wconf 91' lang='lat' dir='ltr'>ecce</span> 
     </span>
     <span class='ocr_line' id='line_1_11' title="bbox 155 1970 1312 2054; baseline 0 -18"><span class='ocrx_word' id='word_1_87' title='bbox 155 1971 264 2037; x_wconf 87' lang='lat' dir='ltr'>subito</span> <span class='ocrx_word' id='word_1_88' title='bbox 286 1973 321 2036; x_wconf 93' lang='lat' dir='ltr'>in</span> <span class='ocrx_word' id='word_1_89' title='bbox 344 1992 416 2054; x_wconf 90' lang='lat' dir='ltr'>cap.</span> <span class='ocrx_word' id='word_1_90' title='bbox 446 1975 493 2048; x_wconf 91' lang='lat'>12,</span> <span class='ocrx_word' id='word_1_91' title='bbox 527 1976 564 2035; x_wconf 82' lang='lat'>15</span> <span class='ocrx_word' id='word_1_92' title='bbox 588 1971 789 2036; x_wconf 85' lang='lat' dir='ltr'>defenditur:</span> <span class='ocrx_word' id='word_1_93' title='bbox 820 1973 859 2036; x_wconf 92' lang='lat' dir='ltr'>in</span> <span class='ocrx_word' id='word_1_94' title='bbox 888 1970 1162 2037; x_wconf 87' lang='lat' dir='ltr'>deiectionem</span> <span class='ocrx_word' id='word_1_95' title='bbox 1185 1979 1312 2036; x_wconf 91' lang='lat' dir='ltr'>totam</span> 
     </span>
     <span class='ocr_line' id='line_1_12' title="bbox 156 2079 1414 2163; baseline 0.002 -20"><span class='ocrx_word' id='word_1_96' title='bbox 156 2079 324 2144; x_wconf 89' lang='lat' dir='ltr'>ltaliam</span> <span class='ocrx_word' id='word_1_97' title='bbox 347 2100 451 2157; x_wconf 91' lang='lat' dir='ltr'>esse,</span> <span class='ocrx_word' id='word_1_98' title='bbox 481 2081 560 2161; x_wconf 90' lang='lat' dir='ltr'>quia</span> <span class='ocrx_word' id='word_1_99' title='bbox 583 2079 728 2144; x_wconf 90' lang='lat' dir='ltr'>nondum</span> <span class='ocrx_word' id='word_1_100' title='bbox 750 2079 903 2144; x_wconf 91' lang='lat' dir='ltr'>absoluta</span> <span class='ocrx_word' id='word_1_101' title='bbox 926 2079 1066 2144; x_wconf 84' lang='lat' dir='ltr'>defectio</span> <span class='ocrx_word' id='word_1_102' title='bbox 1091 2081 1143 2144; x_wconf 87' lang='lat' dir='ltr'>sit.</span> <span class='ocrx_word' id='word_1_103' title='bbox 1195 2080 1313 2163; x_wconf 90' lang='lat' dir='ltr'>ltaque</span> <span class='ocrx_word' id='word_1_104' title='bbox 1410 2104 1414 2111; x_wconf 62' lang='lat'><em>¹</em></span> 
     </span>
     <span class='ocr_line' id='line_1_13' title="bbox 156 2186 1312 2271; baseline 0.002 -20"><span class='ocrx_word' id='word_1_105' title='bbox 156 2186 298 2270; x_wconf 90' lang='lat' dir='ltr'>posthac</span> <span class='ocrx_word' id='word_1_106' title='bbox 320 2208 387 2251; x_wconf 92' lang='lat' dir='ltr'>non</span> <span class='ocrx_word' id='word_1_107' title='bbox 411 2189 445 2252; x_wconf 90' lang='lat' dir='ltr'>in</span> <span class='ocrx_word' id='word_1_108' title='bbox 470 2208 586 2270; x_wconf 90' lang='lat' dir='ltr'>opere,</span> <span class='ocrx_word' id='word_1_109' title='bbox 614 2188 649 2250; x_wconf 89' lang='lat' dir='ltr'>in</span> <span class='ocrx_word' id='word_1_110' title='bbox 672 2188 799 2265; x_wconf 91' lang='lat' dir='ltr'>itinere,</span> <span class='ocrx_word' id='word_1_111' title='bbox 827 2189 861 2251; x_wconf 89' lang='lat' dir='ltr'>in</span> <span class='ocrx_word' id='word_1_112' title='bbox 883 2187 1101 2271; x_wconf 84' lang='lat' dir='ltr'>expeditione,</span> <span class='ocrx_word' id='word_1_113' title='bbox 1130 2189 1164 2251; x_wconf 93' lang='lat' dir='ltr'>in</span> <span class='ocrx_word' id='word_1_114' title='bbox 1188 2189 1312 2271; x_wconf 86' lang='lat' dir='ltr'>cogita·</span> 
     </span>
     <span class='ocr_line' id='line_1_14' title="bbox 156 2294 1312 2377; baseline 0.002 -19"><span class='ocrx_word' id='word_1_115' title='bbox 156 2295 245 2360; x_wconf 88' lang='lat' dir='ltr'>tione</span> <span class='ocrx_word' id='word_1_116' title='bbox 278 2295 391 2377; x_wconf 89' lang='lat' dir='ltr'>aliqua</span> <span class='ocrx_word' id='word_1_117' title='bbox 424 2294 624 2360; x_wconf 88' lang='lat' dir='ltr'>similibusve</span> <span class='ocrx_word' id='word_1_118' title='bbox 658 2315 728 2359; x_wconf 89' lang='lat' dir='ltr'>esse</span> <span class='ocrx_word' id='word_1_119' title='bbox 763 2295 923 2371; x_wconf 90' lang='lat' dir='ltr'>dicemur,</span> <span class='ocrx_word' id='word_1_120' title='bbox 963 2295 997 2358; x_wconf 90' lang='lat' dir='ltr'>in</span> <span class='ocrx_word' id='word_1_121' title='bbox 1037 2294 1155 2377; x_wconf 91' lang='lat' dir='ltr'>quibus</span> <span class='ocrx_word' id='word_1_122' title='bbox 1196 2295 1312 2360; x_wconf 89' lang='lat' dir='ltr'>mediis</span> 
     </span>
     <span class='ocr_line' id='line_1_15' title="bbox 156 2402 1399 2490; baseline 0.002 -25"><span class='ocrx_word' id='word_1_123' title='bbox 156 2423 336 2480; x_wconf 84' lang='lat' dir='ltr'>versamur,</span> <span class='ocrx_word' id='word_1_124' title='bbox 377 2402 435 2467; x_wconf 91' lang='lat' dir='ltr'>sed</span> <span class='ocrx_word' id='word_1_125' title='bbox 476 2403 514 2467; x_wconf 90' lang='lat' dir='ltr'>in</span> <span class='ocrx_word' id='word_1_126' title='bbox 555 2403 853 2484; x_wconf 81' lang='lat' dir='ltr'>cogitationem</span> <span class='ocrx_word' id='word_1_127' title='bbox 886 2424 993 2481; x_wconf 76' lang='lat' dir='ltr'>esse,</span> <span class='ocrx_word' id='word_1_128' title='bbox 1036 2402 1093 2466; x_wconf 86' lang='lat' dir='ltr'>sed</span> <span class='ocrx_word' id='word_1_129' title='bbox 1128 2409 1238 2467; x_wconf 89' lang='lat' dir='ltr'>tamen</span> <span class='ocrx_word' id='word_1_130' title='bbox 1270 2405 1399 2490; x_wconf 64' lang='lat' dir='ltr'>inpar)</span> 
     </span>
     <span class='ocr_line' id='line_1_16' title="bbox 156 2510 1314 2588; baseline -0.001 -13"><span class='ocrx_word' id='word_1_131' title='bbox 156 2511 349 2576; x_wconf 86' lang='lat' dir='ltr'>maximos</span> <span class='ocrx_word' id='word_1_132' title='bbox 389 2517 520 2576; x_wconf 91' lang='lat' dir='ltr'>motus</span> <span class='ocrx_word' id='word_1_133' title='bbox 562 2530 648 2575; x_wconf 90' lang='lat' dir='ltr'>esse</span> <span class='ocrx_word' id='word_1_134' title='bbox 682 2532 748 2574; x_wconf 92' lang='lat' dir='ltr'>non</span> <span class='ocrx_word' id='word_1_135' title='bbox 783 2511 943 2588; x_wconf 80' lang='lat' dir='ltr'>rlicemur3</span> <span class='ocrx_word' id='word_1_136' title='bbox 982 2531 1058 2573; x_wconf 90' lang='lat' dir='ltr'>nam</span> <span class='ocrx_word' id='word_1_137' title='bbox 1091 2510 1152 2574; x_wconf 90' lang='lat' dir='ltr'>hoc</span> <span class='ocrx_word' id='word_1_138' title='bbox 1186 2510 1314 2575; x_wconf 88' lang='lat' dir='ltr'>librarii</span> 
     </span>
     <span class='ocr_line' id='line_1_17' title="bbox 155 2616 1312 2701; baseline -0.002 -18"><span class='ocrx_word' id='word_1_139' title='bbox 155 2617 284 2683; x_wconf 80' lang='lat' dir='ltr'>lineolae</span> <span class='ocrx_word' id='word_1_140' title='bbox 307 2618 492 2684; x_wconf 89' lang='lat' dir='ltr'>adiectione</span> <span class='ocrx_word' id='word_1_141' title='bbox 515 2618 639 2701; x_wconf 86' lang='lat' dir='ltr'>fingere</span> <span class='ocrx_word' id='word_1_142' title='bbox 662 2640 727 2683; x_wconf 92' lang='lat' dir='ltr'>non</span> <span class='ocrx_word' id='word_1_143' title='bbox 750 2624 934 2700; x_wconf 89' lang='lat' dir='ltr'>potnerunt.</span> <span class='ocrx_word' id='word_1_144' title='bbox 981 2616 1066 2697; x_wconf 84' lang='lat' dir='ltr'>(Vid.</span> <span class='ocrx_word' id='word_1_145' title='bbox 1091 2638 1191 2699; x_wconf 90' lang='lat' dir='ltr'>supra</span> <span class='ocrx_word' id='word_1_146' title='bbox 1213 2639 1244 2700; x_wconf 95' lang='lat' dir='ltr'>p.</span> <span class='ocrx_word' id='word_1_147' title='bbox 1268 2618 1312 2700; x_wconf 88' lang='lat'>8.)</span> 
     </span>
     <span class='ocr_line' id='line_1_18' title="bbox 157 2724 1313 2808; baseline 0 -17"><span class='ocrx_word' id='word_1_148' title='bbox 157 2726 296 2804; x_wconf 84' lang='lat' dir='ltr'>Quando</span> <span class='ocrx_word' id='word_1_149' title='bbox 331 2725 381 2790; x_wconf 86' lang='lat' dir='ltr'>hec</span> <span class='ocrx_word' id='word_1_150' title='bbox 415 2746 510 2808; x_wconf 84' lang='lat' dir='ltr'>nugae</span> <span class='ocrx_word' id='word_1_151' title='bbox 544 2727 663 2792; x_wconf 87' lang='lat' dir='ltr'>saltem</span> <span class='ocrx_word' id='word_1_152' title='bbox 692 2724 906 2789; x_wconf 81' lang='lat' dir='ltr'>Alschefskiis</span> <span class='ocrx_word' id='word_1_153' title='bbox 940 2724 1190 2807; x_wconf 76' lang='lat' dir='ltr'>relinquentur?</span> <span class='ocrx_word' id='word_1_154' title='bbox 1223 2726 1313 2791; x_wconf 79' lang='lat' dir='ltr'>Alios</span> 
     </span>
     <span class='ocr_line' id='line_1_19' title="bbox 156 2831 1314 2918; baseline -0.001 -20"><span class='ocrx_word' id='word_1_155' title='bbox 156 2855 284 2900; x_wconf 86' lang='lat' dir='ltr'>errores</span> <span class='ocrx_word' id='word_1_156' title='bbox 306 2835 460 2917; x_wconf 84' lang='lat' dir='ltr'>persequi</span> <span class='ocrx_word' id='word_1_157' title='bbox 483 2855 589 2918; x_wconf 88' lang='lat' dir='ltr'>neque</span> <span class='ocrx_word' id='word_1_158' title='bbox 613 2841 708 2898; x_wconf 89' lang='lat' dir='ltr'>vacat</span> <span class='ocrx_word' id='word_1_159' title='bbox 731 2855 836 2915; x_wconf 91' lang='lat' dir='ltr'>neque</span> <span class='ocrx_word' id='word_1_160' title='bbox 860 2855 943 2915; x_wconf 90' lang='lat' dir='ltr'>opus</span> <span class='ocrx_word' id='word_1_161' title='bbox 967 2838 1025 2909; x_wconf 92' lang='lat' dir='ltr'>est,</span> <span class='ocrx_word' id='word_1_162' title='bbox 1049 2831 1148 2896; x_wconf 89' lang='lat' dir='ltr'>semel</span> <span class='ocrx_word' id='word_1_163' title='bbox 1166 2832 1314 2898; x_wconf 88' lang='lat' dir='ltr'>admoni-</span> 
     </span>
     <span class='ocr_line' id='line_1_20' title="bbox 155 2941 1315 3025; baseline 0.001 -20"><span class='ocrx_word' id='word_1_164' title='bbox 155 2942 246 3007; x_wconf 89' lang='lat' dir='ltr'>tione</span> <span class='ocrx_word' id='word_1_165' title='bbox 269 2942 388 3025; x_wconf 87' lang='lat' dir='ltr'>posita.</span> <span class='ocrx_word' id='word_1_166' title='bbox 440 2941 563 3006; x_wconf 85' lang='lat' dir='ltr'>Eadem</span> <span class='ocrx_word' id='word_1_167' title='bbox 587 2944 673 3006; x_wconf 91' lang='lat' dir='ltr'>enim</span> <span class='ocrx_word' id='word_1_168' title='bbox 697 2942 859 3024; x_wconf 87' lang='lat' dir='ltr'>pravitate</span> <span class='ocrx_word' id='word_1_169' title='bbox 882 2947 916 3004; x_wconf 91' lang='lat' dir='ltr'>et</span> <span class='ocrx_word' id='word_1_170' title='bbox 937 2941 1161 3005; x_wconf 83' lang='lat' dir='ltr'>inconstantia</span> <span class='ocrx_word' id='word_1_171' title='bbox 1183 2947 1315 3007; x_wconf 87' lang='lat' dir='ltr'>tenetur</span> 
     </span>
     <span class='ocr_line' id='line_1_21' title="bbox 156 3030 1312 3133; baseline -0.001 -19"><span class='ocrx_word' id='word_1_172' title='bbox 156 3049 235 3130; x_wconf 90' lang='lat' dir='ltr'>(uisi</span> <span class='ocrx_word' id='word_1_173' title='bbox 257 3049 346 3131; x_wconf 82' lang='lat' dir='ltr'>quorl</span> <span class='ocrx_word' id='word_1_174' title='bbox 368 3051 599 3133; x_wconf 89' lang='lat' dir='ltr'>antiquissima</span> <span class='ocrx_word' id='word_1_175' title='bbox 621 3050 829 3133; x_wconf 90' lang='lat' dir='ltr'>neglegentia</span> <span class='ocrx_word' id='word_1_176' title='bbox 851 3030 923 3114; x_wconf 85' lang='lat' dir='ltr'>esse</span> <span class='ocrx_word' id='word_1_177' title='bbox 946 3048 1070 3131; x_wconf 87' lang='lat' dir='ltr'>potest)</span> <span class='ocrx_word' id='word_1_178' title='bbox 1093 3048 1196 3128; x_wconf 86' lang='lat' dir='ltr'>XXII,</span> <span class='ocrx_word' id='word_1_179' title='bbox 1221 3053 1271 3128; x_wconf 81' lang='lat'>25,</span> <span class='ocrx_word' id='word_1_180' title='bbox 1294 3053 1312 3113; x_wconf 87' lang='grc'><strong>6</strong></span> 
     </span>
     <span class='ocr_line' id='line_1_22' title="bbox 155 3156 1314 3239; baseline 0 -18"><span class='ocrx_word' id='word_1_181' title='bbox 155 3157 195 3221; x_wconf 96' lang='lat' dir='ltr'>in</span> <span class='ocrx_word' id='word_1_182' title='bbox 217 3156 450 3222; x_wconf 88' lang='lat' dir='ltr'>custodiam</span> <span class='ocrx_word' id='word_1_183' title='bbox 472 3157 665 3237; x_wconf 91' lang='lat' dir='ltr'>habitum,</span> <span class='ocrx_word' id='word_1_184' title='bbox 688 3159 720 3221; x_wconf 92' lang='lat' dir='ltr'>in</span> <span class='ocrx_word' id='word_1_185' title='bbox 744 3158 859 3236; x_wconf 89' lang='lat' dir='ltr'>XXIV,</span> <span class='ocrx_word' id='word_1_186' title='bbox 886 3163 912 3236; x_wconf 91' lang='grc'>1,</span> <span class='ocrx_word' id='word_1_187' title='bbox 937 3161 975 3220; x_wconf 91' lang='grc'>13</span> <span class='ocrx_word' id='word_1_188' title='bbox 998 3157 1037 3221; x_wconf 91' lang='lat' dir='ltr'>in</span> <span class='ocrx_word' id='word_1_189' title='bbox 1061 3163 1314 3239; x_wconf 90' lang='lat' dir='ltr'>potestatem</span> 
     </span>
     <span class='ocr_line' id='line_1_23' title="bbox 158 3260 1314 3348; baseline 0.002 -19"><span class='ocrx_word' id='word_1_190' title='bbox 158 3264 423 3330; x_wconf 86' lang='lat' dir='ltr'>Locrensium</span> <span class='ocrx_word' id='word_1_191' title='bbox 446 3273 571 3345; x_wconf 89' lang='lat' dir='ltr'>esset,</span> <span class='ocrx_word' id='word_1_192' title='bbox 592 3260 656 3330; x_wconf 49' lang='lat' dir='ltr'>‘sed</span> <span class='ocrx_word' id='word_1_193' title='bbox 681 3267 796 3330; x_wconf 74' lang='lat' dir='ltr'>eorlem</span> <span class='ocrx_word' id='word_1_194' title='bbox 819 3267 926 3348; x_wconf 92' lang='lat' dir='ltr'>capite</span> <span class='ocrx_word' id='word_1_195' title='bbox 949 3264 966 3347; x_wconf 55' lang='grc' dir='ltr'>ᾗ</span> <span class='ocrx_word' id='word_1_196' title='bbox 990 3270 1008 3329; x_wconf 94' lang='grc'><strong>6</strong></span> <span class='ocrx_word' id='word_1_197' title='bbox 1032 3271 1066 3328; x_wconf 91' lang='lat' dir='ltr'>et</span> <span class='ocrx_word' id='word_1_198' title='bbox 1089 3285 1117 3328; x_wconf 88' lang='lat' dir='ltr'>o.</span> <span class='ocrx_word' id='word_1_199' title='bbox 1141 3268 1192 3344; x_wconf 88' lang='lat'>21,</span> <span class='ocrx_word' id='word_1_200' title='bbox 1218 3269 1257 3328; x_wconf 88' lang='lat'>12</span> <span class='ocrx_word' id='word_1_201' title='bbox 1280 3272 1314 3331; x_wconf 92' lang='lat' dir='ltr'>et</span> 
     </span>
     <span class='ocr_line' id='line_1_24' title="bbox 156 3373 1313 3457; baseline 0 -19"><span class='ocrx_word' id='word_1_202' title='bbox 156 3394 184 3438; x_wconf 89' lang='lat' dir='ltr'>c.</span> <span class='ocrx_word' id='word_1_203' title='bbox 207 3377 264 3451; x_wconf 89' lang='lat'>22,</span> <span class='ocrx_word' id='word_1_204' title='bbox 296 3377 335 3437; x_wconf 91' lang='lat'>10</span> <span class='ocrx_word' id='word_1_205' title='bbox 357 3373 396 3437; x_wconf 93' lang='lat' dir='ltr'>in</span> <span class='ocrx_word' id='word_1_206' title='bbox 419 3380 643 3457; x_wconf 87' lang='lat' dir='ltr'>potestate,</span> <span class='ocrx_word' id='word_1_207' title='bbox 673 3379 705 3438; x_wconf 92' lang='lat' dir='ltr'>et</span> <span class='ocrx_word' id='word_1_208' title='bbox 729 3373 849 3452; x_wconf 91' lang='lat' dir='ltr'>XXIV,</span> <span class='ocrx_word' id='word_1_209' title='bbox 879 3379 913 3451; x_wconf 94' lang='grc'>8,</span> <span class='ocrx_word' id='word_1_210' title='bbox 945 3377 959 3435; x_wconf 98' lang='grc'><strong>1</strong></span> <span class='ocrx_word' id='word_1_211' title='bbox 985 3373 1152 3456; x_wconf 87' lang='lat' dir='ltr'>spernitur</span> <span class='ocrx_word' id='word_1_212' title='bbox 1174 3393 1313 3456; x_wconf 88' lang='lat' dir='ltr'>pacem</span> 
     </span>
     <span class='ocr_line' id='line_1_25' title="bbox 156 3477 1313 3562; baseline 0 -18"><span class='ocrx_word' id='word_1_213' title='bbox 156 3481 196 3544; x_wconf 92' lang='lat' dir='ltr'>in</span> <span class='ocrx_word' id='word_1_214' title='bbox 230 3480 395 3555; x_wconf 83' lang='lat' dir='ltr'>Italiam</span> <span class='ocrx_word' id='word_1_215' title='bbox 431 3517 473 3527; x_wconf 90' lang='lat'>-—</span> <span class='ocrx_word' id='word_1_216' title='bbox 502 3481 763 3559; x_wconf 89' lang='lat' dir='ltr'>haberemus,</span> <span class='ocrx_word' id='word_1_217' title='bbox 803 3481 919 3547; x_wconf 89' lang='lat' dir='ltr'>eodem</span> <span class='ocrx_word' id='word_1_218' title='bbox 954 3501 1025 3562; x_wconf 91' lang='lat' dir='ltr'>cap.</span> <span class='ocrx_word' id='word_1_219' title='bbox 1056 3477 1073 3561; x_wconf 62' lang='grc' dir='ltr'>ᾗ</span> <span class='ocrx_word' id='word_1_220' title='bbox 1111 3484 1148 3543; x_wconf 91' lang='grc'>18</span> <span class='ocrx_word' id='word_1_221' title='bbox 1183 3485 1313 3544; x_wconf 87' lang='lat' dir='ltr'>tenetur</span> 
     </span>
     <span class='ocr_line' id='line_1_26' title="bbox 156 3587 1312 3671; baseline -0.001 -18"><span class='ocrx_word' id='word_1_222' title='bbox 156 3587 369 3653; x_wconf 86' lang='lat' dir='ltr'>stantibus</span> <span class='ocrx_word' id='word_1_223' title='bbox 404 3590 519 3654; x_wconf 82' lang='lat' dir='ltr'>vobis</span> <span class='ocrx_word' id='word_1_224' title='bbox 553 3591 591 3654; x_wconf 92' lang='lat' dir='ltr'>in</span> <span class='ocrx_word' id='word_1_225' title='bbox 626 3591 764 3653; x_wconf 92' lang='lat' dir='ltr'>aciem.</span> <span class='ocrx_word' id='word_1_226' title='bbox 822 3589 934 3671; x_wconf 89' lang='lat' dir='ltr'>Neque</span> <span class='ocrx_word' id='word_1_227' title='bbox 968 3588 1075 3651; x_wconf 87' lang='lat' dir='ltr'>minus</span> <span class='ocrx_word' id='word_1_228' title='bbox 1109 3588 1228 3652; x_wconf 84' lang='lat' dir='ltr'>vitiosa</span> <span class='ocrx_word' id='word_1_229' title='bbox 1257 3589 1312 3652; x_wconf 93' lang='lat' dir='ltr'>de·</span> 
     </span>
     <span class='ocr_line' id='line_1_27' title="bbox 155 3692 1313 3774; baseline -0.001 -14"><span class='ocrx_word' id='word_1_230' title='bbox 155 3697 276 3760; x_wconf 89' lang='lat' dir='ltr'>tractio</span> <span class='ocrx_word' id='word_1_231' title='bbox 310 3696 430 3761; x_wconf 87' lang='lat' dir='ltr'>litterae</span> <span class='ocrx_word' id='word_1_232' title='bbox 464 3703 516 3761; x_wconf 90' lang='lat' dir='ltr'>est</span> <span class='ocrx_word' id='word_1_233' title='bbox 548 3698 581 3760; x_wconf 94' lang='lat' dir='ltr'>in</span> <span class='ocrx_word' id='word_1_234' title='bbox 615 3696 678 3762; x_wconf 95' lang='lat' dir='ltr'>hoc</span> <span class='ocrx_word' id='word_1_235' title='bbox 708 3697 793 3761; x_wconf 91' lang='lat' dir='ltr'>libro</span> <span class='ocrx_word' id='word_1_236' title='bbox 824 3716 850 3759; x_wconf 92' lang='lat' dir='ltr'>c.</span> <span class='ocrx_word' id='word_1_237' title='bbox 874 3699 931 3773; x_wconf 83' lang='lat'>48,</span> <span class='ocrx_word' id='word_1_238' title='bbox 965 3699 983 3758; x_wconf 90' lang='grc'>3</span> <span class='ocrx_word' id='word_1_239' title='bbox 1015 3692 1240 3774; x_wconf 84' lang='lat' dir='ltr'>(Luceriam</span> <span class='ocrx_word' id='word_1_240' title='bbox 1272 3695 1313 3759; x_wconf 94' lang='lat' dir='ltr'>in</span> 
     </span>
     <span class='ocr_line' id='line_1_28' title="bbox 155 3799 1312 3887; baseline 0 -21"><span class='ocrx_word' id='word_1_241' title='bbox 155 3802 306 3887; x_wconf 78' lang='lat' dir='ltr'>Apulia</span> <span class='ocrx_word' id='word_1_242' title='bbox 328 3803 515 3887; x_wconf 89' lang='lat' dir='ltr'>legiones</span> <span class='ocrx_word' id='word_1_243' title='bbox 539 3803 699 3882; x_wconf 85' lang='lat' dir='ltr'>ducere)</span> <span class='ocrx_word' id='word_1_244' title='bbox 723 3804 836 3867; x_wconf 90' lang='lat' dir='ltr'>autin</span> <span class='ocrx_word' id='word_1_245' title='bbox 860 3803 1031 3886; x_wconf 88' lang='lat' dir='ltr'>superiore</span> <span class='ocrx_word' id='word_1_246' title='bbox 1054 3799 1186 3881; x_wconf 84' lang='lat' dir='ltr'>(XXII),</span> <span class='ocrx_word' id='word_1_247' title='bbox 1209 3806 1259 3879; x_wconf 80' lang='lat'>57,</span> <span class='ocrx_word' id='word_1_248' title='bbox 1283 3806 1312 3880; x_wconf 90' lang='grc'>6,</span> 
     </span>
     <span class='ocr_line' id='line_1_29' title="bbox 155 3909 1311 3977; baseline -0.002 -1"><span class='ocrx_word' id='word_1_249' title='bbox 155 3909 214 3976; x_wconf 86' lang='lat' dir='ltr'>ubi</span> <span class='ocrx_word' id='word_1_250' title='bbox 246 3918 337 3976; x_wconf 92' lang='lat' dir='ltr'>recte</span> <span class='ocrx_word' id='word_1_251' title='bbox 366 3911 517 3977; x_wconf 80' lang='lat' dir='ltr'>llulrerus</span> <span class='ocrx_word' id='word_1_252' title='bbox 552 3910 652 3977; x_wconf 88' lang='lat' dir='ltr'>scribi</span> <span class='ocrx_word' id='word_1_253' title='bbox 685 3911 802 3976; x_wconf 89' lang='lat' dir='ltr'>voluit:</span> <span class='ocrx_word' id='word_1_254' title='bbox 837 3911 911 3975; x_wconf 91' lang='lat' dir='ltr'>sub</span> <span class='ocrx_word' id='word_1_255' title='bbox 944 3917 1098 3974; x_wconf 91' lang='lat' dir='ltr'>terram</span> <span class='ocrx_word' id='word_1_256' title='bbox 1132 3910 1209 3972; x_wconf 86' lang='lat' dir='ltr'>viri</span> <span class='ocrx_word' id='word_1_257' title='bbox 1244 3909 1311 3974; x_wconf 91' lang='lat' dir='ltr'>de·</span> 
     </span>
    </p>
   </div>
   <div class='ocr_carea' id='block_1_3' title="bbox 183 4184 1312 4684">
    <p class='ocr_par' dir='ltr' id='par_1_3' title="bbox 183 4184 1312 4684">
     <span class='ocr_line' id='line_1_30' title="bbox 183 4184 1312 4258; baseline 0.001 -18"><span class='ocrx_word' id='word_1_258' title='bbox 183 4185 209 4254; x_wconf 87' lang='lat'>¹)</span> <span class='ocrx_word' id='word_1_259' title='bbox 226 4184 262 4241; x_wconf 90' lang='lat' dir='ltr'>In</span> <span class='ocrx_word' id='word_1_260' title='bbox 280 4203 336 4242; x_wconf 90' lang='lat' dir='ltr'>uno</span> <span class='ocrx_word' id='word_1_261' title='bbox 356 4188 448 4257; x_wconf 86' lang='lat' dir='ltr'>capite</span> <span class='ocrx_word' id='word_1_262' title='bbox 466 4191 499 4242; x_wconf 82' lang='lat'>23</span> <span class='ocrx_word' id='word_1_263' title='bbox 517 4189 581 4242; x_wconf 91' lang='lat' dir='ltr'>libri</span> <span class='ocrx_word' id='word_1_264' title='bbox 599 4188 679 4242; x_wconf 72' lang='lat' dir='ltr'>ml</span> <span class='ocrx_word' id='word_1_265' title='bbox 697 4189 813 4258; x_wconf 86' lang='lat' dir='ltr'>(ponam</span> <span class='ocrx_word' id='word_1_266' title='bbox 832 4188 906 4242; x_wconf 86' lang='lat' dir='ltr'>enim</span> <span class='ocrx_word' id='word_1_267' title='bbox 925 4188 1051 4256; x_wconf 82' lang='lat' dir='ltr'>exempla</span> <span class='ocrx_word' id='word_1_268' title='bbox 1068 4203 1160 4256; x_wconf 87' lang='lat' dir='ltr'>pauca</span> <span class='ocrx_word' id='word_1_269' title='bbox 1178 4201 1245 4240; x_wconf 87' lang='lat' dir='ltr'>casu</span> <span class='ocrx_word' id='word_1_270' title='bbox 1263 4202 1312 4241; x_wconf 88' lang='lat' dir='ltr'>no·</span> 
     </span>
     <span class='ocr_line' id='line_1_31' title="bbox 222 4270 1310 4428; baseline 0 -17"><span class='ocrx_word' id='word_1_271' title='bbox 222 4271 1060 4428; x_wconf 63' lang='lat' dir='ltr'>2⁸2,‘3232ll“ll¹l„²lll,lss¹l¹lt¹.2‚</span> <span class='ocrx_word' id='word_1_272' title='bbox 1074 4270 1125 4411; x_wconf 64' lang='lat' dir='ltr'>li</span> <span class='ocrx_word' id='word_1_273' title='bbox 1135 4288 1240 4412; x_wconf 69' lang='lat' dir='ltr'>lltl</span> <span class='ocrx_word' id='word_1_274' title='bbox 1258 4288 1310 4411; x_wconf 65' lang='lat'>32?</span> 
     </span>
     <span class='ocr_line' id='line_1_32' title="bbox 223 4441 1308 4515; baseline -0.003 -17"><span class='ocrx_word' id='word_1_275' title='bbox 223 4448 325 4513; x_wconf 80' lang='lat' dir='ltr'>cepta</span> <span class='ocrx_word' id='word_1_276' title='bbox 342 4443 511 4514; x_wconf 86' lang='lat' dir='ltr'>dataque,</span> <span class='ocrx_word' id='word_1_277' title='bbox 538 4447 569 4499; x_wconf 87' lang='grc'>18</span> <span class='ocrx_word' id='word_1_278' title='bbox 586 4462 646 4515; x_wconf 90' lang='lat' dir='ltr'>per</span> <span class='ocrx_word' id='word_1_279' title='bbox 664 4445 805 4498; x_wconf 89' lang='lat' dir='ltr'>eundem</span> <span class='ocrx_word' id='word_1_280' title='bbox 825 4444 957 4509; x_wconf 75' lang='lat' dir='ltr'>ordine,</span> <span class='ocrx_word' id='word_1_281' title='bbox 980 4443 1009 4496; x_wconf 91' lang='lat' dir='ltr'>in</span> <span class='ocrx_word' id='word_1_282' title='bbox 1028 4441 1110 4509; x_wconf 88' lang='lat' dir='ltr'>XXI,</span> <span class='ocrx_word' id='word_1_283' title='bbox 1135 4445 1182 4507; x_wconf 87' lang='grc'>42,</span> <span class='ocrx_word' id='word_1_284' title='bbox 1210 4447 1220 4495; x_wconf 93' lang='grc'><strong>1</strong></span> <span class='ocrx_word' id='word_1_285' title='bbox 1242 4442 1308 4496; x_wconf 89' lang='lat' dir='ltr'>cir·</span> 
     </span>
     <span class='ocr_line' id='line_1_33' title="bbox 223 4527 1311 4599; baseline 0 -17"><span class='ocrx_word' id='word_1_286' title='bbox 223 4527 385 4582; x_wconf 87' lang='lat' dir='ltr'>cnmdato</span> <span class='ocrx_word' id='word_1_287' title='bbox 410 4529 452 4583; x_wconf 84' lang='lat' dir='ltr'>ad</span> <span class='ocrx_word' id='word_1_288' title='bbox 477 4531 716 4599; x_wconf 81' lang='lat' dir='ltr'>spectaculum</span> <span class='ocrx_word' id='word_1_289' title='bbox 740 4530 940 4595; x_wconf 84' lang='lat' dir='ltr'>exercitum,</span> <span class='ocrx_word' id='word_1_290' title='bbox 964 4545 986 4581; x_wconf 93' lang='lat' dir='ltr'>c.</span> <span class='ocrx_word' id='word_1_291' title='bbox 1001 4530 1043 4593; x_wconf 86' lang='grc'>49,</span> <span class='ocrx_word' id='word_1_292' title='bbox 1061 4530 1078 4582; x_wconf 87' lang='lat'>8</span> <span class='ocrx_word' id='word_1_293' title='bbox 1098 4527 1311 4582; x_wconf 82' lang='lat' dir='ltr'>adventante</span> 
     </span>
     <span class='ocr_line' id='line_1_34' title="bbox 222 4613 1119 4684; baseline -0.003 -16"><span class='ocrx_word' id='word_1_294' title='bbox 222 4613 375 4668; x_wconf 84' lang='lat' dir='ltr'>hostium</span> <span class='ocrx_word' id='word_1_295' title='bbox 394 4614 552 4684; x_wconf 81' lang='lat' dir='ltr'>classem,</span> <span class='ocrx_word' id='word_1_296' title='bbox 572 4616 601 4670; x_wconf 88' lang='lat' dir='ltr'>iu</span> <span class='ocrx_word' id='word_1_297' title='bbox 619 4613 704 4682; x_wconf 84' lang='lat' dir='ltr'>XXV,</span> <span class='ocrx_word' id='word_1_298' title='bbox 723 4617 766 4681; x_wconf 85' lang='lat'>28,</span> <span class='ocrx_word' id='word_1_299' title='bbox 784 4617 801 4669; x_wconf 83' lang='grc'>8</span> <span class='ocrx_word' id='word_1_300' title='bbox 819 4631 893 4668; x_wconf 89' lang='lat' dir='ltr'>cnm</span> <span class='ocrx_word' id='word_1_301' title='bbox 911 4613 1119 4667; x_wconf 81' lang='lat' dir='ltr'>libertatem.</span> 
     </span>
    </p>
   </div>
   <div class='ocr_carea' id='block_1_4' title="bbox 0 0 1535 5272">
    <p class='ocr_par' dir='ltr' id='par_1_4' title="bbox 0 0 1535 5272">
     <span class='ocr_line' id='line_1_35' title="bbox 0 0 1535 5272; baseline 0 0"><span class='ocrx_word' id='word_1_302' title='bbox 0 0 1535 5272; x_wconf 95' lang='lat' dir='ltr'> </span> 
     </span>
    </p>
   </div>
  </div>
 </body>
</html>
