3060 5272
245 341 308 396 Lib.
325 340 425 395 XXIX.
790 327 853 387 418

246 527 323 598 'pax
362 518 433 577 aut
464 510 614 576 bellum
646 509 872 574 habendum
907 514 1025 573 esset.
1086 506 1243 572 Similiter
1273 502 1406 570 Gellius

246 620 333 699 XIX,
359 625 386 700 1,
413 623 461 698 10,
484 640 585 701 quum
607 619 654 682 sic
679 618 857 700 coepisset:
892 617 1081 698 quoniam
1109 616 1145 680 is
1173 612 1338 697 quidem
1358 644 1405 657 -

247 734 356 793 esset
385 733 463 806 cet,
497 726 631 790 transiit
663 725 696 789 in
729 725 816 788 hanc
843 723 998 788 formam:
1032 724 1165 807 ipsum
1196 728 1332 787 autem
1359 754 1406 767 -

246 835 399 899 timere.
445 833 568 915 (1863.)

332 940 411 1026 Cap.
437 945 485 1021 14,
511 945 564 1004 13:
587 940 648 1004 Ea
671 938 858 1019 (matronae)
882 960 950 1023 per
972 959 1109 1003 manus
1132 936 1405 1025 succedentes

247 1048 393 1113 deinde
427 1049 516 1113 alise
550 1048 658 1124 aliis,
699 1049 801 1111 omni
841 1047 1000 1111 obviam
1042 1044 1176 1110 effusa
1209 1045 1403 1124 civitate,
1479 1128 1486 1141 .

247 1155 453 1220 turibulis
493 1163 585 1221 ante
624 1157 768 1220 ianuas
808 1155 959 1239 positis
990 1189 1034 1198 —
1068 1160 1190 1234 atque
1229 1171 1403 1217 accenso

247 1269 353 1342 ture,
382 1263 658 1346 precantibus,
688 1268 796 1326 ut-
818 1263 962 1340 iniret,
993 1262 1033 1324 in
1062 1260 1181 1325 aedem
1204 1259 1403 1323 Victoriae

246 1405 289 1415 -
323 1371 534 1453 pertulere
574 1370 695 1434 deam.
758 1368 872 1451 Neque
914 1370 1091 1433 civitate
1129 1364 1404 1451 precantibus

246 1497 351 1558 neque
375 1476 508 1542 611666
531 1479 708 1556 civitate,
731 1476 927 1542 turibulis
951 1476 1112 1560 positis,
1135 1471 1403 1558 precantibus

247 1583 325 1647 16661
358 1591 477 1667 potest.
538 1585 640 1649 Recte
673 1584 845 1666 Ussingius
886 1589 1122 1666 precantcs3
1162 1580 1328 1646 ablativus
1361 1601 1403 1644 ex

231 1689 509 1773 praecedentibus
539 1691 691 1756 ablativis
721 1698 812 1756 ortus
842 1700 902 1756 est.
953 1688 1077 1770 (1863.)
1128 1686 1206 1772 Cap.
1232 1692 1280 1766 17,
1306 1687 1403 1751 1916

247 1795 298 1860 his
331 1797 452 1861 verbis:
492 1804 583 1862 uter
625 1819 742 1863 casus
782 1799 969 1862 civitatis
1011 1798 1066 1862 sit
1106 1794 1405 1860 detestabilior

249 1911 339 1969 recte
382 1905 638 1969 Forchhammer
679 1906 824 1970 litteram
870 1904 1066 1988 geminando
1108 1910 1215 1968 ortam
1256 1901 1404 1967 detraxit

250 2010 426 2092 (civitati
449 2014 527 2093 sit),
550 2020 587 2077 ut
610 2013 738 2078 dativus
757 2035 830 2077 cum
847 2013 1008 2078 adiectivo
1026 2011 1253 2092 coniungatur.
1277 2009 1404 2092 (1863.)

336 2117 412 2203 Cap.
439 2125 492 2200 18,
524 2125 578 2199 16,
604 2121 661 2185 ubi
691 2121 861 2186 scribitur:
898 2120 1009 2184 deam
1043 2139 1115 2182 sua
1148 2116 1300 2201 templa
1334 2116 1403 2181 de-

248 2226 466 2307 fensuram,
494 2230 680 2294 necessario
709 2228 888 2293 tollendum
912 2233 961 2291 est
983 2224 1142 2308 templa.
1198 2223 1306 2289 Unum
1329 2229 1404 2289 erat

247 2334 406 2418 templum
429 2335 477 2417 (et
498 2336 657 2419 praecedit
679 2335 873 2419 templum
891 2356 992 2398 —ex
1016 2332 1217 2414 delubrc);
1240 2332 1280 2396 de
1303 2331 1402 2397 bonis

248 2441 362 2525 templi
391 2448 425 2506 ct
454 2443 522 2507 dea:
550 2444 674 2525 agitur3
703 2443 757 2524 qui
788 2463 967 2526 pronomen
991 2440 1193 2505 substantive
1216 2438 1258 2503 de
1280 2440 1319 2502 iis
1342 2459 1401 2522 po·

248 2548 346 2611 situm
379 2570 445 2612 non
478 2550 699 2627 intellexerat,
737 2550 886 2633 ineptum
920 2548 1181 2632 supplementum
1214 2546 1401 2629 adscripsit.
1500 2596 1504 2605 .

248 2652 371 2735 (1863.)
407 2653 424 2735 §
446 2658 483 2719 17
501 2655 792 2733 Weissenbornius,
816 2677 880 2738 quo
903 2655 971 2720 fere
994 2654 1175 2719 inclinabat
1192 2653 1257 2717 lac.
1272 2654 1402 2718 Grono-

247 2761 328 2839 vius
347 2761 475 2826 codices
494 2768 625 2826 secutus
644 2760 761 2826 edidit:
783 2762 1039 2846 aliquantum
1058 2763 1134 2826 iam
1153 2760 1400 2825 altitudinis

248 2868 429 2932 excitata
461 2875 577 2933 erant
611 2871 781 2948 moeniu3
816 2877 915 2935 antea
948 2870 1108 2936 edebat-ur
1135 2868 1183 2933 ad
1212 2867 1399 2949 aliquan-

247 2983 336 3039 tum.
391 2975 658 3058 Aliquantum
694 2979 844 3058 genetivo
873 2977 1003 3042 adiecto
1032 2978 1064 3041 iu
1094 2996 1248 3040 mensura
1276 2973 1399 3058 signifi-

247 3082 353 3147 canda
380 3085 568 3149 accusativo
597 3103 675 3148 casu
705 3091 794 3149 recte
822 3085 899 3168 poni
927 3091 1052 3168 potest3
1085 3106 1149 3148 non
1177 3083 1283 3146 minus
1312 3082 1398 3145 enim

245 3196 332 3255 recte
360 3190 391 3270 Ι,
421 3195 475 3270 25,
505 3195 524 3255 8
554 3191 723 3255 scribitur:
764 3192 1019 3273 aliquantum
1053 3191 1179 3274 spatii
1210 3225 1252 3235 -
1280 3188 1397 3253 aufu-

245 3304 359 3380 gerat
393 3321 491 3381 quam
523 3299 596 3378 XL,
631 3304 686 3378 28,
720 3303 755 3362 4:
797 3299 980 3380 exiguum
1020 3298 1218 3381 temporis
1252 3297 1400 3379 aliqua

244 3404 373 3470 forma
394 3428 533 3490 pugna
555 3407 643 3471 1611.
694 3406 756 3471 Sed
787 3406 1032 3470 altitudinis
1061 3426 1179 3469 nomen
1202 3426 1266 3470 nou
1290 3405 1396 3486 magis

244 3534 305 3595 pro
344 3533 497 3577 mensura
535 3515 613 3596 poni
648 3519 757 3595 potest
791 3534 889 3594 quam
921 3512 1106 3577 latitudinis
1140 3512 1396 3594 longitudinisve

243 3617 320 3698 (hoc
343 3628 408 3689 est.
437 3626 602 3684 certarum
625 3621 725 3703 spatii
748 3621 933 3701 regionum.
965 3642 1047 3703 quas
1070 3639 1156 3685 nunc
1178 3627 1247 3684 tres
1271 3620 1397 3683 dimen-

243 3727 352 3792 siones
374 3727 593 3810 appellamus)
617 3748 676 3791 nec
699 3726 762 3790 dici
791 3747 970 3809 magnam
998 3726 1264 3793 altitudinem
1288 3724 1396 3807 (mul-

242 3841 322 3898 tum
352 3834 605 3911 altitudinis)
630 3854 815 3898 66666666
839 3832 942 3917 (quod
966 3842 1084 3900 contra
1106 3835 1291 3899 rectissime
1315 3832 1396 3898 dici-

240 3946 297 4004 tur
324 3961 502 4022 magnum
533 3942 706 4023 spatium
736 3939 904 4023 fugere),
938 3941 994 4005 sed
1023 3947 1150 4006 tantum
1181 3943 1219 4005 in
1248 3942 1395 4005 altitu·

241 4047 373 4112 dinem
396 4069 590 4125 66666666,
621 4049 658 4112 16
682 4069 860 4131 magnam
884 4048 961 4129 alt,
991 4051 1029 4114 in
1052 4049 1222 4114 multum
1246 4048 1395 4113 altitu·
1514 4084 1519 4091 ·

150 4170 225 4240 (646)
244 4154 364 4234 dinis3
387 4158 548 4238 usquein
571 4177 610 4221 66
632 4178 667 4221 66
690 4156 757 4220 6116
779 4163 830 4221 661
847 4156 957 4221 161161
979 4158 1139 4221 sermonis
1161 4156 1277 4237 regula
1294 4178 1394 4240 quam
