3060 5272
218 351 281 405 Lib.
300 350 358 404 XL.
760 337 821 400 586

221 524 260 587 in
285 523 431 605 quibus
456 530 515 588 cet.
559 522 643 587 Nam
666 529 826 606 pontem
849 523 888 586 in
911 522 1091 588 Tiberim
1120 522 1273 601 facere,
1307 521 1374 589 lc·

220 652 316 696 care
340 653 446 713 neque
481 654 543 696 usu
577 631 764 696 defenditur
791 652 897 713 neque
920 632 1058 695 ratione.
1105 629 1136 714 [ἓ
1165 635 1184 694 6
1211 628 1370 715 Ussingio

220 740 292 804 iure
319 748 477 823 suspectae
501 747 578 804 sunt.
598 761 694 805 roces
728 747 767 804 et
799 740 928 803 forum
954 746 1123 823 tamquam
1151 760 1169 805 e
1196 740 1372 823 superiore

220 869 315 912 versu
351 870 461 913 errore
491 849 656 932 repetitae3
689 869 764 912 nam
793 854 826 913 et
847 848 953 913 forum
980 848 1030 911 sic
1057 847 1144 913 nude
1167 847 1312 932 positum
1335 853 1372 913 et

218 955 327 1020 forum
349 964 442 1020 extra
464 965 592 1040 portam
615 955 827 1021 offensionem
849 955 959 1021 habet.
995 954 1011 1038 ἓ
1034 960 1063 1034 8,
1080 957 1138 1021 ubi
1160 956 1194 1021 in
1213 955 1263 1021 ed.
1280 954 1369 1038 Mog.

221 1064 390 1129 scribitur:
405 1063 620 1148 Complura
640 1065 794 1129 sacella
811 1065 1057 1149 publicaque
1076 1085 1147 1129 sua
1164 1072 1372 1148 occupata

220 1194 240 1238 a
261 1174 446 1257 privatis,
471 1172 592 1237 aLivio
612 1174 769 1256 scriptum
790 1195 862 1238 esse
880 1172 1021 1238 videtur:
1045 1171 1192 1256 Gompl.
1211 1171 1371 1239 sacella

219 1282 467 1366 publicaque
490 1282 596 1361 loca,
620 1282 740 1346 sacella
764 1303 858 1346 sacra
881 1302 965 1359 esse,
990 1281 1062 1345 loca
1083 1280 1216 1365 publica
1242 1279 1368 1365 populo

219 1396 332 1474 patere
357 1412 507 1455 censores
531 1393 706 1455 iusserunt.
755 1388 859 1472 1865]

305 1498 382 1582 Cap.
422 1503 471 1567 53.
508 1503 541 1561 3:
576 1497 782 1562 Celeriter
815 1505 853 1562 et
887 1519 931 1561 ex
965 1499 1177 1581 provincia
1210 1496 1369 1562 litterae

218 1607 375 1671 Romam
399 1612 604 1670 venerunt.
650 1606 751 1670 Recte
774 1607 1056 1671 Weissenbornius
1079 1607 1216 1671 alteram
1238 1612 1370 1689 partem

219 1717 398 1793 sententia,
425 1716 519 1778 cuius
543 1714 698 1777 indicium
721 1713 800 1778 fucit
823 1715 984 1797 particula
1007 1722 1054 1792 et,
1078 1714 1237 1779 excidisse
1260 1720 1368 1797 put-at,

218 1845 282 1907 qua
306 1824 459 1907 suppleta
477 1828 556 1905 aquia
574 1823 636 1887 erit
653 1822 833 1887 celeritatis
851 1824 982 1903 mentio,
1000 1823 1117 1887 sivein
1136 1822 1219 1887 hanc
1235 1827 1368 1887 senten-

218 1932 299 1996 tiam
328 1931 441 1995 Livius
475 1931 621 2015 scripsit:
658 1927 858 1995 Celeriter
888 1938 926 1996 et
959 1952 1003 1995 ea
1037 1939 1153 2014 gesta
1182 1935 1298 1995 erant
1326 1937 1368 1996 et

219 2061 263 2104 ex
286 2040 498 2124 provincia
519 2039 675 2103 litterre
698 2040 736 2103 R.
759 2061 798 2118 v,
823 2040 890 2104 sive
914 2040 1023 2122 potius
1042 2040 1076 2103 in
1092 2038 1191 2103 hanc:
1216 2036 1367 2103 Celeri·

217 2155 280 2212 ter
303 2156 341 2213 et
365 2150 489 2213 Roma
511 2147 650 2213 consul
674 2147 720 2211 ad
748 2146 885 2212 hostes
920 2154 958 2211 et
991 2169 1034 2212 ex
1065 2145 1367 2231 provincialit-

217 2262 314 2321 torae
337 2259 374 2322 R.
398 2280 425 2321 v.
475 2257 539 2322 Sed
568 2278 633 2321 non
661 2257 767 2321 minus
801 2256 973 2320 manifesta
1005 2257 1123 2320 lacuna
1155 2256 1253 2339 poulo
1287 2260 1367 2321 ante

217 2362 248 2446 (ἓ
272 2364 304 2444 2)
328 2386 439 2430 omnes
474 2364 598 2429 fefellit.
644 2364 697 2429 Sic
726 2366 810 2428 enirn
841 2364 1011 2429 scribitur:
1046 2385 1177 2446 neque
1210 2369 1367 2428 tautum

217 2473 304 2536 acie
327 2474 426 2537 vicit
450 2472 501 2553 (Q.
524 2472 657 2536 Fulvius
687 2472 799 2536 consul
823 2472 983 2553 Ligures),
1012 2472 1081 2536 sed
1109 2478 1249 2536 castra
1270 2492 1369 2554 quo·

131 2585 203 2656 (480)
223 2602 295 2662 que
319 2580 453 2644 codem
477 2580 539 2644 die
563 2581 681 2664 cepit.
723 2580 816 2643 Tria
844 2579 975 2644 millia
1007 2580 1169 2645 ducenti
1191 2579 1369 2645 hostium

216 2689 427 2768 omnisque
461 2709 505 2751 ca
538 2687 652 2769 regio
676 2688 867 2769 Ligurum
895 2688 935 2751 in
966 2688 1221 2755 deditionem
1248 2670 1375 2754 venit,

216 2793 362 2859 Consul
386 2795 550 2859 deditos
579 2795 617 2858 in
645 2803 900 2878 campestres
930 2817 1048 2877 agros
1073 2796 1243 2861 deduxit
1265 2818 1367 2880 prae·

217 2903 407 2986 sidiaque
430 2904 637 2968 montibus
660 2905 868 2988 imposuit.
903 2904 1008 2969 Nimis
1027 2907 1161 2987 exiguus
1179 2911 1231 2970 cst
1252 2926 1366 2969 nume·

217 3031 273 3075 sus
296 3010 480 3077 deditorum
504 3034 562 3096 pro
582 3018 654 3077 tota
671 3014 815 3095 regione,
833 3034 905 3097 quac
923 3013 1043 3078 bellum
1060 3014 1215 3078 Romanis
1232 3013 1366 3094 fecerat,

216 3119 269 3183 iix
291 3139 364 3183 eum
387 3141 535 3205 aequans,
559 3142 654 3205 quem
678 3129 849 3205 captorum
873 3123 906 3185 in
928 3121 1062 3205 proeliis
1090 3121 1231 3187 hostium
1256 3121 1366 3187 Livius

216 3228 251 3292 in
273 3227 324 3292 his
346 3228 442 3293 bellis
467 3229 562 3294 edere
585 3228 684 3308 solet;
707 3249 776 3308 nec,
799 3230 856 3294 ubi
879 3236 957 3293 totae
978 3230 1128 3312 regiones
1152 3252 1186 3294 se
1210 3229 1366 3295 Romanis

217 3336 348 3415 dedunt,
373 3359 529 3402 numerus
551 3337 733 3401 incolarum
755 3339 830 3402 iniri
860 3337 976 3418 edique
999 3336 1094 3417 solet;
1123 3339 1254 3403 omnino
1277 3338 1391 3403 enim.

214 3443 394 3509 incolarum
417 3446 544 3510 numeri
567 3446 700 3510 urbium
722 3446 956 3528 regionumque
979 3466 1113 3529 perraro
1131 3450 1366 3529 computantur

215 3552 303 3634 apud
337 3560 470 3617 veteres.
528 3552 714 3638 Scripserat
745 3553 857 3618 Livius
897 3554 930 3617 in
964 3553 1049 3618 hanc
1080 3554 1235 3620 formam:
1270 3552 1367 3618 Tria

215 3659 347 3724 millia
370 3660 534 3726 ducenti
557 3661 732 3726 hostium
765 3662 855 3726 caesi
890 3668 994 3741 sunt,
1017 3705 1034 3743 q
1058 3663 1185 3746 capti,
1216 3662 1365 3727 omnis-

217 3789 291 3852 que
316 3789 360 3833 ea
381 3769 494 3852 regio
516 3767 707 3851 Ligurum
729 3775 790 3834 cet.

302 3875 380 3959 Cap.
401 3881 450 3957 55,
473 3881 492 3941 8
516 3875 570 3957 (de
588 3876 740 3962 Philippo
762 3877 868 3960 rege):
892 3883 931 3942 et
948 3878 1237 3944 infelicitatem
1255 3898 1365 3943 suam

218 3984 259 4050 in
281 3984 435 4049 liberis
463 3986 702 4067 graviorem,
735 3984 840 4066 quod
874 3984 977 4050 alter
1002 3988 1190 4070 perisset,
1226 4006 1365 4052 cense-

218 4092 296 4157 bat.
321 4093 508 4157 Ridiculum
527 4099 587 4173 est,
604 4099 773 4175 tamquam
787 4092 952 4175 singulare
964 4095 1049 4178 poni,
1070 4097 1252 4178 graviorem
1265 4096 1364 4161 etiam

221 4222 291 4267 esse
314 4202 548 4281 infelicitatem,
571 4200 658 4284 quod
687 4201 771 4266 alter
793 4224 832 4267 cx
854 4201 967 4266 liberis
990 4203 1140 4287 perierit,
1175 4205 1271 4287 quasi
1298 4224 1365 4269 non
