3060 5272
779 260 821 321 30

153 450 207 518 (aa)
226 443 508 528 Interpolationis,
537 464 610 526 quae
638 444 771 527 quidem
798 445 931 529 proprie
953 443 1076 509 dicitur
1098 444 1187 527 (nam
1209 444 1292 510 illud
1313 445 1378 510 La·

222 554 309 617 tinas
343 573 438 617 voces
472 550 715 636 qualescunque
748 551 910 618 efficiendi
943 552 1091 617 studium
1123 574 1189 620 nou
1215 553 1377 635 numero),

222 661 390 726 rarissima
412 661 548 744 vestigia
571 669 648 727 suut
669 682 730 726 nec
751 667 862 726 tumen
885 660 986 725 nulla.
1031 660 1116 726 Nam
1141 659 1377 746 [praeterquam

223 769 314 852 quod
329 768 383 849 IV,
408 773 457 850 35,
485 774 524 834 10
542 776 575 834 θῖ
600 768 637 849 V,
656 773 684 848 3,
704 773 723 832 2
741 769 940 834 omittrmtur
960 768 1091 849 litterae,
1114 769 1176 835 sub
1200 769 1320 852 quibus
1342 771 1378 835 iu

221 877 358 962 reliquis
390 878 479 942 varie
512 879 676 962 corruptis
709 876 815 942 latent
848 897 892 942 os
920 885 954 942 et
983 875 1180 961 Quirites]
1204 878 1263 957 VI,
1290 881 1326 957 2,
1356 883 1376 943 5

223 1008 324 1068 quum
359 985 471 1051 Livius
511 986 714 1070 scripsisset,
755 984 844 1069 quod
882 985 915 1049 in
955 986 1173 1052 deterioribus
1207 985 1377 1052 codicibus

222 1094 387 1159 nonnullis
417 1095 607 1159 coniectura
634 1094 826 1158 restitutum
854 1100 906 1158 θεῖ
928 1099 962 1158 θῖ
984 1115 1084 1177 quum
1107 1093 1185 1159 olim
1207 1101 1278 1159 tum
1301 1101 1379 1180 post

224 1203 424 1267 Gronovium
457 1202 500 1267 ad
528 1209 645 1267 nostra
671 1209 822 1285 tempora
851 1201 991 1266 editum:
1025 1202 1188 1284 placuit
1220 1202 1377 1268 eisdem

222 1312 424 1394 auspiciis
443 1310 609 1375 defendi
632 1330 712 1374 rem
729 1308 946 1393 publicam,
969 1308 1115 1393 quibus
1131 1318 1379 1396 recuperata

223 1427 350 1497 esset,
378 1439 437 1502 pro
467 1417 649 1483 eiusdem
671 1416 847 1482 hominis
871 1418 1071 1502 auspiciis
1095 1418 1207 1483 dicens
1229 1418 1377 1500 eadem,

221 1534 323 1609 atque
356 1526 432 1591 inde
465 1527 498 1590 iu
534 1526 646 1590 codice
674 1526 853 1610 archetypo
881 1546 949 1591 uua
976 1525 1089 1591 littera
1114 1561 1157 1570 —
1184 1526 1305 1592 calami
1332 1549 1376 1592 au

223 1635 324 1700 animi
347 1656 473 1715 errore,
501 1634 631 1699 dicam?
653 1668 697 1678 -
719 1633 842 1713 addita,
871 1641 980 1698 ortum
1003 1640 1098 1714 esset,
1127 1634 1216 1718 quod
1238 1636 1272 1700 in
1297 1634 1373 1700 PHl

223 1744 361 1808 mansit:
395 1743 579 1807 eiusdem
613 1743 819 1826 auspiciis
852 1777 895 1787 —-
929 1742 1094 1824 quibus,
1126 1744 1160 1807 in
1189 1742 1268 1807 ML]
1300 1743 1375 1809 aliis

223 1851 346 1916 lactum
380 1858 443 1915 est:
479 1851 660 1915 eiusdem
695 1850 898 1934 auspiciis
926 1885 970 1895 -
998 1851 1113 1916 cuius
1141 1851 1240 1934 idque
1269 1873 1377 1936 nuper

223 1959 414 2043 probatum,
448 1980 547 2043 quam
575 1958 713 2023 formam
741 1959 768 2023 si
792 1958 904 2023 Livius
932 1966 1064 2024 secutus
1088 1967 1191 2038 esset,
1224 1966 1282 2024 aut
1304 1958 1376 2025 ho-

226 2069 344 2133 minis
374 2075 432 2133 aut
459 2068 535 2131 viri
565 2065 799 2148 addidisset.¹)
849 2067 1034 2132 Admodum
1062 2069 1162 2133 ctiam
1186 2075 1375 2151 suspectum

224 2185 289 2256 est,
318 2176 406 2258 ‹puod
429 2175 474 2256 X,
506 2179 559 2255 13,
589 2179 623 2254 3,
653 2175 711 2239 ubi
738 2176 772 2239 iu
801 2176 918 2240 ceteris
941 2175 1109 2240 codicibus
1132 2175 1284 2241 omnibus
1308 2183 1374 2241 est:

223 2286 447 2350 exercitum
479 2284 682 2348 Lucanum
720 2282 878 2349 hostem
912 2291 1205 2368 comparatum,
1233 2282 1268 2347 M
1289 2305 1375 2349 uuus

223 2394 337 2459 habet:
358 2393 584 2458 exercitum
602 2391 800 2456 adversus
818 2391 906 2456 Luc.
925 2391 956 2456 h.
975 2412 1097 2476 comp.
1132 2390 1272 2456 Videtur
1289 2392 1375 2456 enim

223 2503 349 2585 potius,
384 2501 473 2584 quod
502 2500 686 2565 Gronovius
720 2499 895 2578 intellexit,
928 2501 968 2563 in
1002 2506 1079 2583 post
1106 2519 1134 2560 m
1163 2499 1332 2564 excidisse.
1344 2499 1375 2581 2)

223 2610 285 2689 (De
308 2610 414 2674 altera
437 2630 534 2673 manu
557 2607 679 2674 codicis
696 2607 739 2686 M,
763 2628 835 2691 quae
860 2608 1025 2673 interdum
1048 2606 1134 2672 levia
1150 2607 1268 2672 menda
1285 2615 1376 2673 recte

223 2717 374 2796 sustulit,
404 2717 569 2782 interdum
591 2715 820 2799 interpolando
844 2717 996 2799 graviora
1017 2715 1176 2795 reddidit,
1204 2715 1286 2780 nihil
1309 2715 1376 2781 dici

223 2847 305 2909 opus
330 2824 404 2906 est.)
455 2823 563 2888 Unum
586 2831 745 2907 superest,
774 2824 861 2906 quod
884 2824 927 2889 ad
949 2824 983 2888 M
1005 2824 1158 2907 pertinet,
1181 2844 1375 2889 commemo-

222 2934 378 3011 randum,
412 2933 446 2995 in
482 2931 626 3014 antiquis
660 2932 771 2996 saeculi
801 2933 908 3014 quinti
937 2931 1054 2996 decimi
1083 2931 1299 3013 editionibus,
1331 2931 1375 2997 ad

291 3118 426 3186 letalia,
449 3118 561 3189 poetica
583 3135 652 3172 voce
675 3119 705 3173 in
722 3118 796 3173 Livii
819 3119 976 3173 orationem
998 3118 1080 3172 illata
1103 3123 1132 3172 et
1150 3135 1223 3172 nove
1241 3136 1292 3188 pro
1311 3119 1376 3173 sub·

290 3205 413 3259 stuntivo
431 3205 537 3274 positu,
558 3221 610 3259 neo
629 3209 724 3258 tamen
743 3211 792 3258 aut
814 3204 1081 3270 animadverterim,
1100 3203 1204 3271 utilla,
1224 3221 1308 3272 quam
1322 3220 1373 3258 vo·

289 3290 361 3358 lunt,
381 3289 540 3346 efficeretur
552 3291 700 3344 verborum
716 3291 886 3357 coniunctio,
900 3290 1052 3344 dicendum
1065 3289 1165 3343 luisse:
1180 3295 1374 3357 coquentes

288 3377 452 3445 quasdam
476 3382 510 3431 et
533 3375 790 3431 medicamenta
812 3382 845 3430 et
869 3375 1053 3431 recondita
1070 3374 1208 3443 letalis,
1232 3379 1282 3429 aut
1299 3374 1375 3430 dixe-

288 3468 362 3527 runt,
381 3479 443 3530 quae
463 3467 558 3516 essent
573 3452 673 3516 ¹letalia
691 3479 708 3514 a
725 3461 937 3516 medicamentis
956 3458 1111 3532 (φαρμάκοις)
1130 3468 1269 3529 separata
1312 3458 1374 3529 (§8

289 3548 351 3601 sola
373 3547 627 3601 medicamenta
649 3544 921 3611 commemorantur.)
968 3544 1090 3598 Tantum
1114 3561 1239 3600 errorum
1261 3547 1375 3615 peperit

291 3633 487 3702 superstitiosa
505 3631 606 3700 optimi
624 3631 730 3686 codicis
747 3631 901 3685 veneratio.

250 3719 272 3785 ¹)
292 3717 616 3787 [eiusdem...cuius
635 3717 720 3771 etiam
734 3715 768 3781 V,
783 3730 835 3768 uec
853 3720 949 3769 tamen
966 3720 1045 3769 muto
1063 3715 1206 3785 iudicium,
1225 3715 1279 3770 nisi
1297 3716 1373 3785 quod

289 3805 333 3858 bis
351 3803 450 3857 eadem
468 3801 544 3857 lacta
562 3803 701 3857 correctio
720 3797 783 3867 eet]

841 3885 934 3940 altus

247 3974 322 4041 ¹)1n
345 3974 385 4043 x,
403 3977 468 4041 9,8
492 3976 522 4028 in
545 3974 698 4042 archetypo
726 3970 813 4026 luisse
840 3972 970 4028 arduus
997 3979 1102 4042 atque
1127 3974 1161 4027 in
1187 3980 1287 4043 parte
1309 3991 1373 4029 una

288 4076 453 4129 praeceps,
481 4064 612 4130 apparet,
640 4058 716 4125 quod
743 4075 806 4111 cum
824 4056 854 4112 M
876 4058 906 4113 in
929 4059 1058 4114 addendo
1083 4059 1180 4114 altus·
1191 4059 1374 4115 consentiunt

288 4144 328 4197 Ll
349 4150 378 4199 et
396 4162 445 4199 sex
464 4153 608 4215 septemve
625 4142 786 4197 deteriores.
823 4143 845 4198 P
863 4149 941 4200 recte
958 4145 1148 4214 pretermisit
