3060 5272
204 393 266 450 Lib.
287 393 385 448 XXVI.
754 379 815 440 388

205 587 241 630 re
264 567 326 630 nisi
349 586 389 629 ex
411 564 592 629 sceleribus
615 564 737 628 victum
760 561 916 628 habuisse
940 564 1029 628 dicit.
1080 557 1195 647 Neque
1218 582 1363 647 praesens

205 673 372 757 participii
409 679 540 756 tempus
575 670 837 754 (tolerantes)
870 678 960 736 recte
995 671 1117 737 dicitur
1149 673 1214 737 nisi
1247 672 1288 737 dc
1321 691 1363 737 eo

206 787 311 858 statu,
342 781 376 844 in
399 800 464 864 qno
487 785 567 843 tunc
589 779 697 861 ipsum
720 786 824 843 erant.
875 780 992 863 ltaque
1015 787 1055 845 et
1078 786 1153 864 post
1175 779 1362 863 plerique

206 910 245 954 ex
268 907 284 950 e
307 895 452 953 extremo
475 893 584 951 ortum
606 893 667 964 est,
694 893 732 950 ut
754 907 781 950 0.
809 893 856 966 12,
888 892 926 951 18
950 894 983 952 01
1006 887 1097 967 alibi,
1120 889 1292 971 oratioque
1314 887 1363 952 sic

120 1007 191 1076 (811)
210 997 385 1062 decurrere
419 995 531 1060 debet:
572 993 774 1077 capitalia
807 997 898 1060 ausi
932 995 1135 1079 plerique,
1170 1002 1289 1079 quum
1322 995 1362 1059 in

205 1104 452 1170 civitatibus
474 1104 560 1167 suis
583 1123 627 1166 ac
650 1102 724 1167 sub
748 1102 909 1186 legibus
932 1103 1134 1182 vixerant,
1163 1110 1221 1182 01,
1249 1111 1363 1187 post·

205 1234 320 1295 quam
353 1233 419 1277 eos
447 1210 687 1275 —fortuna
724 1209 871 1274 similis
907 1210 1233 1293 conglobaverat
1260 1212 1362 1294 Aga-

205 1320 399 1403 thyrnam,
422 1340 492 1403 per
513 1318 742 1382 latrocinia
763 1319 950 1383 -vitam
972 1318 1215 1383 tolerantes.
1259 1318 1362 1384 Recte

205 1429 291 1493 iuter
315 1449 350 1493 00
373 1426 590 1510 respondent:
620 1422 726 1503 ausi,
756 1444 872 1509 quum
894 1427 1147 1490 -vixerant
1170 1431 1218 1490 et:
1247 1431 1363 1509 post·

206 1557 322 1618 quam
340 1534 727 1617 -conglobaverat,
749 1526 992 1599 tolerantes.
1024 1533 1117 1616 [Qua
1135 1531 1363 1599 Weissenbor-

205 1643 279 1707 nius
299 1643 444 1726 opponit,
460 1662 525 1707 non
542 1641 706 1723 intellego.
731 1641 924 1706 Rectissime
942 1641 977 1705 hi
994 1641 1145 1707 homines
1157 1641 1301 1705 universi
1313 1639 1362 1705 di-

207 1757 325 1815 cuntur
348 1750 528 1814 exsules-
545 1749 600 1831 qui
625 1749 711 1812 enim
733 1748 832 1813 aliter
844 1770 955 1814 omnes
967 1749 1164 1833 Agathyrna
1176 1748 1364 1814 essent?-

207 1866 240 1922 et
263 1858 409 1935 obaerati,
439 1878 593 1939 magnam
615 1864 725 1921 autem
748 1862 876 1940 partem
899 1858 1000 1921 etiam
1022 1857 1057 1921 in
1080 1855 1270 1922 civitatibus
1293 1856 1363 1922 auis

207 1966 363 2050 capitalia
386 1966 456 2029 ansi
480 1986 550 2030 esse
574 1971 607 2030 et
630 1986 723 2043 nunc,
758 1971 933 2049 postquam
955 1961 1178 2049 Agathyrnam
1202 1964 1361 2043 venerint,

205 2075 324 2158 rapina
344 2070 524 2154 vixisse.]¹)

293 2181 371 2265 Gap.
395 2186 453 2260 41,
486 2186 522 2245 17
551 2181 600 2263 (111
628 2182 777 2246 oratione
802 2179 964 2264 Scipionis
988 2180 1075 2263 apud
1098 2179 1219 2245 milites
1241 2179 1363 2264 Hispa·

206 2290 366 2370 nienses):
390 2289 494 2366 Quid
513 2291 641 2372 igitur
658 2290 786 2353 minus
805 2289 1030 2366 conveniat,
1053 2288 1215 2366 milites,
1238 2307 1363 2369 quam,

207 2420 326 2483 quum
354 2397 444 2463 aliae
475 2417 596 2480 super
624 2397 728 2462 alias
757 2396 895 2460 clades
923 2395 1231 2461 cumularentur
1253 2415 1298 2460 ac
1321 2394 1361 2459 di
1454 2435 1457 2443 -

206 2527 330 2589 prope
359 2505 440 2588 ipsi
469 2526 555 2570 cum
577 2503 805 2569 Hannibale
829 2510 1000 2580 starent,
1030 2524 1098 2568 ros
1120 2503 1185 2567 hic
1207 2538 1249 2547 -
1271 2523 1361 2568 sus·

206 2614 385 2678 tinuisse
412 2611 619 2678 labantem
648 2611 853 2676 fortunam
875 2610 1020 2694 populi
1043 2611 1225 2689 Romani,
1257 2629 1362 2676 nunc

206 2720 380 2800 eosdem,
414 2721 508 2803 quia
541 2718 633 2784 illic
666 2719 798 2784 omnia
832 2718 1014 2783 secunda
1046 2718 1221 2800 lataque
1250 2722 1360 2795 sunt,

206 2829 361 2893 animis.
385 2825 593 2892 deficere?
626 2826 744 2910 Inepta
777 2833 829 2891 est
861 2827 896 2891 in
929 2826 980 2891 his
1014 2826 1169 2891 extremis
1199 2823 1361 2908 particula

206 2935 347 3001 causalis
387 2935 526 3018 (quia);
572 2956 678 3018 neque
724 2936 810 2999 enim
855 2936 1031 3018 quisquam
1070 2934 1146 2999 ideo
1187 2931 1362 2999 deficiebat

206 3045 325 3121 animo,
348 3043 437 3124 quod
458 3064 511 3108 res
533 3044 567 3107 in
583 3042 683 3108 Italia
704 3043 788 3107 latre
810 3050 932 3121 essent3
962 3043 1104 3119 miratur
1123 3040 1243 3125 Scipio,
1264 3060 1363 3122 nunc,

206 3174 308 3234 quum
334 3151 418 3216 laetae
448 3150 516 3216 illic
544 3173 597 3217 res
622 3152 702 3229 sint,
736 3150 876 3217 deficere
905 3151 1036 3229 animis,
1071 3150 1128 3234 qui
1156 3146 1362 3230 gravioribus

206 3259 409 3343 temporibus
438 3282 506 3326 non
533 3259 722 3324 defecerint.
773 3258 891 3343 Itaque
922 3279 962 3322 ex
989 3278 1090 3322 nunc
1117 3257 1280 3339 —quia
1305 3276 1362 3321 ne·

206 3369 352 3433 cessario
380 3368 582 3433 faciendum:
617 3388 723 3433 nunc
744 3402 788 3411 —
810 3388 895 3432 cum
922 3367 1002 3432 iam
1030 3363 1150 3447 (00110)
1179 3364 1270 3429 11110
1298 3369 1361 3430 cet.

207 3474 324 3558 [Paulo
347 3483 424 3540 ante
448 3474 479 3558 (ξ
506 3474 559 3557 12)
582 3474 837 3541 Forchhammer
864 3479 954 3540 reete
976 3474 1131 3551 miratur,
1160 3492 1219 3537 our
1242 3470 1361 3537 Sicilia

206 3585 312 3648 maior
340 3606 419 3667 pars
450 3582 610 3649 defecisse
639 3583 781 3661 dicatur,
817 3581 914 3665 quasi
941 3580 1040 3646 Italia
1067 3581 1174 3647 omnis
1197 3579 1364 3660 defecerit,

207 3713 307 3776 quum
334 3693 369 3757 in
391 3692 490 3756 ltalia
519 3691 621 3757 multo
653 3690 764 3774 plures
785 3689 899 3754 fideles
923 3689 1005 3757 socii
1027 3688 1225 3768 manserint,
1258 3689 1293 3753 in
1314 3686 1364 3754 Si-

206 3800 292 3879 cilia,
321 3801 379 3884 qui
401 3798 469 3864 fere
492 3798 553 3865 soli
576 3799 655 3864 socii
679 3796 821 3877 fuerant,
850 3797 1046 3881 Syracusani
1069 3795 1257 3862 defecerint.
1309 3795 1365 3860 Vi-

236 4079 259 4148 ¹)
278 4078 295 4149 ὅ
312 4082 344 4134 10
357 4086 433 4134 10010
452 4079 608 4149 discipulus
623 4077 750 4146 Sierbyei
767 4078 965 4133 animadvertit
978 4075 1157 4131 scribendum
1172 4092 1246 4130 esse:
1265 4091 1365 4145 quum

276 4192 310 4204 -
333 4165 522 4220 multitudo
548 4166 626 4219 vira
648 4167 734 4216 00001
756 4169 790 4217 01
812 4163 944 4218 clamor
966 4191 1001 4202 -
1025 4161 1229 4230 accidisset3
1247 4178 1283 4230 1.,
1301 4176 1365 4229 qun

276 4250 407 4306 dicentur
424 4250 461 4306 ad
478 4249 579 4317 XLIV,
600 4253 640 4317 18,
658 4252 682 4303 3.
719 4247 817 4316 (1876.)
