3008 4756
241 303 302 358 Lib.
329 304 466 358 XXXVII.
793 295 854 355 530

329 476 408 559 Cap.
433 480 492 556 26,
522 482 541 541 6
570 488 604 542 et
633 483 650 540 7
681 478 736 559 (de
761 476 921 541 Antiocho
945 478 1094 555 Notium,
1123 478 1282 562 oppidum
1306 477 1419 546 Colo·

242 583 449 666 phoniorum,
473 584 711 668 oppugnante):
735 586 783 648 Et
805 587 933 668 ipsam
955 585 1093 649 urbem
1116 605 1195 650 suae
1218 593 1417 669 potesta·

242 692 296 754 tis
328 712 417 755 esse
441 692 622 771 volebat,
651 693 751 757 adeo
776 693 1047 775 propinquam
1070 692 1248 776 Epheso,
1280 699 1325 758 ut
1352 695 1416 760 ni·

241 798 298 862 hil
322 805 439 863 terra
461 800 612 863 marive
636 799 774 882 (Ephesi
796 798 991 879 Antiochus)
1016 806 1165 880 ageret,
1194 800 1300 881 quod
1323 822 1414 867 non

244 905 474 969 subiectum
509 905 641 971 oculis
671 905 1022 989 Colophoniorum
1056 927 1101 970 ao
1134 927 1203 990 per
1237 927 1306 972 eos
1336 930 1416 974 no·

243 1019 324 1076 tum
353 1014 557 1097 extemplo
581 1014 776 1078 Romanis
806 1020 933 1090 esset,
968 1034 1084 1095 qnos,
1119 1014 1260 1079 audita
1287 1015 1415 1081 obsi·

243 1119 377 1199 dione,
411 1140 486 1184 non
526 1120 744 1185 dubitabat
779 1120 827 1184 ad
862 1141 973 1203 opem
1000 1122 1123 1185 sociae
1151 1120 1240 1186 urbi
1265 1120 1415 1189 feren·

243 1226 328 1291 dam
368 1227 540 1293 classem
580 1250 600 1292 a
634 1226 753 1292 Samo
788 1235 986 1305 mot-nr0s3
1027 1249 1110 1292 eam
1143 1230 1415 1297 occasionem

242 1333 501 1417 Polyxenidae
532 1335 579 1399 ad
603 1356 681 1399 rem
706 1335 925 1417 gerendam
947 1333 1044 1399 fore.
1094 1334 1218 1400 Pendet
1241 1341 1282 1400 et
1306 1338 1415 1405 initio

242 1443 346 1506 totius
375 1443 544 1506 sententiae
571 1443 716 1526 positum
744 1463 804 1506 nec
827 1444 974 1525 sequitur
996 1442 1103 1507 altera
1125 1462 1224 1507 causa
1246 1441 1330 1508 huic
1354 1446 1417 1529 (et

243 1549 371 1630 ipsam
395 1548 547 1630 urbem)
565 1550 783 1633 respondens3
807 1571 883 1614 nam
906 1550 1070 1632 duplicem
1093 1570 1226 1615 causam
1250 1551 1417 1620 studiose

243 1662 404 1739 susceptae
437 1657 486 1720 rei
518 1655 695 1738 significari
730 1663 885 1740 apparet,
925 1656 1066 1721 alteram
1100 1658 1134 1721 in
1168 1657 1274 1740 ipsius
1311 1658 1418 1726 urhis

243 1763 449 1846 possessione
473 1764 629 1845 positam,
663 1764 803 1829 alteram
832 1766 865 1828 in
892 1785 928 1828 rc
960 1764 1127 1829 adiuncta.
1184 1761 1331 1847 Scripsit
1354 1766 1417 1832 Li-

243 1872 329 1934 vius:
363 1871 413 1935 Et
439 1872 569 1954 ipsam
597 1871 733 1936 urbem
763 1892 841 1936 suae
864 1893 954 1936 esse
977 1873 1201 1954 potestatis
1224 1872 1415 1955 volebat,

241 2013 298 2047 -,
328 1984 361 2040 ct
396 1980 461 2041 hos
501 1979 712 2061 (Romanos),
749 1980 888 2043 audita
911 1978 1144 2058 obsidione,
1177 1999 1257 2043 non
1282 1980 1417 2048 dubi-

49 2082 60 2097 ’
157 2097 228 2169 (428)
246 2086 363 2151 tabat
387 2092 448 2151 cet.
504 2086 637 2152 Excidit
666 2093 705 2151 et
733 2094 808 2169 post
837 2093 964 2165 osset3
998 2086 1115 2151 deinde
1141 2085 1267 2151 lactum
1292 2108 1415 2169 quos.

241 2194 278 2257 In
308 2194 532 2260 anacoluthon
559 2194 668 2258 Liuius
701 2196 735 2257 in
769 2194 829 2258 tali
857 2194 1016 2258 orationis
1044 2192 1151 2257 torma
1177 2200 1247 2258 tam
1282 2204 1413 2278 aperte

242 2303 395 2367 instituta
417 2309 451 2366 et
473 2309 541 2366 tam
563 2300 653 2365 facili
675 2302 821 2366 incidere
844 2322 909 2365 non
933 2302 1050 2384 potuit.
1101 2298 1203 2365 Paulo
1226 2306 1316 2383 post,
1348 2304 1414 2371 nbi

133 2432 137 2441 ·
243 2410 352 2488 agitur
375 2409 416 2473 de
445 2409 481 2473 L.
505 2409 638 2473 AEmilio
667 2418 808 2493 praetore
841 2415 1017 2472 cunctante
1049 2406 1263 2490 Colophoniis
1293 2408 1415 2490 (Noui

240 2516 371 2596 incolis)
405 2517 563 2581 auxilium
595 2515 699 2594 ferre,
739 2517 786 2580 sic
826 2514 982 2580 scribitur
1017 2514 1048 2597 (ἕ
1086 2514 1154 2595 12):
1193 2514 1414 2585 Eudamus

242 2622 440 2699 Rhodius,
481 2624 550 2706 qui
583 2629 622 2688 et
654 2630 846 2688 tenuerat
881 2644 967 2687 eum
1012 2623 1120 2688 Sami
1164 2624 1413 2705 cupientem

242 2728 457 2813 proficisci
486 2731 524 2793 in
553 2729 879 2815 Hellespontum,
915 2732 1133 2813 cunctique
1168 2731 1336 2798 instare
1365 2740 1414 2801 et

242 2837 395 2911 dicere,
429 2846 582 2920 quanto
616 2840 748 2903 satius
784 2860 874 2902 esse
908 2837 970 2902 vel
1007 2838 1144 2902 socios
1178 2836 1412 2909 obsidione

242 2946 415 3010 eximere
448 2945 509 3010 vel
545 2954 606 3011 ret.
662 2946 839 3023 Vitiosum,
872 2952 910 3009 ut
937 2945 1017 3009 ferri
1044 2950 1204 3026 nequeat:
1238 2944 1411 3029 dicere,

241 3059 394 3136 quanto
429 3054 560 3118 satius
594 3074 685 3118 esse
714 3052 971 3136 [perversissime
1001 3058 1211 3135 comparatur
1239 3048 1312 3119 cio.
1341 3076 1412 3139 pro

239 3160 306 3224 Mil.
332 3160 348 3241 ξ
378 3165 433 3237 16,
467 3159 599 3225 sublata
626 3166 719 3225 recta
749 3160 1014 3243 interrogationis
1041 3158 1163 3224 forma:
1197 3168 1412 3243 quantum

238 3304 282 3313 -
310 3266 572 3352 accepimus];
612 3269 640 3332 si
673 3277 782 3332 esset
815 3269 1000 3351 scripseris,
1039 3267 1251 3350 subineptum
1286 3274 1411 3339 &men

240 3383 304 3441 est:
345 3376 497 3453 dicere,
531 3382 684 3458 quanto
719 3376 854 3440 satius
883 3382 1011 3451 esset,
1046 3396 1146 3457 quum
1172 3374 1410 3447 rectissimum

239 3492 339 3549 essct:
380 3518 424 3528 -
455 3483 634 3562 instare;
674 3489 826 3565 quanto
866 3483 1000 3547 satius
1033 3501 1123 3547 esse
1155 3486 1236 3561 cot.;
1276 3484 1412 3555 saltem

239 3590 391 3656 dixisset:
426 3596 465 3655 et
493 3589 704 3654 disserere
728 3597 784 3654 eut
807 3596 845 3653 et
868 3589 1039 3671 exsequi
1061 3594 1120 3653 aut
1141 3588 1306 3657 instare
1333 3614 1413 3661 ex·

239 3698 456 3783 sequendo.
501 3696 634 3776 Vereor,
662 3697 878 3761 uomendum
901 3696 1009 3762 subsit
1033 3694 1315 3781 seribendumque
1343 3702 1409 3769 sit:

238 3807 408 3883 instare,
437 3814 480 3869 ut
503 3805 687 3869 duceret:
716 3804 879 3882 Quanto
904 3806 1034 3870 satius
1057 3824 1146 3869 esse
1169 3808 1231 3867 cet.
1275 3802 1352 3873 cfr.
1378 3832 1409 3879 o.

240 3915 290 3989 39,
315 3917 349 3977 3:
378 3911 681 3978 conclamatum
704 3913 882 3997 undique
905 3920 976 3981 est,
998 3911 1166 3977 duceret
1188 3918 1411 4001 extemplo

240 4028 280 4085 et
303 4028 492 4086 uteretur
514 4020 660 4086 ardore
684 4021 867 4086 militum.
