3060 5272
716 834 755 894 37

154 1029 237 1105 typo
260 1018 447 1103 (llPLllll,
477 1019 696 1086 deterioribus
719 1019 836 1083 ceteris
859 1015 1031 1098 omnibus),
1054 1038 1152 1100 prave
1175 1025 1310 1101 accepto

159 1130 271 1215 priore
299 1136 354 1208 et,
382 1148 442 1212 pro
469 1127 629 1194 infinitivo
659 1127 815 1193 historico
844 1126 1058 1191 substitutum
1081 1132 1152 1190 erat
1180 1126 1309 1191 inore-

159 1245 314 1323 parent‚
342 1245 380 1302 ut
402 1236 444 1301 ad
467 1244 683 1321 postquam
705 1234 893 1300 referretur.
947 1232 1111 1311 Quaedams
1124 1233 1310 1299 huiusmodi

160 1347 336 1411 autetiam
358 1346 488 1411 minora
510 1346 543 1410 in
567 1345 644 1410 Lov.
669 1351 697 1424 4,
721 1343 865 1421 Gaertn,
886 1341 1001 1425 fragm.
1019 1342 1166 1422 Haverc,
1189 1342 1305 1407 Portu·
1324 1345 1377 1416 (84)

159 1454 274 1537 gallico
302 1455 457 1538 reperiri,
491 1455 525 1518 in
553 1453 714 1519 editiones
743 1453 844 1517 etiam
871 1457 1020 1535 recepta.
1055 1451 1242 1517 meminisse
1264 1453 1309 1516 vi-

158 1563 245 1627 deor.
279 1562 369 1627 Alibi
392 1563 463 1627 iure
486 1560 629 1627 offensus
653 1568 704 1626 est
726 1568 901 1638 corrector,
924 1560 998 1643 ipsa
1020 1561 1180 1624 correctio
1203 1561 1309 1624 minus

155 1669 233 1734 felix
261 1678 328 1749 est,
358 1678 396 1735 ut
423 1670 483 1750 IV,
511 1675 545 1750 6,
577 1677 609 1749 l,
641 1670 698 1734 ubi
727 1671 760 1734 in
788 1669 881 1733 Voss.
912 1671 947 1746 2,
970 1667 1046 1732 Lou.
1072 1671 1089 1730 3
1119 1674 1194 1751 post
1222 1688 1308 1733 ver·

155 1779 282 1843 tisset
299 1778 435 1844 additur
452 1785 492 1844 et
509 1779 668 1858 consul;
691 1798 767 1842 nam
786 1776 968 1843 subiectum
985 1776 1076 1840 verbi
1093 1776 1310 1859 respondit

156 1887 242 1952 male
272 1887 384 1953 deesse
407 1885 615 1953 manifestum
645 1893 711 1966 est3
740 1885 797 1950 sed
819 1884 931 1949 Livius
959 1906 1076 1949 nomen
1100 1885 1207 1968 ipsum
1229 1884 1309 1950 alte-

158 1997 228 2060 rius
251 1996 391 2061 consulis
412 1997 565 2080 posuisse
588 1995 732 2074 videtur3
755 2001 794 2058 et
816 2012 950 2078 prorsus
973 2014 1110 2076 pravum
1133 1993 1228 2075 est.¹)

246 2103 294 2168 Ex
317 2103 367 2169 his
388 2106 488 2188 igitur
511 2104 680 2169 codicibus
703 2104 750 2167 ita
773 2101 987 2184 comparatis,
1016 2106 1053 2164 ut
1082 2107 1115 2165 et
1138 2101 1308 2185 dignitatis

160 2213 421 2296 praestantiaque
448 2213 535 2278 ratio
563 2212 725 2277 habeatur
752 2216 786 2275 et
813 2231 990 2275 consensus
1020 2209 1253 2294 dissensusque
1276 2218 1310 2275 et

157 2326 331 2404 quaeratur,
354 2342 454 2403 quam
478 2322 674 2405 scripturam
698 2340 737 2384 ex
760 2340 826 2402 qua
848 2325 953 2383 ortam
977 2340 1048 2383 esse
1066 2318 1238 2402 probabile
1257 2321 1309 2398 sit,

155 2429 329 2512 reperitur,
353 2429 433 2513 quid
451 2431 484 2494 in
503 2429 614 2494 codice
632 2427 809 2511 archetypo
826 2425 941 2507 fuerit3
962 2427 1125 2510 reliquum
1143 2430 1308 2511 negotium

155 2538 298 2620 positum
323 2545 388 2618 est,
418 2544 454 2602 ut
478 2537 554 2616 dui,
582 2539 615 2603 in
639 2537 761 2602 codicis
784 2534 954 2619 archetypi
977 2537 1142 2618 scriptura
1164 2535 1207 2600 ad
1228 2558 1307 2613 rem,

155 2646 370 2724 sententiam,
399 2647 581 2711 orationem
603 2646 769 2721 Latinam,
800 2644 883 2708 Livii
905 2664 1000 2708 usum
1023 2644 1183 2726 exigenda
1205 2652 1251 2724 et,
1280 2648 1306 2710 si

155 2754 236 2838 qnid
259 2754 435 2839 discrepat,
456 2754 587 2819 indiciis
610 2761 644 2818 et
664 2754 753 2818 notis
769 2752 918 2817 veritatis
937 2752 1180 2835 persequendis,
1203 2754 1236 2817 in
1254 2774 1308 2817 ex-

157 2865 351 2948 cogitandis,
374 2885 447 2948 quae
465 2864 506 2927 iis
524 2868 602 2946 apte
620 2862 822 2941 conveniant,
845 2859 1146 2945 probabilitateque
1163 2861 1213 2940 iis,
1237 2883 1309 2945 quae

156 2973 330 3051 nominavi,
354 2972 527 3037 momentis
551 2968 777 3035 examinanda.

245 3080 324 3164 [Sed
346 3102 376 3144 a.
403 3084 484 3144 1860
512 3079 665 3144 standum
694 3078 727 3141 in
754 3076 805 3142 his
833 3078 947 3160 primis
975 3078 1086 3142 decem
1112 3078 1195 3143 Livii
1217 3079 1310 3146 libris

155 3197 230 3255 erat
263 3189 337 3254 sola
370 3187 435 3253 fide
469 3187 618 3254 codicum
645 3186 990 3266 Nicomachianorum3
1024 3208 1098 3250 nam
1128 3187 1168 3252 de
1197 3189 1308 3254 codice

155 3297 373 3383 palimpsesto
397 3296 577 3362 Veronensi
602 3294 673 3376 (V),
703 3306 799 3378 qu‘em
822 3316 922 3359 unum
945 3302 1039 3358 extra
1062 3295 1150 3360 illam
1174 3298 1307 3381 stirpem

155 3427 228 3471 esse
252 3406 413 3490 suspicari
436 3411 641 3488 poteramus,
671 3410 739 3467 tam
768 3423 874 3486 pauca
901 3411 981 3468 nota
1004 3411 1098 3468 erant
1121 3405 1174 3486 (ex
1189 3388 1233 3470 Ἀ.
1258 3406 1306 3471 W.

157 3514 300 3598 Zumptii
333 3513 448 3578 libello
484 3534 513 3577 a.
543 3514 607 3577 iam
646 3516 725 3575 1859
756 3511 845 3576 edito
881 3511 927 3576 de
962 3512 1223 3578 Livianorum
1256 3516 1306 3580 li·

157 3622 317 3688 brorum
352 3622 628 3705 inscriptione
664 3626 702 3684 et
737 3620 878 3685 codice
907 3622 1204 3703 antiquissimo
1234 3623 1306 3687 Ve-

159 3731 339 3809 ronensi,
367 3751 433 3814 quo
463 3751 491 3794 a.
516 3729 646 3793 demum
678 3732 756 3791 1861
787 3749 865 3791 usus
894 3749 980 3805 sum,
1009 3736 1042 3791 et
1071 3751 1109 3791 ex
1138 3732 1307 3812 particulis

160 3838 284 3903 duabus
305 3839 457 3904 brevibus
479 3838 545 3902 iarn
568 3842 645 3901 ante
668 3834 903 3899 aDetlefsenio
927 3834 1047 3914 editis),
1071 3843 1106 3898 ut
1129 3837 1168 3900 de
1191 3860 1307 3920 genere
1337 3867 1343 3878 ·

160 3947 230 4011 eius
251 3946 388 4011 iudicari
411 3948 462 4010 vix
485 3951 613 4030 posset,
646 3965 723 4007 usus
751 3943 822 4006 eius
851 3944 884 4006 in
907 3944 1054 4007 oratione
1077 3946 1308 4010 constituenda

157 4057 352 4139 perexiguus
382 4062 479 4119 esset.
532 4053 595 4119 Sed
618 4073 647 4116 a.
674 4056 754 4115 1868
777 4050 969 4117 Theodorus
992 4051 1240 4132 llonimsenius,
1270 4055 1306 4117 V.

156 4162 221 4240 el„
251 4162 408 4247 quicquid
431 4161 497 4227 illis
520 4161 610 4227 foliis
632 4160 856 4245 palimpsestis
880 4162 1065 4226 continetur
1087 4161 1307 4242 (continentur

156 4279 268 4337 antem
297 4278 410 4356 partes
439 4292 563 4355 magnae
591 4270 666 4335 libri
696 4269 760 4349 lll,
790 4267 849 4348 IV,
880 4269 922 4350 V,
950 4270 1062 4354 aliqua
1090 4271 1188 4333 etiam
1211 4268 1307 4353 Vlti),

186 4468 208 4532 ¹)
227 4467 331 4521 Lov.4
353 4467 382 4520 in
406 4466 478 4519 libro
507 4467 627 4535 septimo
655 4472 809 4536 octavoque
833 4466 878 4533 (do
901 4467 1090 4535 superioribus
1112 4483 1169 4519 non
1191 4466 1304 4521 memini

225 4569 277 4607 nec
294 4552 402 4617 notavi)
418 4551 565 4620 aliquoties
584 4552 658 4605 eolus
676 4570 739 4606 eum
757 4552 787 4605 M
805 4552 952 4616 consentit,
970 4551 999 4603 in
1017 4551 1098 4604 rebus
1117 4551 1173 4605 fere
1191 4552 1304 4607 minutis

226 4644 274 4692 aut
293 4638 440 4707 scripturis
458 4637 550 4692 dubiis
569 4642 617 4690 aut
635 4637 742 4690 vitiosis
761 4638 802 4702 (ut
810 4634 885 4700 VIII,
900 4654 922 4688 c.
936 4638 975 4701 17,
993 4637 1018 4700 2,
1037 4654 1058 4689 c.
1070 4639 1111 4704 24,
1129 4638 1163 4704 8),
1182 4640 1263 4693 semel
1275 4643 1304 4692 et

226 4724 328 4777 iterum
347 4741 409 4777 cum
428 4723 509 4777 bonis
528 4723 665 4781 omnibus.
685 4729 717 4776 nt
735 4741 757 4776 c.
780 4723 819 4787 19,
837 4723 854 4772 7
872 4726 901 4773 et
918 4723 941 4774 8.
