3008 4756
694 342 755 404 215
1167 355 1235 412 Lib.
1253 353 1302 410 IX.

161 552 163 555 ’
236 529 315 613 Cap.
340 533 391 606 30,
416 530 449 590 3:
484 526 533 590 Et
556 525 632 591 duo
655 526 827 608 imperia
850 547 894 590 eo
918 545 1020 590 anuo
1044 525 1134 591 dari
1158 533 1303 609 coepta

147 660 220 722 per
249 637 455 721 populum,
485 639 659 716 utraque
688 634 946 716 pertinentia
974 632 1023 697 ad
1050 653 1132 698 rem
1154 634 1302 698 milita-

148 767 243 825 rem,
273 766 407 822 unum,
435 747 480 806 ut
506 739 668 805 tribuni
696 740 872 805 militum
896 742 984 805 seni
1007 740 1099 805 deni
1121 741 1163 804 iu
1186 748 1302 822 quat-

148 860 243 918 tuor
265 852 449 934 legiones
472 870 492 913 a
514 848 665 933 populo
689 854 944 927 crearentur,
965 883 1009 892 -
1030 873 1089 928 -;
1117 848 1301 927 alterum,
1403 898 1406 903 .

148 966 192 1024 ut
221 959 459 1024 duumviros
482 956 648 1023 navales
671 954 817 1020 elassis
840 954 1028 1021 ornandae
1050 955 1302 1021 reficiendae·

146 1089 223 1151 que
247 1087 369 1131 causa
391 1064 496 1129 idem
519 1063 697 1146 populus
720 1061 890 1128 iuberet.
935 1062 1073 1127 Miratos
1095 1062 1194 1128 credo
1219 1063 1303 1128 Livii

148 1174 301 1257 aequales,
323 1174 352 1237 si
374 1172 444 1236 haee
468 1171 514 1235 sio
537 1170 661 1252 scripta
683 1169 842 1251 legerunt,
865 1170 1006 1252 primum
1027 1170 1167 1252 imperia
1190 1169 1301 1253 appel·
1360 1255 1362 1258 y

147 1282 209 1345 lari
253 1279 462 1345 tribunorum
507 1277 647 1340 militum
684 1277 718 1340 in
757 1277 943 1358 legionibus
982 1284 1016 1341 et
1056 1276 1301 1342 duumvirorum

147 1388 328 1464 navalium,
362 1407 445 1467 quos
479 1405 573 1449 nemo
607 1404 752 1466 unquam
781 1385 948 1449 Romanus
976 1385 1151 1468 imperium
1178 1385 1300 1449 habere

148 1495 239 1572 dixit,
269 1503 339 1558 tum
362 1491 610 1556 commemorari
633 1497 792 1574 tanquam
816 1492 990 1574 singulare,
1014 1513 1126 1556 eorum
1147 1493 1301 1575 imperio·

146 1623 219 1666 rum
253 1608 430 1682 utrumque
459 1598 656 1682 pertinuisse
686 1597 730 1662 ad
757 1619 826 1663 rem
855 1599 1046 1679 militarem,
1081 1601 1239 1682 quoniam
1267 1598 1301 1663 id

145 1708 281 1772 insitum
311 1714 383 1771 erat
405 1707 439 1769 iu
460 1706 591 1789 imperii
613 1711 735 1770 natura
756 1727 795 1770 ao
817 1707 971 1785 notione,
1000 1712 1037 1769 ut
1059 1707 1102 1771 ad
1125 1728 1194 1771 rem
1215 1707 1299 1771 mili-

146 1823 252 1880 tarem
281 1815 471 1897 pertineret.
528 1812 593 1878 Sed
619 1812 702 1877 nihil
729 1813 797 1878 tale
827 1814 869 1879 ab
898 1814 939 1878 iis
967 1814 998 1877 h.
1021 1813 1042 1877 l.
1066 1813 1188 1877 lectum
1217 1834 1299 1894 esse,

147 1923 175 1986 si
201 1943 254 1987 res
282 1921 356 2004 ipsa
377 1918 475 1985 fidem
497 1941 562 1984 non
584 1920 665 1984 facit
699 1920 755 2001 (-
778 1927 812 1985 et
834 1926 955 2003 quotus
978 1921 1119 2003 quisque
1143 1928 1208 1999 est,
1243 1922 1300 2004 qui

147 2051 186 2094 ea
213 2028 278 2092 fide
308 2035 397 2092 stare
425 2027 562 2091 firmiter
590 2027 734 2092 audeat?
755 2026 823 2108 —),
850 2028 951 2092 vincit
973 2029 1153 2094 auotoritas
1177 2029 1298 2094 codicis

145 2136 180 2200 M
204 2154 404 2219 quamquam
425 2134 579 2198 mendum
601 2135 707 2217 passi,
741 2135 777 2198 in
798 2157 864 2217 quo
888 2135 994 2218 prima
1015 2157 1115 2200 manu
1139 2138 1299 2218 scriptum

146 2249 210 2308 est:
245 2241 501 2306 etduosieria
530 2262 573 2305 eo
602 2261 703 2305 anuo
733 2247 810 2321 oet,
839 2242 946 2307 altera
977 2241 1107 2306 demum
1130 2264 1229 2307 mauu
1253 2243 1297 2322 id,

146 2350 233 2432 quod
263 2350 365 2414 ceteri
393 2349 525 2415 oodioes
554 2347 679 2413 habent
717 2348 867 2431 (prorsus
895 2355 933 2413 ut
961 2350 994 2413 in
1016 2349 1108 2429 VIII,
1142 2353 1197 2428 23,
1235 2352 1297 2432 10).

147 2458 186 2521 In
218 2457 372 2538 ambiguo
401 2456 458 2520 illo
488 2455 610 2520 codicis
640 2454 810 2539 archetypi
837 2456 971 2535 mendo,
1013 2457 1102 2539 quod
1130 2457 1298 2524 Medioeus

144 2566 296 2643 servavit,
324 2586 389 2629 non
411 2565 584 2647 imperia
607 2564 750 2642 suberat,
780 2563 847 2643 sed,
878 2563 968 2646 quod
990 2586 1091 2629 unum
1112 2566 1162 2631 rei
1184 2573 1298 2649 aptum

146 2679 208 2751 est,
232 2671 465 2736 ministeria.
510 2670 653 2735 Ministri
677 2672 762 2734 enim
787 2671 822 2735 hi
845 2672 1080 2755 imperatorum
1098 2680 1132 2738 et
1147 2674 1196 2738 rei
1214 2674 1298 2738 mili·

143 2781 226 2845 taris
255 2778 458 2844 instruendae
481 2777 816 2861 administrandaeque
840 2778 1008 2845 adiutores
1032 2787 1136 2846 erant.
1189 2779 1297 2862 [Quod

141 2887 268 2950 tribuni
297 2887 437 2950 militum
460 2885 549 2968 apud
571 2883 764 2950 Ciceronem
786 2886 920 2967 militiae,
950 2887 1071 2971 quibus
1100 2889 1181 2953 iussi
1211 2896 1296 2980 sunt,

142 2994 304 3074 imperare
339 2993 507 3070 dicuutur,
545 2990 622 3054 inde
656 3013 721 3056 non
755 2991 910 3072 efficitur,
944 3001 982 3058 ut
1013 2995 1202 3061 tribunatus
1236 2997 1295 3060 im·

142 3099 269 3180 perium
291 3099 343 3175 sit,
366 3096 487 3160 nedum
509 3097 735 3162 duumviratus
759 3099 873 3164 classis
895 3100 1103 3182 reficiendae]

210 3365 302 3433 inde,
334 3363 441 3433 dictu]
472 3366 638 3420 mirabile
669 3371 704 3419 et
736 3366 829 3435 quod
855 3367 1081 3423 demovendis
1109 3374 1206 3423 statu
1233 3388 1293 3425 suo

210 3452 320 3505 sacris
343 3450 549 3518 religionem
566 3449 686 3505 faeere
703 3456 834 3520 posset,
862 3469 958 3506 verum
976 3456 1063 3520 esset,
1091 3454 1114 3507 si
1132 3454 1293 3510 huiusmodi

209 3543 284 3590 esset
302 3536 455 3590 sententia:
479 3535 571 3604 quod
594 3536 799 3604 religionem
817 3537 934 3593 facere
953 3542 1080 3607 posset,
1103 3540 1171 3593 nisi
1190 3541 1293 3594 scire·

209 3638 280 3674 mus
299 3637 380 3674 casu
398 3620 583 3686 accidisse,
602 3625 652 3675 aut
669 3621 780 3686 similis3
803 3640 886 3690 nune,
906 3641 991 3691 quum
1000 3623 1106 3692 Livius,
1125 3624 1292 3694 religionum

208 3712 237 3759 et
253 3706 356 3760 veteris
375 3706 474 3774 moris,
497 3707 589 3760 verbis
609 3706 718 3774 saltem,
741 3707 840 3772 cultor,
865 3710 959 3777 sperni
978 3710 1102 3763 divinam
1120 3709 1290 3763 admonitio·

207 3807 269 3844 nem
289 3790 475 3844 aleatoribus
494 3790 580 3857 nolit,
607 3792 767 3846 necessario
792 3793 971 3847 scribendum
994 3800 1036 3848 est
1053 3795 1174 3864 possit.
1220 3793 1293 3849 Nam

206 3876 242 3928 ad
265 3875 342 3929 illam
365 3879 491 3942 aetatem,
518 3893 573 3943 qus
600 3892 644 3930 res
659 3882 735 3930 ‘acts
764 3882 819 3943 est,
845 3879 943 3931 referri
964 3879 1157 3948 imperfectum
1181 3887 1291 3949 tempus

205 3978 294 4028 neque
322 3978 367 4014 res
395 3961 463 4013 sinit
481 3959 524 4027 (-
544 3960 614 4016 nihil
638 3963 712 4015 enim
735 3961 770 4017 de
794 3964 932 4032 religione
954 3964 1057 4017 iniecta
1080 3971 1108 4018 et
1132 3965 1216 4017 saeris
1240 3982 1291 4018 suo

205 4051 281 4098 statu
306 4046 422 4099 servatis
447 4045 623 4113 significatur
648 4046 691 4112 -)
715 4064 806 4115 neque
830 4050 1013 4115 grammatica
1036 4050 1290 4104 inhonorationis

204 4129 307 4183 forms:
327 4128 480 4183 'truditur
498 4131 590 4199 inde,
609 4132 706 4186 dictu
724 4133 888 4187 mirabile
908 4137 941 4187 et
959 4133 1047 4202 quod
1066 4139 1118 4187 eet.
