3060 5272
717 824 774 885 131
1195 838 1258 893 Lib.
1278 838 1324 892 IV.

167 1013 299 1072 tantum
321 1007 364 1072 ad
387 1008 470 1073 duos
492 1008 660 1091 genetivus
682 1008 723 1073 iis
746 1007 914 1074 subiectos
931 1009 1127 1090 rettulisset,
1149 1011 1325 1076 colonia·

168 1136 253 1181 rum
276 1115 347 1180 sine
370 1115 491 1200 copula
513 1117 626 1199 vagari
647 1115 762 1182 noluit.
814 1116 1128 1198 (Weissenbornius,
1157 1138 1230 1200 quae
1252 1138 1324 1182 sen·

168 1224 273 1288 tentia
295 1223 433 1289 subesse
456 1223 600 1304 deberet,
624 1225 736 1304 sensit,
759 1224 816 1289 sed
839 1231 967 1290 retento
992 1225 1325 1307 coloniarumque

169 1331 323 1415 expedire
346 1354 410 1397 non
434 1331 603 1416 potuit.)¹)

255 1437 334 1524 Gap.
359 1444 416 1520 60,
451 1444 469 1505 3
504 1439 575 1522 (ubi
599 1441 711 1505 Livius
739 1439 1006 1505 commemoravit
1033 1440 1190 1522 gaudium
1217 1440 1324 1524 plebis

170 1546 211 1611 ob
246 1548 448 1631 stipendium
481 1547 522 1612 de
550 1547 684 1631 publico
714 1546 942 1632 promissum):
976 1546 1147 1612 Tribuni
1179 1546 1324 1631 plebis,

169 1656 388 1720 communis
418 1655 606 1720 ordinum
633 1656 792 1721 laetitiae
820 1654 1134 1737 concordiaque
1164 1655 1240 1720 soli
1264 1677 1323 1719 ex·

168 1768 325 1845 pentes,
359 1784 524 1846 negare,
559 1770 640 1828 tam
672 1762 713 1827 id
741 1761 1094 1847 laetumpatribns
1118 1763 1324 1828 universis

168 1890 240 1934 nec
262 1891 508 1954 prosperum
530 1871 634 1952 fore,
662 1892 780 1955 quam
808 1872 888 1956 ipsi
912 1871 1135 1936 crederent.
1186 1870 1324 1936 Tribuni

168 1999 283 2062 pamm
307 1977 484 2058 curabunt,
513 1979 594 2063 quid
616 1979 778 2063 patribus,
807 1979 968 2043 universis
991 1978 1184 2063 praesertim,
1213 1977 1324 2043 laetum

167 2084 314 2150 futurum
348 2093 450 2165 esset;
489 2087 628 2171 plebeiis
663 2086 747 2169 (qui,
788 2093 826 2151 ut
859 2107 946 2151 nunc
980 2086 1150 2164 scribitur,
1186 2106 1323 2170 prorsus

168 2194 378 2275 omittuntur)
408 2194 625 2260 consulebant
652 2201 711 2260 aut
733 2195 902 2259 consulere
926 2215 961 2259 se
985 2193 1179 2259 simulantes
1203 2193 1323 2259 donum

168 2308 300 2386 patrum
330 2309 523 2386 suspectum
545 2301 744 2382 reddebant,
779 2303 893 2386 itaque
916 2301 1086 2385 (proximis
1109 2301 1231 2383 verbis)
1254 2301 1323 2386 ple

166 2408 258 2474 beios
287 2411 377 2493 ipsos
409 2410 534 2475 tributo
564 2409 760 2475 conferendo
789 2411 962 2493 pecuniam
986 2409 1149 2494 stipendio
1171 2430 1323 2475 necessa·

167 2517 250 2580 riam
292 2516 455 2582 conficere
496 2524 647 2583 coactum
685 2518 727 2581 iri
767 2516 890 2581 dicunt.
954 2516 1090 2583 Sublato
1130 2516 1322 2600 patribus

168 2625 277 2689 omnia
299 2631 393 2691 recte
415 2632 492 2690 sunt
514 2647 574 2691 nec
597 2625 779 2709 quidquam
802 2625 970 2689 minimum
994 2624 1209 2689 desideratur.
1261 2622 1322 2701 Qui

168 2730 202 2795 id
225 2753 343 2797 nomen
366 2732 512 2815 addidit,
544 2733 674 2799 videtur
703 2734 911 2798 universis
939 2732 1064 2796 nudum
1088 2752 1127 2796 ac
1151 2732 1221 2797 sine
1245 2732 1321 2796 sub-

168 2841 311 2905 stantivo
350 2861 415 2905 non
454 2842 573 2907 tulisse
613 2847 648 2907 et
680 2842 713 2904 in
745 2840 954 2906 tribunorum
987 2839 1137 2904 oratione
1170 2839 1323 2923 patribus

166 2949 376 3030 potissimum
405 2948 556 3015 laetitiam
584 2949 754 3036 demptum
775 2949 816 3012 iri
839 2947 1019 3030 significari
1041 2947 1194 3013 voluisse.
1246 2947 1323 3029 (Ne-

164 3056 330 3138 gationem
355 3078 394 3121 ex
417 3056 517 3122 verbo
539 3059 723 3142 repetitam,
752 3063 790 3121 ut
814 3077 885 3120 nee
907 3077 1147 3140 prosperum
1170 3077 1230 3139 pro
1253 3062 1324 3120 aut

165 3162 309 3243 dicatur,
338 3187 403 3230 non
426 3185 725 3243 commemorarem,
756 3165 819 3229 nisi
842 3163 1018 3242 Dobreum‚
1047 3165 1138 3228 acuti
1159 3162 1323 3228 hominem

164 3270 294 3351 iudicii,
330 3273 388 3338 sed
412 3271 526 3337 Graece
556 3293 657 3356 quam
679 3272 796 3337 Latine
825 3271 1021 3351 doctiorem,
1055 3273 1088 3335 in
1117 3293 1157 3336 ea
1186 3271 1322 3337 haesisse

164 3378 324 3460 viderem,
355 3379 560 3446 satisfacient
590 3381 620 3445 ei
644 3379 859 3459 dubitationi,
889 3401 961 3462 quae
985 3379 1027 3444 ad
1051 3378 1116 3443 Cic.
1141 3380 1182 3444 de
1204 3380 1274 3444 Fin.
1299 3379 1322 3460 Ι,

169 3491 188 3549 9
222 3510 252 3570 p.
289 3493 329 3552 65
364 3487 547 3586 disputavit,
581 3486 638 3552 cfr.
673 3487 740 3552 Liv.
776 3487 823 3566 11,
859 3488 915 3565 45,
951 3492 979 3551 5.
1036 3487 1323 3553 Weissenbornius

192 3750 214 3815 ¹)
234 3747 348 3817 [Postea
375 3749 429 3803 ulia
452 3751 521 3803 mire
545 3712 693 3803 cavillatus
717 3755 768 3804 est.
805 3750 889 3804 Plebs
912 3749 1052 3802 libertatis
1075 3766 1183 3803 memor
1205 3747 1323 3803 consilia

231 3850 326 3888 earum
351 3851 445 3889 rerum
469 3835 612 3905 agitaturus
629 3840 704 3902 erat,
732 3836 762 3888 in
790 3836 891 3903 quibus
916 3850 977 3886 eam
1002 3833 1124 3887 maximo
1148 3833 1269 3901 spectari
1294 3837 1323 3887 et

229 3921 357 3989 usurpari
376 3918 514 3990 putabat]
555 3919 651 3987 (Initio
675 3919 775 3988 capitis
795 3917 871 3987 quod
888 3917 992 3971 vitiose
1011 3917 1163 3972 edebatur:
1182 3916 1321 3986 legatio

300 4006 436 4058 obviam
464 4003 544 4071 fuit,
578 4022 602 4058 s.
628 4006 692 4058 1861
722 4003 821 4058 sustuli
850 4003 984 4057 restituto
1012 4019 1027 4056 6
1055 4002 1200 4057 codicibus
1228 4019 1323 4056 recen·

231 4090 353 4143 tionibus
379 4090 469 4145 tribus
496 4089 606 4144 obvia
655 4088 727 4143 Nam
760 4090 893 4143 obviem
926 4105 998 4142 sum
1024 4089 1054 4141 in
1080 4106 1165 4157 prosa
1192 4088 1322 4142 oratione

230 4174 306 4229 bona
328 4182 413 4230 aetate
437 4192 520 4230 nemo
545 4175 648 4230 dixisse
671 4176 823 4245 reperitur;
847 4174 943 4229 Livius
966 4190 1001 4229 ne
1023 4174 1159 4229 obviam
1182 4173 1231 4228 iio
1257 4175 1318 4242 qui·

230 4261 303 4328 dem,
322 4260 398 4329 quod
417 4260 514 4314 Cicero
533 4260 612 4315 Verr.
632 4261 695 4314 Act
714 4260 736 4327 1,
758 4263 797 4326 18,
816 4278 868 4329 pro
887 4259 945 4314 Mil.
966 4262 999 4314 28
1017 4259 1120 4328 posuit
1163 4258 1236 4312 Livii
1255 4275 1322 4313 usus

228 4346 390 4400 constantia
423 4347 592 4416 perspicitur
624 4346 653 4399 in
684 4345 729 4398 his
760 4345 883 4415 quinque
909 4346 1064 4414 primorum
1081 4344 1218 4398 librorum
1237 4345 1321 4399 locis:

229 4431 249 4496 1,
271 4432 310 4497 10,
329 4432 359 4497 4,
381 4432 424 4497 26,
443 4433 459 4483 2
478 4430 555 4497 (mali
574 4431 683 4500 aliquot
701 4429 783 4486 codd
804 4431 962 4498 obviam);
986 4432 1028 4496 32,
1051 4432 1081 4495 8;
1103 4430 1146 4496 60,
1173 4432 1200 4495 1;
1224 4428 1260 4497 Il,
1278 4429 1321 4495 68,

227 4519 257 4581 4;
280 4515 334 4583 111,
357 4517 388 4584 6,
410 4518 521 4582 uest,
544 4519 607 4569 bet
626 4519 671 4583 11,
695 4518 724 4582 8;
747 4515 787 4582 V,
810 4518 857 4583 28,
884 4518 923 4569 10.
965 4514 998 4568 ln
1020 4512 1120 4581 XXIV,
1143 4516 1185 4582 86,
1207 4516 1224 4567 9
1245 4518 1322 4568 recte

227 4600 391 4655 Putesnens.
436 4600 469 4655 ln
492 4601 596 4655 obvia
616 4601 722 4656 lineola
739 4600 806 4655 addi
823 4600 930 4670 potnit,
957 4601 987 4653 in
1006 4599 1142 4666 obvius,
1170 4600 1316 4668 obvium,

227 4686 330 4754 obvii,
349 4685 470 4742 obvios
489 4686 568 4740 nulla
586 4690 630 4741 est
646 4685 785 4752 varietus.)

1049 4786 1083 4841 9⁰
