3060 5272
221 323 283 378 Lib
302 322 403 379 xxm.
770 309 831 370 322

222 502 351 561 tantum
380 495 508 560 consuli
534 494 593 561 illo
623 500 711 561 anno
734 495 915 559 exercitum
938 516 1010 560 esse
1032 495 1209 559 decretum.
1261 494 1383 579 Itaque

223 601 263 668 de
297 624 433 669 numero
467 604 670 667 exercituum
704 602 823 684 agitur.
879 601 916 666 ln
949 601 975 666 P
1003 624 1024 667 a
1052 605 1161 686 priore
1194 623 1294 667 manu
1328 609 1380 669 est

221 711 417 790 necundo,
440 733 479 776 ex
503 732 567 793 quo
591 710 699 776 altera
720 709 800 775 lecit
821 731 894 774 nec
916 711 1105 789 secundo,
1128 711 1218 795 quod
1239 711 1273 775 in
1296 708 1321 774 C
1344 718 1378 775 et

221 819 305 885 alios
339 819 483 884 transiit.
540 818 652 882 Livius
687 819 878 901 scripserat:
912 838 1000 897 nec,
1033 818 1137 883 unde
1172 818 1249 884 duo
1284 840 1379 883 con-

222 926 384 992 sulares
418 928 628 992 exercitus
662 935 724 991 cet.
779 925 829 990 Ex
862 924 978 1005 unde
1001 926 1076 990 duo
1110 925 1234 991 laetum
1261 926 1375 992 undo.

221 1033 526 1114 (Drakenborchius
565 1035 598 1098 in
640 1036 708 1100 suis
741 1034 870 1116 aliquot
903 1033 996 1098 codd.
1026 1017 1128 1099 fuisse
1160 1033 1274 1099 scribit
1306 1055 1378 1099 nec

220 1142 298 1207 duo
328 1143 378 1207 vel
406 1165 453 1208 ne
476 1142 552 1208 duo
576 1142 819 1208 consulares
842 1141 1064 1222 exereitus:
1097 1142 1228 1207 videtur
1250 1141 1377 1226 aliquid

220 1251 465 1316 correctoribus
494 1249 677 1315 suboluisse
706 1249 835 1331 veri.)¹)
891 1249 1065 1315 Postremo
1093 1249 1110 1333 ἓ
1133 1255 1167 1330 8,
1200 1257 1377 1334 postquam

220 1357 333 1422 Livius
356 1358 449 1438 dixit,
475 1365 624 1424 senatum
649 1359 808 1436 decresse,
831 1365 868 1422 ut
890 1380 930 1424 ex
952 1357 1099 1424 Marcelli
1122 1359 1268 1423 exercitu
1291 1356 1380 1422 Can·

219 1486 338 1531 nenses
371 1465 493 1532 milites
526 1468 560 1531 in
589 1465 736 1531 Siciliam
763 1465 1018 1531 traducerentur
1045 1465 1156 1548 ibique
1185 1467 1381 1544 militarent,

219 1573 323 1638 donec
357 1575 390 1638 in
419 1574 518 1640 Italia
551 1574 675 1640 bellum
709 1581 810 1648 esset,
843 1574 914 1639 haec
947 1574 1056 1652 addit,
1089 1581 1128 1638 ut
1159 1574 1229 1640 fere
1258 1574 1377 1639 indea

156 1684 159 1688 ’
219 1680 384 1775 Gronorio
418 1683 589 1748 scribitur:
624 1683 770 1747 Eodem
805 1704 850 1746 ex
884 1683 1106 1748 dictatoris
1139 1680 1380 1764 legionibus

220 1787 373 1871 (placuit)
412 1792 532 1855 reiici
573 1791 742 1856 militem
775 1792 929 1855 minimi
964 1812 1160 1874 quemque
1194 1789 1375 1867 roboris,

218 1895 331 1963 nullo
360 1900 596 1981 praestituto
621 1898 779 1964 militie
802 1905 1001 1982 tempore,
1032 1899 1110 1963 nisi
1134 1899 1200 1980 qui
1223 1898 1375 1980 stipen-

219 2005 374 2072 diorum
407 2006 687 2088 legitimorum
717 2016 865 2072 essent.
924 2005 1061 2072 Codices
1089 2006 1214 2070 habent
1243 2006 1311 2088 qui
1331 2040 1377 2092 >-

218 2121 340 2179 esset.
403 2114 562 2197 Exceptio
598 2117 680 2180 certi
714 2115 855 2180 militurn
890 2116 1019 2197 generis
1054 2116 1135 2192 sive,
1169 2113 1258 2194 quod
1294 2113 1379 2179 ordo⁴

216 2222 391 2288 verborum
419 2222 511 2288 iubet
541 2225 737 2307 (prasertim
766 2226 814 2289 sic
842 2225 954 2308 posito
982 2222 1094 2286 nullo
1116 2257 1159 2266 -
1182 2222 1295 2304 nisi),
1330 2223 1373 2286 ad
1443 2278 1447 2283 .

216 2337 347 2413 tempus
381 2330 507 2395 militiae
543 2333 609 2396 sive
644 2332 687 2397 ad
722 2333 952 2397 traiectionem
985 2332 1019 2395 in
1048 2330 1195 2396 Siciliam
1223 2331 1378 2408 refertur,

131 2492 135 2501 .
216 2450 353 2522 pravam
381 2439 482 2504 habet
510 2441 722 2518 sententiam:
757 2460 833 2504 nam
866 2460 971 2521 neque
1005 2446 1133 2521 tempus
1167 2439 1373 2521 praestituen-

217 2545 296 2613 dum
319 2554 391 2611 erat
412 2547 461 2625 iis,
485 2548 541 2630 qui
565 2549 703 2614 emerita
719 2547 886 2630 stipendia
903 2546 1080 2621 habebant,
1106 2545 1163 2610 sed
1181 2547 1244 2629 ipsi
1263 2546 1373 2611 dimit·

216 2653 308 2718 tendi
332 2653 468 2736 (itaque,
498 2654 587 2739 quod
610 2663 741 2739 tempus
766 2655 987 2738 praestitutum
1013 2655 1064 2732 sit,
1094 2675 1160 2717 non
1183 2653 1376 2734 indicatur),

216 2782 322 2843 neque
346 2783 429 2845 opus
453 2770 526 2828 erat
548 2763 627 2841 dici,
661 2765 695 2828 in
718 2761 864 2827 Siciliam
893 2784 958 2826 non
981 2762 1113 2840 missos,
1148 2763 1205 2843 qui
1229 2761 1376 2825 dimitte·

215 2876 339 2935 rentur.
397 2869 538 2937 Confieit
561 2893 644 2951 rem,
679 2869 768 2954 quod
797 2868 1075 2952 legitimorum
1099 2891 1189 2934 esse
1213 2870 1377 2952 stipen-

216 2978 390 3055 diorum,
426 2979 517 3044 side
542 2980 646 3044 milite
669 2979 805 3056 dicitur,
838 2999 903 3041 non
928 2978 1064 3042 emerita
1086 2977 1251 3060 stipendia
1273 2978 1372 3060 signi·

214 3086 306 3165 licat,
346 3088 403 3152 sed
437 3088 580 3172 aliquem
613 3086 841 3169 legitimorum¹
870 3086 1109 3169 stipendiorum
1143 3085 1371 3168 perfunctione

130 3204 201 3278 (aot)
220 3196 335 3261 teneri.
381 3194 487 3272 Quum
511 3195 699 3261 Cannenses
722 3195 842 3260 milites
865 3196 912 3259 sic
934 3194 968 3258 in
985 3193 1130 3259 Siciliam
1153 3193 1376 3272 mitterentur,

215 3310 266 3380 ut,
302 3304 458 3386 quamdiu
491 3306 524 3368 in
557 3304 655 3369 Italia
688 3303 810 3368 bellum
845 3310 950 3380 esset,
984 3302 1179 3377 militarent,
1214 3301 1371 3385 adempta
1410 3283 1421 3306 ⁸

213 3412 378 3476 missionis
405 3411 551 3495 legitimo
579 3420 727 3496 tempore
756 3434 828 3495 spe,
865 3411 983 3475 ceteris
1013 3408 1121 3473 Livius
1149 3408 1276 3472 nullum
1304 3411 1369 3473 nisi

213 3518 395 3602 legitimum
423 3527 456 3584 et
478 3541 648 3585 commune
672 3520 893 3603 praestitutum
916 3517 1041 3581 militias
1063 3523 1194 3599 tempus
1219 3517 1369 3600 scripsit:

213 3626 325 3691 nullo
350 3628 587 3711 praestituto
610 3626 986 3707 militiaetempore,
1009 3626 1090 3690 nisi
1113 3625 1369 3708 1111111ςὶ11-

218 3801 441 3808 ..—---—.-—.-

241 3899 263 3964 ¹)
282 3897 421 3968 [Ridicule
443 3896 552 3965 (quidni
570 3897 645 3951 enim
664 3896 787 3963 dicaml)
812 3897 1069 3962 Weissenbomius‚
1093 3903 1125 3951 nt
1142 3899 1368 3964 emendationem

279 3983 358 4048 vitet,
385 3982 495 4053 pondus
522 3999 582 4035 esse
610 3980 680 4036 dicit
708 3983 737 4036 in
763 3982 867 4036 firmi.
913 3981 988 4038 Nihil
1017 3991 1089 4050 erat,
1117 4001 1167 4040 cur
1190 4002 1247 4038 non
1271 3983 1367 4038 firmus

279 4068 435 4123 consularis
455 4067 595 4121 exercitus
616 4068 798 4134 scriberetur;
822 4068 948 4136 alioquin
967 4071 1040 4124 enim
1059 4071 1167 4125 nullum
1186 4070 1271 4126 scribi
1291 4069 1367 4123 Sem·

277 4154 395 4222 pronius
414 4151 554 4218 iussisset3
573 4152 621 4206 sed
640 4153 748 4207 duobus
767 4153 920 4208 efficiendis
938 4155 1064 4210 sulficere
1079 4157 1207 4210 homines
1221 4152 1368 4224 negabat]
