3060 5272
158 306 220 360 Lib.
238 307 363 362 XXVIII.
702 297 766 357 414

159 482 193 545 in
225 481 319 546 codd.
351 487 402 545 est
434 500 505 546 nec
538 480 615 545 tibi
649 481 780 560 inme
816 502 891 545 neu
924 478 1022 545 mihi
1055 517 1099 528 -
1126 480 1197 561 sit,
1233 502 1320 567 quo-

159 590 248 654 niam
275 609 348 654 nec
375 625 419 634 —
447 610 523 653 neu
557 590 590 654 in
619 588 836 671 prohibendo,
872 591 905 654 in
935 590 999 655 hac
1026 589 1212 674 praesertim
1239 589 1321 656 bre·

158 699 259 761 vitate
294 699 470 772 orationis,
509 695 680 760 ferendum
720 718 785 761 non
826 698 956 763 videtur
995 720 1101 782 neque
1139 697 1321 765 librarium

158 827 235 871 neu
264 826 322 888 pro
350 825 423 869 nec
451 804 622 887 scripsisse
645 805 713 868 veri
741 805 847 870 simile
870 813 937 886 est,
970 805 1142 891 Ussingius
1164 827 1241 873 neu
1274 842 1319 855 —

159 934 232 978 neu
268 912 368 978 scribi
404 912 510 977 iussit.
567 909 584 994 ἓ
615 915 653 974 19
687 914 874 978 1000101110
908 936 969 996 pro
1004 916 1136 999 possit
1168 914 1320 981 scriben-

159 1021 236 1086 dum
265 1027 316 1085 est
342 1026 485 1104 posset
506 1020 540 1083 in
563 1019 627 1084 hac
650 1021 810 1085 orationis
832 1021 953 1087 forma:
983 1029 1190 1088 cresceret
1215 1023 1320 1089 milri

159 1150 205 1193 ex
239 1150 282 1193 eo
317 1130 406 1213 ipso
442 1127 615 1204 fiducia,
649 1127 757 1210 quod
791 1136 929 1213 posset
958 1166 1013 1210 —,
1048 1137 1204 1197 tantum
1231 1152 1319 1197 mo-

159 1237 282 1301 menti
305 1258 414 1316 esse,
437 1236 524 1300 idem
546 1235 701 1299 mendum
724 1256 810 1320 saepe
833 1239 954 1303 notavi.
999 1237 1105 1320 1863.)

244 1344 322 1429 Cap.
346 1349 396 1423 44,
421 1348 454 1408 6:
484 1342 568 1408 Una
590 1349 630 1407 et
652 1345 874 1410 traiecisse
897 1368 953 1411 me
976 1347 1164 1412 audietis
1188 1351 1227 1412 et
1251 1368 1319 1413 ar·

159 1454 253 1517 dere
275 1451 385 1516 bello
409 1450 587 1516 Africam
610 1457 650 1515 et
671 1452 904 1517 molientem
926 1454 1018 1519 hinc
1040 1452 1318 1521 Hannibalem

160 1568 199 1626 et
228 1560 413 1625 obsideri
444 1557 740 1639 Carthaginem.
792 1559 990 1626 Gravissimc
1013 1561 1149 1628 offendit
1170 1561 1242 1627 haec
1263 1563 1318 1628 in·

159 1667 334 1749 equalitas
368 1667 623 1731 enumerationis
657 1671 691 1730 et
723 1668 927 1750 partitionis:
962 1676 1001 1734 et
1030 1670 1175 1735 ardere
1201 1704 1246 1716 —
1276 1677 1319 1736 et

159 1773 393 1839 molientem
416 1781 521 1839 —et
555 1773 753 1839 obsideri.
800 1775 884 1840 Nam
914 1777 999 1842 alius
1034 1778 1163 1861 generis
1196 1783 1248 1842 cst
1282 1778 1320 1843 in

160 1882 261 1961 XXX,
292 1887 340 1961 18,
366 1887 403 1945 13
428 1882 640 1946 cadentem
662 1883 910 1966 auferrique,
934 1887 1088 1968 quoniam
1111 1885 1233 1950 dicitur
1254 1906 1318 1968 per

160 2012 195 2057 se
218 1992 333 2057 video
356 1990 580 2069 cadentem,
608 2012 673 2055 non
697 1990 818 2055 dicitur
840 1992 903 2056 hac
926 1991 1166 2074 significatione
1191 1992 1316 2058 audio

159 2099 402 2165 molientem.
446 2099 552 2163 Aliter
575 2099 675 2163 etiam
699 2099 784 2179 XXI,
808 2103 859 2177 33,
883 2104 902 2161 2
926 2108 959 2164 01
982 2100 1161 2181 XXXVIII,
1184 2105 1238 2180 40,
1263 2105 1315 2167 10.

160 2207 327 2273 Praeterea
348 2230 415 2274 non
437 2214 527 2272 recte
550 2206 744 2271 Hannibalis
768 2207 896 2271 molitio
919 2209 1144 2292 interponitur
1161 2230 1201 2274 01(
1218 2229 1315 2291 aquo

160 2315 273 2394 rebus,
302 2336 386 2398 quas
415 2315 457 2378 ab
486 2317 557 2398 ipso
588 2314 740 2399 Scipione
769 2316 801 2379 in
824 2314 936 2379 Africa
964 2317 1034 2397 geri
1056 2316 1196 2381 Romani
1220 2316 1316 2381 audi·

158 2423 225 2487 turi
255 2429 342 2488 sunt.
398 2422 555 2507 Suspicor
583 2422 709 2486 Livium
738 2424 924 2506 scripsisse:
959 2430 1000 2488 et
1028 2423 1174 2489 ardere
1201 2423 1316 2490 bello

158 2530 340 2594 Africam
380 2537 432 2609 et,
471 2530 668 2594 moliente
709 2529 802 2595 hinc
840 2531 1090 2610 Hannibale,
1131 2531 1316 2597 obsideri

160 2635 463 2720 Carthaginem.
520 2637 605 2701 Dum
645 2637 687 2700 ad
727 2637 806 2702 belli
839 2639 873 2703 in
907 2637 1017 2703 Africa
1050 2640 1197 2704 ardentis
1230 2661 1316 2704 nun·

158 2746 242 2810 tium
264 2744 432 2809 Hannibal
462 2766 501 2809 ex
524 2744 622 2808 Italia
650 2766 723 2808 cum
747 2744 873 2810 difficili
896 2747 1062 2812 molimine
1084 2747 1192 2812 redire
1215 2767 1315 2812 cona·

158 2860 227 2933 tur,
263 2854 329 2918 iam
357 2851 563 2917 obsidebitur
587 2851 761 2935 Carthago.
798 2854 921 2936 (1876.)
967 2853 1075 2938 [Quod
1101 2858 1182 2919 1863
1204 2860 1314 2920 tenta·

158 2982 284 3026 veram:
320 2959 499 3026 Africam
535 2961 793 3026 emolientem
822 2969 892 3042 cet,
916 2984 981 3026 non
1007 2962 1129 3027 <licitur
1152 2962 1315 3029 emoliri

157 3069 220 3133 nisi
244 3069 360 3150 (1000,
396 3069 483 3152 quod
510 3069 636 3153 aliquid
666 3091 705 3133 ex
735 3091 769 3134 se
799 3070 916 3135 eiicere
946 3076 1100 3150 conatur,
1134 3078 1168 3135 et
1195 3092 1236 3136 ne
1265 3072 1314 3137 sic

157 3178 288 3260 quidem
311 3179 376 3243 nisi
398 3176 560 3263 perraro]

242 3284 320 3369 Cap.
349 3291 405 3366 45,
443 3290 481 3350 10
509 3292 684 3370 postquam
714 3285 825 3350 Livius
855 3284 895 3349 de
926 3285 1098 3350 consulum
1128 3286 1161 3350 in
1190 3306 1313 3351 annum

156 3395 217 3458 205
241 3395 419 3478 provinciis
443 3392 605 3474 (111111-
626 3416 703 3459 nam
725 3400 903 3477 praetorum
926 3394 1111 3477 provincias
1134 3395 1199 3457 iam
1222 3397 1312 3459 c.·38

155 3501 313 3567 indicavit
335 3502 390 3581 -)
420 3507 454 3567 et
483 3501 524 3566 de
547 3503 685 3585 imperio
707 3502 805 3566 alteri
828 3523 868 3565 ex
891 3502 1069 3585 superioris
1092 3503 1169 3566 anni
1193 3522 1312 3567 consu·

155 3608 243 3674 libus
265 3615 454 3693 prorogato,
482 3609 627 3675 breviter
649 3609 718 3674 haec
742 3609 892 3674 subiicit:
922 3617 961 3675 et
984 3610 1137 3674 ceteris
1159 3615 1311 3694 praetcr

156 3717 348 3782 consules
371 3725 666 3802 praetoresque,
697 3719 763 3800 qui
786 3717 1042 3784 exercitibus
1066 3717 1311 3802 provinciis-

224 3992 305 4058 sim).
349 3992 384 4046 In
404 3992 544 4062 Scipionis
568 4011 690 4063 persona
712 3994 752 4048 110
778 3992 899 4060 denique
917 3994 1037 4049 vertitur
1054 4000 1227 4048 momentum
1245 4010 1308 4047 ora·

223 4077 324 4144 tionis,
347 4084 378 4131 ut
401 4084 555 4147 queratur,
579 4080 654 4132 sitne
676 4080 703 4134 11
721 4079 829 4148 Scipio,
852 4081 929 4134 01111
952 4080 1063 4148 imperii
1082 4079 1186 4134 tradere
1204 4078 1309 4133 milites

223 4168 362 4231 oporteat
398 4162 484 4219 Nulla
502 4169 547 4217 011
564 4163 593 4217 in
610 4164 664 4220 hac
683 4165 819 4220 orationis
837 4164 928 4220 forma
944 4166 1082 4234 exceptio.
