3060 5272
720 797 782 857 223
1214 808 1276 862 Lib.
1295 807 1328 860 K

173 983 233 1048 sod
261 1002 363 1047 naves
387 980 471 1061 (tum
493 978 614 1063 ipsum)
638 981 816 1062 circumagi
840 988 874 1044 et
895 981 1073 1062 circumagi
1096 981 1129 1044 in
1152 980 1329 1044 stationem

172 1097 281 1156 tutam
300 1088 404 1172 (quod
426 1086 466 1152 de
490 1088 607 1153 alienis
630 1087 768 1153 navibus
785 1110 903 1171 parum
921 1089 1069 1153 curaturi
1087 1087 1204 1167 erant),
1228 1107 1329 1168 quum

174 1200 286 1264 Livius
313 1198 382 1280 ipse
411 1202 488 1279 post
515 1193 547 1276 (ἐ
579 1195 632 1276 lu)
660 1195 838 1277 significet,
873 1195 1006 1261 illorum
1035 1195 1182 1260 locorum
1205 1193 1329 1259 incolas

175 1305 283 1370 nullas
305 1302 459 1369 habuisse
481 1303 546 1368 nisi
569 1301 744 1367 fluviatiles
766 1323 880 1380 naves,
909 1323 983 1386 quae
1011 1323 1077 1367 non
1105 1324 1145 1366 ex
1174 1302 1242 1366 alto
1266 1302 1329 1366 cir-

174 1411 432 1495 cumagebantur
454 1410 553 1476 etad
576 1430 659 1493 quas
682 1411 890 1493 accipiendas
913 1432 996 1493 opus
1018 1430 1083 1474 non
1106 1416 1180 1474 erat
1196 1408 1328 1473 flumine

174 1519 353 1604 praealto.
403 1519 511 1583 Nares
539 1518 642 1601 igitur
669 1517 847 1583 manifesto
875 1517 981 1600 ipsius
1009 1515 1179 1600 Cleonymi
1207 1514 1329 1599 signifi·

174 1633 303 1707 cantur,
338 1627 552 1709 indicantque
587 1625 814 1709 exploratores
844 1626 914 1690 eins
942 1626 991 1690 rei
1019 1623 1226 1702 facultatem,
1264 1644 1332 1706 qua

173 1758 248 1801 mox
269 1737 297 1799 is
320 1735 436 1813 utitur,
459 1731 569 1798 invehi
592 1731 728 1797 classem
751 1732 876 1798 iubens.
921 1733 1037 1815 Itaque
1059 1732 1130 1796 haee
1154 1732 1201 1795 sie
1224 1730 1330 1796 cohae-

174 1864 245 1908 rere
278 1848 433 1927 apparet:
473 1841 678 1905 ulteriora
712 1840 840 1905 colles
875 1840 1009 1905 videri
1043 1860 1145 1918 esse;
1181 1839 1331 1903 ostium

173 1951 359 2015 fluminis
388 1948 569 2031 praealti,
599 1968 677 2029 quo
707 1949 934 2030 circumagi
961 1968 1084 2012 naves
1112 1947 1152 2010 in
1180 1946 1331 2011 statio-

174 2079 258 2123 nem
287 2062 419 2121 tutam
447 2057 480 2133 *‚
513 2055 685 2134 vidisse3
719 2077 785 2119 non
808 2055 939 2132 dubito,
974 2055 1053 2137 quin
1075 2060 1153 2119 ante
1175 2054 1332 2119 vidisse

175 2164 334 2231 exciderit
356 2167 535 2246 possent.
592 2161 655 2243 (De
683 2162 840 2228 vidisse
870 2183 930 2246 pro
959 2183 1001 2227 se
1023 2162 1179 2228 vidisse
1200 2162 1235 2225 in
1258 2182 1331 2227 ora-

174 2274 264 2338 tione
288 2271 426 2353 obliqua
447 2271 577 2353 longius
601 2270 794 2335 continuata
815 2268 896 2334 nihil
919 2291 1001 2352 opus
1025 2277 1075 2335 est
1096 2268 1186 2351 dici.)

260 2377 339 2462 Gap.
365 2383 399 2456 3,
430 2382 463 2442 7:
495 2379 563 2461 qui
593 2385 729 2443 terror
757 2376 994 2459 (Romanorum
1016 2377 1059 2442 ab
1082 2378 1233 2442 Etruscis
1256 2397 1330 2441 cum

174 2486 271 2552 foeda
305 2486 393 2551 caede
426 2487 461 2550 in
494 2491 603 2550 castra
637 2484 896 2568 compulsorum)
930 2506 1006 2549 non
1040 2505 1086 2550 eo
1119 2491 1284 2549 tantum
1312 2505 1333 2549 a

176 2593 298 2658 Fabio
321 2592 496 2674 (Maximo,
526 2613 624 2675 quem
648 2592 760 2657 Livius
789 2591 865 2656 huic
894 2590 981 2655 bello
1010 2589 1196 2656 interfuisse
1218 2591 1332 2674 negat)

176 2701 388 2779 abhorret,
423 2701 546 2784 quod,
582 2700 616 2764 si
645 2719 723 2781 qua
751 2699 836 2763 alia
864 2704 951 2762 arte
975 2718 1194 2781 cognomen
1218 2720 1333 2764 suum

176 2809 367 2892 aequavit‚
403 2814 487 2873 tum
517 2806 687 2871 maxime
716 2805 884 2871 bellicis
912 2805 1115 2872 laudibus,
1173 2805 1334 2882 Quoniam

175 2915 346 3000 particula
380 2922 464 2979 tum
499 2915 547 2978 sic
579 2914 613 2977 in
647 2913 867 2996 comparando
898 2912 988 2997 (post
1021 2915 1055 2979 si
1089 2915 1179 2996 quis
1208 2912 1332 2993 alius)

176 3021 297 3087 addita
318 3022 446 3086 nullum
468 3023 600 3086 omnino
623 3020 810 3103 exemplum
832 3027 973 3100 estnec,
996 3021 1075 3105 quid
1097 3029 1184 3104 agat,
1207 3021 1334 3088 intelle·

176 3131 280 3212 gitur,
308 3128 404 3194 valde
428 3130 594 3211 suspicor,
623 3148 695 3192 eam
719 3148 759 3192 ex
781 3128 928 3193 litteral
950 3129 1146 3211 praecedenti
1170 3137 1204 3195 et
1227 3150 1254 3191 ιιι
1278 3150 1329 3194 se·
1347 3145 1419 3216 (188)

176 3237 292 3319 quenti
326 3243 434 3301 ortam
468 3256 540 3300 esse
575 3235 863 3316 scribendumque:
903 3237 1022 3318 quod,
1062 3239 1096 3301 si
1135 3259 1213 3320 qua
1251 3239 1334 3303 alia

176 3350 276 3423 arte,
323 3363 543 3424 cognomen
583 3364 700 3407 suum
740 3344 916 3425 aequavit
954 3345 1124 3409 maxime
1164 3345 1332 3411 bellicis

176 3450 380 3516 laudibus.
427 3450 566 3533 [Quum
589 3451 766 3529 maxime,
792 3451 882 3534 quod
905 3451 1000 3517 rideo
1024 3452 1122 3516 alicui
1140 3454 1173 3517 in
1191 3459 1334 3519 mentem

177 3560 314 3637 venisse,
336 3557 414 3623 hinc
437 3557 580 3622 alienum
603 3556 678 3639 est]
722 3557 875 3622 Proximo
898 3559 1006 3640 capite
1031 3557 1077 3640 (4)
1101 3557 1118 3640 ἓ
1142 3563 1161 3623 9
1184 3560 1275 3641 quod
1298 3568 1331 3625 et

177 3666 307 3732 codices
337 3673 370 3730 et
399 3666 560 3730 editiones
589 3665 665 3730 inde
689 3685 710 3729 a
732 3664 898 3730 Gronovio
926 3665 1064 3730 habent:
1099 3687 1170 3731 nec
1198 3673 1332 3733 tamen

178 3774 341 3838 iniussu
379 3794 540 3838 movere
581 3771 789 3850 auderent,
829 3792 958 3852 vereor,
997 3793 1038 3837 ne
1077 3774 1232 3840 mendose
1271 3797 1332 3859 pro

178 3882 329 3945 moveri
357 3880 532 3945 scribatur.
584 3879 662 3956 Quae
693 3880 779 3944 enim
807 3879 958 3962 exempla
984 3879 1075 3945 verbi
1103 3903 1261 3947 movere
1284 3884 1333 3947 in·

178 3988 350 4053 transitive
379 3989 481 4071 positi
510 3988 720 4071 reperiuntur
747 3987 906 4070 plurima,
940 3986 1064 4052 eahae
1087 3989 1161 4072 ipsa
1183 3991 1332 4056 multitu-

180 4093 255 4160 dine
278 4101 386 4160 certos
410 4095 480 4159 eius
502 4116 582 4159 usus
605 4093 686 4159 lines
710 4082 902 4174 ostendunt3
934 4095 1163 4162 diciturenim
1187 4098 1227 4163 de
1250 4100 1332 4165 duce

180 4210 238 4267 aut
278 4201 318 4267 de
357 4208 428 4266 toto
469 4203 613 4266 exercitu
648 4223 665 4266 e
700 4204 819 4268 eastris
858 4202 965 4268 aliove
1004 4204 1078 4270 loco
1112 4205 1335 4288 proficiscenti

180 4305 424 4388 (auibrechen)‚
458 4330 625 4391 nunquam
660 4309 701 4374 de
735 4311 873 4394 singulis
906 4310 1093 4377 hominibus
1129 4334 1164 4377 se
1193 4335 1334 4381 commo·

178 4415 333 4482 ventibus
356 4415 441 4498 (sich
464 4416 598 4498 riihren)
622 4424 655 4482 et
677 4418 977 4502 prorumpentibus.
1028 4419 1097 4499 VII,
1128 4426 1176 4500 14,
1200 4428 1219 4486 8
1242 4432 1331 4490 recte

178 4522 334 4589 Hertzius
372 4525 537 4589 revocavit
576 4526 726 4589 moveri
765 4525 797 4606 (e
831 4525 962 4590 MLlHl
1005 4528 1123 4592 ceteris
1165 4531 1331 4613 omnibus)
