3060 5272
240 349 302 402 Lib.
321 347 430 401 XXXV.
789 337 850 396 512

242 522 535 602 interpretamento
558 518 731 583 manifesto
755 524 875 582 restat:
900 522 938 583 c't
956 519 1084 600 (etium)
1102 519 1284 586 hostium
1307 544 1401 588 aux·

243 627 386 690 iliores
410 625 456 705 (id
477 634 528 690 est
547 625 735 705 Cretenses)
759 628 1021 708 equitumque
1043 627 1148 691 idem
1172 650 1307 712 genus,
1330 629 1400 695 Ta·

242 734 397 799 rentini
436 741 497 798 cet.
559 733 622 798 Sed
661 734 731 797 haee
770 754 901 816 quoque
935 740 1102 816 postrema
1136 757 1198 800 vox
1232 736 1400 814 (Taren-

242 843 330 921 tini)
349 842 443 906 valde
462 848 615 924 suspect-a
631 840 669 904 fit
686 840 832 905 eiusdem
850 841 985 923 originis
1004 863 1084 906 esso.
1128 842 1228 924 (1863
1241 850 1275 907 et
1290 844 1399 923 1876.)

153 956 228 1023 (411)
333 949 412 1032 Cap.
437 953 486 1021 31,
513 953 544 1010 1:
578 948 674 1011 Dum
698 949 806 1011 inter
828 948 994 1013 Achaeos
1019 958 1059 1014 et
1081 956 1293 1033 tyrannum
1316 950 1400 1016 bel·

242 1059 321 1121 lum
350 1066 459 1133 erat,
493 1055 623 1138 legati
654 1056 921 1120 Montanorum
950 1056 1167 1122 circumire
1196 1058 1400 1123 sociorum

243 1165 378 1243 urbes,
413 1164 605 1239 solliciti,
640 1184 689 1226 ne
717 1162 843 1227 AEtoli
878 1163 1009 1244 partis
1037 1163 1215 1229 alicuius
1245 1166 1400 1231 animos

243 1273 292 1337 ad
315 1271 557 1336 Antiochum
589 1272 852 1334 avertissent.
908 1270 957 1334 Ne
985 1269 1047 1335 hoc
1078 1270 1210 1353 quidem
1233 1272 1307 1337 loco
1328 1272 1401 1338 ullu

124 1418 127 1422 ·
243 1388 294 1445 est
324 1381 474 1463 repetitae
504 1379 622 1460 saepius
652 1400 710 1460 per
738 1377 872 1460 aliquod
895 1384 1024 1459 tempus
1048 1379 1189 1443 actionis
1212 1387 1271 1444 aut
1292 1388 1400 1445 status

243 1489 382 1553 alicuius
406 1488 515 1569 coepti
539 1492 572 1549 et
595 1486 797 1566 aliquamdiu
822 1486 984 1549 manentis
1008 1484 1218 1567 significatio,
1253 1508 1326 1570 quae
1350 1488 1399 1552 in·

243 1595 360 1659 finitivi
388 1594 537 1658 historici
569 1594 704 1675 propria
732 1599 792 1670 est,
822 1592 879 1656 sed
914 1594 961 1656 rci
992 1594 1092 1657 semel
1121 1595 1216 1659 factae
1239 1597 1398 1661 namatio.

244 1703 360 1784 ltaque
384 1702 547 1782 sequitur:
577 1700 782 1763 Minimum
805 1720 935 1782 operae
958 1702 995 1764 in
1020 1701 1173 1766 Achaeis
1196 1702 1399 1767 adeundis
1429 1740 1433 1745 -

244 1815 594 1891 consumpserunt.
647 1807 863 1872 Scribeudum
891 1808 990 1890 igitur
1019 1830 1086 1872 una
1114 1810 1228 1874 littera
1250 1809 1397 1875 adiecta:

245 1918 502 1991 circumiere,
536 1915 811 1998 quemadmodum
844 1917 909 1980 iarn
943 1916 976 1979 in
1005 1916 1206 1981 editionibus
1235 1916 1400 1983 veteribus

244 2026 402 2108 scriptum
422 2030 482 2088 est.
523 2021 715 2087 Contrarius
733 2044 825 2087 error
842 2023 1008 2088 tollendus
1026 2024 1090 2087 erit
1108 2024 1270 2103 Xlllll'll,
1294 2028 1344 2105 31,
1362 2030 1399 2104 l';

243 2133 302 2197 cfr.
327 2130 559 2210 adxx11,47,
584 2134 751 2213 1111252.
799 2129 873 2211 [Ire
897 2153 956 2213 pro
981 2122 1261 2197 10101101Η1
1294 2132 1318 2211 I,
1348 2136 1401 2213 27,

244 2246 273 2319 11,
301 2241 410 2304 inter
439 2240 497 2303 irc
526 2260 585 2321 pro
614 2239 813 2303 interiere
843 2238 875 2301 M
900 2246 933 2302 et
958 2238 981 2300 P
1007 2238 1057 2316 l'l,
1085 2238 1178 2320 1‚2.]

330 2348 407 2430 Cup.
433 2351 483 2420 32,
507 2352 527 2409 4
551 2346 621 2425 (ubi
638 2346 747 2410 Thoas
770 2354 804 2410 ct
826 2346 1000 2429 Menippus
1023 2347 1176 2410 Antiochi
1202 2368 1282 2430 opes
1306 2354 1401 2411 extu-

243 2456 320 2520 lisse
349 2453 633 2519 commemorando
663 2452 853 2533 narrantur)
882 2454 1091 2518 scribendum
1120 2462 1171 2518 est
1194 2475 1233 2518 ex
1256 2454 1304 2519 M:
1340 2456 1401 2519 in·

245 2568 404 2645 gentem
433 2563 506 2624 uim
536 2560 715 2643 peditum
739 2562 1003 2643 equitumque
1027 2562 1179 2640 venire3
1213 2582 1257 2626 ex
1279 2561 1402 2627 India

246 2668 487 2751 elephantos
510 2669 687 2745 accitos,
722 2675 817 2731 ante
847 2670 1048 2732 omnia-
1071 2676 1231 2733 tautum
1255 2668 1401 2734 advehi

245 2778 349 2853 suri,
384 2783 427 2839 ut
456 2777 567 2857 ipsos
598 2796 726 2839 eruere
751 2776 945 2840 Romanos
976 2784 1124 2858 posset.
1172 2776 1291 2860 Vulgo,
1325 2796 1401 2841 sua·

246 2906 319 2949 sore
350 2882 531 2959 Gronovio,
566 2882 591 2945 B
622 2889 655 2946 et
683 2882 882 2947 deteriorum
917 2886 1115 2948 auctoritate
1144 2884 1308 2949 omittitur
1335 2906 1401 2950 ac-

249 2993 370 3067 citos;
405 2990 462 3055 sed
496 2990 548 3053 hie
577 3012 705 3073 quoque
737 2992 919 3056 omittendo
949 2992 1097 3055 vitiatum
1125 2991 1224 3056 fuisse
1253 2992 1402 3056 codicem

158 3114 231 3183 (412)
250 3099 366 3163 horum
401 3105 570 3181 parentem
605 3098 751 3162 ostendit
784 3100 942 3163 orationis
971 3098 1076 3163 forma
1104 3107 1138 3163 et
1164 3099 1298 3164 verbum
1326 3119 1402 3164 cum

247 3207 375 3271 delectu
399 3228 491 3270 suum
516 3206 633 3288 cuique
657 3206 801 3270 membro
826 3207 954 3270 datum:
978 3207 1113 3271 venire
1138 3208 1191 3287 (ex
1214 3208 1286 3290 ipso
1310 3207 1403 3271 Anti-

183 3364 186 3369 ·
245 3315 320 3380 ochi
342 3314 472 3397 reguo),
503 3314 663 3378 accitos
687 3314 718 3393 (c
741 3313 920 3396 longinqua
942 3321 975 3378 et
998 3317 1170 3397 peregriua
1191 3316 1309 3396 terre),
1338 3314 1403 3379 utl-

247 3423 345 3486 vehi.
396 3422 583 3498 Postremo,
612 3421 781 3485 turbatum
806 3421 859 3485 hie
882 3442 967 3493 csse,
999 3422 1206 3486 manifestum
1230 3422 1404 3499 litoreo,

247 3530 334 3613 quod
359 3529 384 3592 B
408 3535 441 3593 et
464 3528 644 3592 deteriores
667 3550 726 3611 pro
755 3538 848 3593 onte
880 3531 1011 3593 omnia
1040 3529 1165 3595 habent
1188 3530 1236 3593 ud
1259 3530 1402 3609 omnia,

246 3646 354 3702 ortum
378 3660 418 3699 ex
441 3637 511 3718 ipso
535 3635 591 3700 illo
615 3636 780 3709 accitos,
804 3636 895 3720 quod
918 3645 1034 3719 postca
1056 3636 1222 3702 sublatum
1244 3643 1304 3702 est.

333 3745 410 3826 (lap.
437 3748 492 3822 34,
521 3749 556 3805 4:
591 3743 715 3808 AEtoli
746 3745 966 3809 consilium
994 3765 1070 3808 uno
1100 3745 1163 3808 die
1193 3744 1281 3828 spei
1304 3766 1404 3826 quo-

247 3873 321 3933 que
345 3873 420 3915 nou
445 3851 612 3915 audacis
636 3852 765 3927 modo,
799 3850 867 3915 sed
896 3852 1020 3916 ctiam
1050 3851 1307 3934 impudentis
1336 3872 1404 3917 ce-

248 3966 409 4041 perunt,
445 3958 759 4035 Demetriadem,
790 3956 1041 4035 Chalcidem,
1071 3958 1405 4023 Lacedaemonem

248 4066 487 4150 occupandi.
541 4067 659 4131 Mirum
688 4066 851 4149 profecto,
882 4067 1027 4131 notabile
1057 4075 1114 4131 aut
1138 4066 1228 4131 Livio
1251 4072 1310 4130 aut
1332 4065 1404 4131 cui·
