3060 5272
704 724 766 786 247

152 908 277 975 bantur
304 905 357 989 (in
386 905 480 972 deest
508 907 609 971 etiam
631 908 665 971 in
687 906 757 971 Pal.
784 913 810 988 1,
832 908 934 989 Harl,
956 909 1033 975 Lov.
1060 914 1087 992 1,
1112 911 1154 993 3).
1194 912 1312 997 Itaque

153 1015 252 1082 facile
276 1020 349 1080 erat
371 1036 412 1079 ex
428 1013 596 1079 Puteaneo
621 1015 770 1099 exempla
792 1015 945 1099 colligere
963 1023 997 1081 et
1014 1038 1177 1103 exponere
1195 1041 1312 1086 eorun-

152 1123 231 1189 dem
264 1122 397 1187 errandi
430 1142 602 1204 generum,
637 1143 709 1204 quae
742 1123 777 1187 in
811 1125 932 1189 ceteris
965 1125 1109 1208 antiquis
1143 1126 1311 1193 codicibus

154 1231 378 1315 reperiuntur,
407 1251 484 1294 nam
513 1235 547 1294 et
569 1252 597 1293 ι
620 1231 655 1293 in
678 1229 741 1295 fine
764 1252 879 1296 vocum
901 1231 1036 1296 additur
1059 1233 1311 1319 detrahiturque

154 1339 233 1421 (vid.
257 1338 301 1404 ad
324 1336 444 1412 XXIII,
469 1340 498 1415 3,
524 1337 566 1418 3),
595 1342 628 1402 et
650 1337 771 1402 litterae
793 1338 879 1403 male
903 1340 1110 1420 geminantur
1131 1348 1190 1406 aut
1211 1343 1312 1408 semel

155 1470 217 1531 pro
240 1446 413 1528 geminatis
436 1443 640 1525 scribuntur,
669 1451 703 1510 et
730 1444 864 1529 syllaba
893 1452 926 1510 et
946 1446 1048 1511 verba
1070 1446 1122 1512 bis
1144 1456 1312 1532 ponuntur

155 1555 272 1637 (etiam
294 1552 388 1631 bina,
421 1559 459 1617 ut
481 1551 591 1632 XXII,
622 1556 678 1632 36,
710 1553 934 1635 3equitum
963 1553 1109 1620 darent
1130 1557 1312 1639 equitum

154 1662 303 1728 darent
332 1667 366 1724 et
387 1659 512 1737 XXIII,
549 1664 603 1740 16,
642 1664 695 1740 123
730 1680 807 1724 nam
829 1659 955 1740 XXIII,
989 1664 1047 1740 26,
1081 1667 1158 1728 8et
1181 1667 1236 1744 30,
1272 1670 1309 1729 ll

155 1769 252 1835 simul
275 1769 439 1834 correctio
462 1768 650 1846 adhibetur,
680 1768 808 1832 oaedes
830 1789 890 1852 pro
914 1767 1018 1833 caede
1041 1776 1074 1834 et
1097 1772 1227 1853 patris
1251 1795 1311 1856 pro

154 1877 293 1964 puris),
322 1882 356 1940 et
378 1897 473 1941 voces
496 1876 539 1939 ad
561 1877 727 1958 proximas
750 1896 839 1954 casu,
866 1896 994 1959 genere,
1022 1898 1158 1942 numero
1181 1899 1309 1944 accom-
1327 1893 1397 1961 (207)

154 1985 332 2051 modantur
359 1983 411 2064 (ut
438 1982 563 2063 XXIII,
593 1987 649 2062 33,
682 1987 735 2046 12:
771 2003 854 2048 cum
881 1984 1028 2066 quibus
1055 1984 1222 2068 regibus
1251 2008 1311 2071 pro

154 2113 242 2158 cum
271 2090 419 2176 quibus
447 2093 547 2173 regi,
582 2091 639 2156 ubi
667 2091 793 2155 inutilis
821 2096 855 2154 et
876 2090 1049 2156 verborum
1072 2092 1186 2157 ordine
1210 2115 1312 2177 prava

154 2207 206 2267 est
228 2199 487 2265 Weissenbornii
510 2200 710 2278 coniectura,
739 2197 887 2278 XXVIII,
911 2202 962 2278 33,
988 2204 1042 2264 16:
1078 2199 1127 2264 ad
1155 2206 1312 2284 partem

156 2329 297 2394 pugnae
333 2306 591 2390 capessendae
626 2329 686 2390 pro
717 2306 1021 2389 capessendam,
1051 2306 1159 2387 XXX,
1189 2311 1245 2388 32,
1275 2312 1310 2372 2;

156 2415 303 2499 quibus
327 2414 508 2479 adversae
531 2433 670 2498 pugnae
693 2412 861 2479 fortuna
883 2413 1033 2479 luisset
1055 2435 1115 2497 pro
1134 2415 1312 2496 adversa,

155 2531 193 2589 ut
213 2524 239 2588 1.
261 2522 451 2588 Perizonius
479 2528 513 2586 et
534 2521 686 2587 Dukerus
716 2521 926 2588 scribendum
947 2521 1115 2602 viderunt,
1148 2523 1312 2588 Weissen-

155 2631 291 2697 bornius
330 2651 439 2715 pravae
480 2630 652 2712 scripturae
690 2635 790 2693 rectae
823 2628 936 2694 formae
970 2629 1121 2713 exempla
1153 2637 1312 2713 tanquam

156 2738 277 2805 similia
299 2739 452 2821 apponit;
475 2736 608 2817 XXIII,
634 2740 682 2816 12,
706 2740 725 2799 2
749 2736 960 2802 detineret
980 2759 1042 2821 pro
1065 2737 1311 2820 detinerent,

156 2846 245 2929 quod
279 2846 429 2929 sequitur
463 2843 750 2928 oppugnaret),
786 2850 819 2908 et
851 2844 970 2910 litterae
999 2850 1033 2910 et
1061 2845 1195 2930 syllabae
1223 2849 1312 2913 omni

156 2975 275 3038 genere
308 2954 409 3018 etiam
440 2953 476 3017 iu
509 2953 617 3018 verbis
650 2953 829 3017 notissimis
857 2959 1086 3035 permutantur
1113 2959 1148 3018 et
1176 2955 1312 3020 confun-

158 3060 280 3126 duntur
302 3060 353 3141 (ut
375 3060 485 3141 XXII,
513 3064 569 3140 23,
600 3064 618 3124 9
642 3060 1312 3142 caucalegiquaeratrateotainsti·

156 3171 421 3248 tuiseserant,
455 3190 496 3233 ex
518 3190 593 3252 quo,
626 3167 733 3233 altera
754 3189 854 3233 manu
876 3169 910 3249 in
932 3168 957 3232 P
980 3175 1159 3252 praeeunte,
1191 3171 1226 3235 in
1250 3170 1310 3236 CM

157 3277 277 3342 ceteris
311 3284 434 3342 ortum:
476 3296 608 3359 pauca
646 3275 729 3358 legi
763 3296 840 3359 qua
872 3281 963 3340 erat
996 3281 1112 3342 tecta
1144 3279 1312 3344 institui

157 3390 371 3451 senserant
401 3405 475 3467 pro:
509 3404 640 3467 pauca
667 3383 902 3467 reliquerat
930 3389 1050 3465 tecta,
1077 3385 1117 3449 in
1145 3386 1312 3451 stativis

157 3499 260 3572 erat,
289 3491 378 3576 quod
401 3490 584 3556 Gronovius
611 3491 821 3572 restituit).¹)
871 3490 910 3555 In
940 3513 1005 3575 quo
1032 3491 1115 3557 illud
1137 3492 1313 3575 diligenter

157 3599 485 3666 animadvertendum
508 3607 567 3678 est,
590 3597 763 3662 librarium
779 3618 845 3662 non
861 3620 949 3678 raro,
972 3598 1059 3679 dum,
1081 3600 1208 3665 omissis
1225 3600 1314 3666 litte·

158 3728 270 3773 rarum
301 3707 456 3772 ductibus
485 3714 518 3772 et
541 3707 626 3771 aciei
647 3707 840 3786 intentione,
869 3707 1011 3790 speciem
1033 3708 1142 3772 animo
1165 3707 1314 3774 oblatam

157 3814 268 3880 Latini
300 3815 393 3880 verbi
427 3815 591 3898 sequitur,
633 3814 733 3878 etiam
768 3834 844 3878 cum
878 3813 1079 3897 syllabarum
1107 3815 1312 3882 detractione

159 3928 193 3988 et
221 3922 423 4002 adiectione,
458 3943 498 3987 ea
526 3920 689 4001 effecisse,
724 3943 797 4005 quae
825 3927 970 3986 mentem
993 3942 1013 3986 a
1035 3942 1112 3986 vero
1134 3921 1232 4003 longe
1255 3922 1313 3987 ab·

156 4028 282 4096 ducant
309 4036 343 4096 et
372 4051 445 4113 qua
473 4051 539 4094 nou
567 4031 636 4094 sine
665 4031 757 4112 gravi
785 4037 818 4094 et
845 4029 952 4094 libera
973 4029 1136 4095 medicina
1157 4031 1313 4112 corrigas,

158 4138 257 4221 quale
292 4136 347 4219 (ne
380 4159 473 4203 vero
510 4145 543 4203 et
571 4138 723 4220 proemii
752 4160 792 4203 ex
821 4138 916 4203 initio
946 4137 1023 4203 libri
1051 4137 1146 4203 XXII
1174 4158 1314 4203 comme·

159 4265 296 4326 morem,
330 4268 404 4330 quae
436 4244 548 4311 facilia
580 4245 670 4327 sunt)
705 4251 756 4311 eet
787 4245 823 4310 in
855 4245 964 4325 XXII,
1006 4251 1060 4325 16,
1093 4251 1114 4310 4
1147 4245 1314 4310 fortuna

158 4354 284 4420 minas
307 4375 407 4420 saxa
429 4376 490 4439 pro
509 4354 726 4419 Formiana
747 4373 853 4432 saxa,
877 4353 1086 4419 emendatum
1110 4375 1131 4418 a
1148 4352 1313 4418 Sabellico

187 4583 211 4652 ¹)
229 4584 348 4640 Proreus
366 4585 426 4640 siue
444 4601 529 4639 cause
547 4589 576 4641 et
592 4601 681 4655 prave
698 4583 943 4640 Weissenbornius
960 4583 1050 4638 haud
1067 4600 1175 4653 pauca
1192 4582 1314 4654 scripsit.
