3060 5272
665 856 705 918 65
1160 871 1222 926 niu
1241 871 1264 927 n

102 1043 144 1108 in
176 1042 330 1126 regiam
363 1040 481 1119 fecit,
516 1040 574 1106 sed
608 1041 646 1105 in
681 1041 810 1122 regia,
844 1041 901 1106 ubi
930 1048 1083 1126 portento
1111 1043 1182 1109 viso
1205 1044 1262 1109 alii

99 1150 262 1216 aliorsum
285 1146 495 1235 diffugerunt.
540 1147 626 1214 Nam
649 1149 738 1233 quod
760 1149 855 1214 video
879 1149 1025 1215 adscribi
1049 1149 1258 1217 Germanice:

106 1258 190 1338 „Die
219 1256 317 1322 Sinis
350 1256 448 1321 stand
477 1255 549 1322 also
578 1255 772 1323 ausserhalb
801 1257 860 1323 der
887 1257 1133 1340 Konigsburg“,
1167 1259 1194 1324 si
1224 1281 1263 1324 ex

106 1365 218 1431 nescio
246 1383 312 1449 qua
339 1364 492 1429 columna
522 1366 556 1429 in
583 1364 716 1449 publico
739 1366 850 1448 posita
872 1366 988 1446 anguis
1011 1366 1144 1451 elapsus
1167 1374 1264 1446 esset,

104 1472 254 1543 homines
276 1494 343 1538 non
366 1474 401 1537 in
424 1473 549 1556 regiam
572 1473 756 1551 irruissent,
786 1472 843 1538 sed
866 1495 925 1557 per
948 1475 1019 1538 vias
1043 1474 1264 1556 aufugissent;

102 1579 231 1646 oblitus
250 1587 302 1646 est
320 1582 430 1660 etiam,
449 1580 506 1665 qui
525 1581 588 1646 hoc
606 1581 811 1663 excogitavit,
835 1589 1031 1647 terrorem
1048 1581 1264 1666 fugamque

104 1687 122 1754 f
124 1708 245 1754 acere
263 1695 354 1754 recto
372 1689 437 1753 dici
456 1688 571 1754 addito
586 1688 661 1768 loci,
685 1688 742 1754 ubi
760 1710 814 1754 res
832 1696 908 1754 acta
928 1691 980 1769 sit,
997 1690 1136 1767 nomine,
1155 1691 1264 1773 perin-

103 1803 184 1881 opte
206 1802 406 1863 torrorem
430 1795 675 1880 (fugamque)
698 1795 836 1861 facere
859 1798 898 1860 in
921 1796 1099 1881 aliquem
1122 1797 1263 1862 locum.

104 1904 185 1970 Dixi
225 1903 265 1970 de
299 1904 410 1970 mendi
443 1925 564 1988 genere
599 1905 632 1968 in
666 1905 848 1988 prooemio,
889 1904 947 1969 sed
987 1904 1167 1969 notandum
1208 1927 1266 1970 era

107 2012 319 2078 tartiflcium
343 2012 527 2078 enarrandi.
563 2011 632 2095 [Sic
648 2012 715 2077 iam
732 2010 865 2094 Bauer]
899 2011 1071 2077 Difficilior
1093 2011 1192 2096 paulo
1215 2020 1266 2078 est

106 2121 197 2187 alins
229 2119 336 2186 mendi
371 2142 411 2186 ex
439 2141 504 2186 non
534 2119 733 2203 infrequenti
762 2112 894 2185 erroris'
912 2141 1031 2203 genere
1059 2119 1159 2203 paulo
1189 2129 1266 2203 post

106 2227 141 2312 (ἓ
171 2229 204 2310 7)
237 2231 301 2295 orti
334 2229 589 2307 demonstratio,
630 2249 727 2310 quam
767 2237 878 2293 tamen
911 2228 1112 2311 peritissimo
1146 2230 1264 2311 cuique

108 2336 286 2421 probatum
324 2338 367 2402 iri
401 2335 538 2402 confido.
600 2334 685 2400 Nam
725 2338 759 2400 in
797 2336 849 2401 his
889 2336 997 2401 verbis
1037 2336 1091 2417 (de
1130 2336 1263 2419 Bruto):

107 2446 270 2510 iuvenis
303 2444 421 2527 longe
455 2444 563 2509 alius
596 2443 764 2527 ingenio
800 2464 913 2527 quam
948 2445 1065 2508 cuius
1095 2444 1265 2508 simula-

106 2553 263 2618 tionem
285 2551 496 2630 induemt,
528 2553 555 2616 si
579 2551 692 2616 ouius
716 2551 758 2617 ad
782 2553 987 2635 ingenium
1011 2550 1161 2630 refertur,
1191 2573 1265 2634 pra·

106 2661 240 2726 vissime
274 2661 307 2725 in
341 2660 448 2725 verbis
481 2660 629 2744 proxime
663 2666 697 2724 et
730 2659 867 2724 relativa
900 2659 1004 2724 forma
1039 2660 1194 2724 connexis
1222 2659 1265 2724 ab

109 2767 241 2834 homine
276 2768 319 2832 ad
352 2769 518 2852 ingenium
551 2768 710 2832 transitur
744 2767 918 2848 (iuvenis
958 2766 1065 2830 alius
1099 2766 1265 2849 ingenio

107 2897 228 2962 quam
252 2877 367 2940 cuius
389 2875 577 2960 ingenii);
608 2875 658 2939 sin
681 2875 724 2941 ad
746 2875 942 2954 iuvenem,
970 2894 1125 2958 perverse
1148 2873 1267 2938 dicitur

109 2984 276 3049 invenis
301 2981 559 3066 (alicuiusmodi)
583 2983 888 3049 simulationem
910 2983 1092 3048 induere.
1144 2980 1267 3047 Omitto

111 3093 219 3176 ipsam
248 3091 335 3156 hano
363 3083 624 3156 coniunctionem
653 3091 761 3155 alius
790 3092 952 3175 ingenio
975 3112 1039 3155 non
1063 3112 1141 3156 sane
1164 3091 1267 3154 usita-

111 3206 190 3265 tum.
253 3199 371 3264 Omnia
409 3205 501 3264 recta
541 3205 574 3264 et
614 3205 694 3283 apta
735 3207 832 3264 erunt
872 3221 937 3264 una
970 3200 1083 3264 littera
1117 3198 1264 3282 dempta:

108 3308 273 3373 iuvenis
303 3308 420 3388 longe
450 3306 557 3372 alius
585 3308 721 3390 ingeni
752 3328 867 3391 quam
896 3309 1008 3372 cuius
1039 3306 1266 3371 simulatio·

111 3437 198 3481 nem
219 3416 416 3480 induerat
434 3415 484 3496 (ut
508 3415 616 3479 alius
635 3416 787 3498 ingenii
808 3416 1054 3500 coniungatur),
1077 3436 1213 3499 prorsus
1232 3421 1268 3478 ut

108 3544 139 3588 o.
170 3529 226 3603 59,
267 3534 286 3586 ὃ
327 3524 461 3588 oratio
502 3522 621 3587 dicitur
659 3544 912 3606 nequaquam
953 3526 1040 3590 eius
1080 3523 1265 3607 pectoris

109 3633 369 3714 ingeniique,
399 3630 504 3714 quod
533 3631 766 3696 simulatum
795 3631 843 3695 ad
873 3654 956 3697 eam
985 3632 1088 3696 diem
1117 3632 1265 3695 fuerat.

114 3739 275 3805 Litteram
309 3745 420 3804 autem
455 3738 545 3803 illam
574 3737 619 3820 (o)
648 3740 776 3822 peperit
803 3738 962 3804 brevioris
992 3739 1130 3822 genetivi
1154 3737 1266 3803 formae

111 3845 232 3912 oblivio
257 3846 382 3926 eadem,
413 3868 486 3931 quae
508 3846 562 3926 IV,
595 3851 643 3926 13,
676 3851 714 3910 13
738 3846 916 3910 consilia
939 3846 985 3927 (in
1008 3845 1114 3909 MPLl
1140 3843 1266 3909 multis·

111 3973 177 4036 que
207 3953 296 4034 aliis,
330 3954 364 4019 id
394 3962 459 4031 est,
494 3955 527 4019 in
551 3954 745 4038 archetypo)
769 3975 807 4018 ex
831 3953 987 4017 consili.
1045 3952 1149 4017 Multo
1172 3952 1267 4037 plura

110 4063 232 4126 veteris
265 4062 405 4145 genetivi
438 4061 550 4126 forma
579 4072 610 4127 et
640 4062 788 4146 exempla
817 4068 850 4125 et
879 4062 912 4125 in
941 4061 1108 4126 erroribus
1130 4060 1268 4142 vestigia

115 4234 189 4241 α*-
242 4236 322 4242 —-.-

180 4351 270 4388 neam
311 4333 444 4389 Eiusdem
468 4336 569 4403 capitis
593 4333 609 4402 ᾗ
633 4337 649 4387 7
672 4336 742 4387 mire
766 4353 863 4389 omnes
888 4335 1074 4389 Pometinae
1102 4337 1201 4386 contra
1223 4349 1267 4385 co·

181 4417 259 4473 dicos
279 4420 421 4484 scribunt,
445 4418 485 4484 11,
510 4421 557 4484 34,
581 4422 643 4473 cet
661 4422 691 4484 6,
714 4419 765 4485 lv,
789 4423 830 4485 25,
854 4423 949 4474 team
970 4419 1096 4482 sormam,
1120 4434 1203 4484 quam
1222 4417 1266 4470 hic

181 4508 328 4573 spernunt,
351 4510 455 4558 tenent.
496 4502 534 4558 Ut
557 4521 572 4556 a
591 4504 685 4574 Capua
704 4505 860 4574 Campanus
883 4503 928 4568 fit,
952 4511 983 4556 ut
1002 4521 1017 4556 a
1036 4503 1159 4556 Samnite
1179 4503 1267 4556 adiec-

181 4589 268 4643 tirum
288 4594 329 4642 eut
350 4587 486 4655 Sabellum,
505 4589 545 4642 sic
564 4587 729 4661 Pomptinus
748 4589 852 4642 dieitur
869 4588 958 4642 formu
976 4587 1104 4642 nonnihil
1123 4587 1247 4655 deflexa]

1021 4693 1038 4743 b
