3060 5272
202 374 264 428 Lib.
283 371 406 426 mlv.
740 361 812 419 ¹494
874 370 879 379 '

204 551 312 609 ortum
352 563 423 607 esse
465 562 504 605 ex
538 543 676 606 umbra
710 543 857 606 etenim
891 550 962 619 aut,
1004 564 1070 625 quo
1105 542 1197 607 duoit
1229 542 1363 608 fieret

203 650 402 733 (fierent),
445 650 668 713 scribendum:
709 656 751 713 ut
791 650 1022 711 intractu
1057 649 1202 733 (media
1234 658 1362 715 aestas

202 759 310 825 forte
334 756 435 835 erat)
455 777 481 820 e.
495 758 515 819 i.
528 757 549 819 l.
562 754 695 820 fieret.
731 755 816 820 Nam
835 755 1040 820 umbraclum
1056 756 1095 820 iit
1113 762 1147 821 et
1163 758 1357 822 exstruitur.

612 947 705 1026 Lib.
738 946 931 1027 XXXIV.

289 1078 369 1161 Cap.
394 1082 427 1156 2,
462 1082 480 1139 2
516 1077 563 1158 (in
593 1078 634 1142 M.
666 1076 801 1142 Catonis
841 1084 957 1142 contra
991 1078 1240 1159 abrogationem
1273 1078 1362 1160 legis

203 1189 317 1272 Oppiae
353 1184 537 1266 oratioue):
576 1184 689 1248 Nune
723 1185 826 1249 domi
862 1187 970 1249 vieta
1002 1184 1180 1250 libertas
1214 1191 1360 1250 nostra

203 1294 446 1378 impotentia
474 1292 664 1357 muliebri
696 1292 761 1356 hio
790 1314 946 1376 quoque
976 1294 1013 1356 in
1037 1293 1124 1357 foro
1149 1292 1358 1357 obteritur

204 1410 243 1468 et
266 1402 451 1466 calcatur
474 1408 527 1479 et,
558 1402 652 1484 quia
682 1399 866 1482 singulas
891 1401 1095 1465 sustinere
1119 1422 1194 1465 non
1218 1401 1357 1482 potui·

205 1531 294 1585 mus,
318 1510 530 1573 universas
553 1506 772 1571 horremus,
819 1508 961 1570 Verbum
986 1509 1195 1571 sustinere
1216 1529 1283 1572 non
1306 1514 1359 1572 est

201 1620 236 1682 in
264 1616 307 1693 B3
341 1616 503 1680 novicium
540 1635 612 1679 esse
648 1616 805 1678 orationis
841 1615 1032 1697 supplendae
1066 1615 1204 1679 fulcrum
1227 1614 1358 1697 (quam-

204 1745 303 1807 quam
327 1723 367 1786 de
391 1722 438 1789 M.
466 1730 504 1785 ut
532 1721 643 1785 multis
667 1722 761 1798 loeis,
792 1721 872 1785 uihil
896 1722 1061 1802 notatur),
1091 1730 1233 1805 arguunt
1255 1724 1358 1787 etiam

201 1829 461 1896 Drakenborchii
485 1828 622 1908 codices,
646 1850 783 1910 quorum
808 1829 872 1893 duo
891 1828 998 1895 (Voss.
1019 1836 1052 1893 et
1069 1830 1145 1893 Lov.
1165 1834 1183 1892 6
1207 1851 1227 1893 a
1248 1831 1357 1911 prima

202 1937 315 2019 manu)
345 1959 405 2021 pro
429 1958 466 2000 eo
490 1937 717 2000 restituere
741 1936 877 2014 habent,
906 1958 989 2000 uuus
1012 1937 1101 2015 (Lov.
1129 1936 1160 2016 1)
1182 1937 1356 2024 restriu-

201 2068 305 2129 gere‚
335 2052 411 2128 post
433 2045 636 2125 potuimus
660 2045 812 2126 positum.
864 2045 934 2107 Nee
957 2051 1071 2126 aptum
1094 2044 1126 2106 id
1150 2042 1284 2107 verbum
1306 2050 1359 2107 sst

201 2160 261 2219 aut
282 2155 390 2236 ipsum
416 2153 633 2233 potuimus,
664 2153 819 2233 quoniam
843 2173 916 2215 oum
940 2150 1189 2233 reprehensione
1210 2150 1358 2215 notanda

202 2268 253 2325 est
276 2281 377 2324 eausa
399 2259 487 2331 mali,
511 2281 575 2322 non
599 2259 723 2323 factum
747 2280 820 2322 esse
843 2258 886 2327 id.
909 2259 998 2339 quod
1021 2258 1091 2321 fiori
1115 2258 1276 2323 debuerit.
1306 2258 1357 2343 (Si

204 2370 366 2432 sustinere
384 2387 449 2429 non
468 2374 656 2448 potuerant.
678 2366 769 2429 uuila
787 2374 859 2429 erat
878 2366 998 2448 eulpa.)
1034 2365 1121 2429 Nihil
1139 2364 1356 2448 supplendum

204 2485 271 2551 est,
306 2475 363 2538 sed
392 2472 571 2536 tollendum
603 2473 770 2545 mendum,
805 2473 893 2555 quod
916 2473 1014 2537 latet:
1050 2475 1146 2553 quia
1175 2471 1357 2555 singulas

203 2603 280 2645 nou
304 2580 530 2645 domninus.
561 2581 779 2643 universas
803 2580 1019 2644 horremus.
1066 2580 1096 2661 [ᾗ
1124 2584 1160 2643 13
1186 2580 1357 2662 Ussingius

203 2687 285 2751 vidit
309 2688 355 2750 sic
379 2664 674 2768 interpungendum
697 2708 781 2750 esse:
811 2722 852 2731 --
876 2695 1047 2769 sperate,
1072 2690 1180 2770 ipsas
1203 2686 1356 2751 modum
1424 2716 1428 2721 ·

203 2795 385 2858 lieentia»
408 2794 601 2857 iacturas.
651 2793 740 2857 Nisi
764 2815 831 2858 vos
857 2794 1033 2873 facietis,
1056 2796 1257 2858 minimum
1280 2794 1356 2858 hoe

204 2936 255 2963 —-.
301 2900 454 2983 Alioquin
475 2921 555 2967 ,esse
585 2901 741 2965 debebat:
776 2904 890 2983 ipsas
920 2938 962 2946 —
991 2904 1190 2975 iacturas,
1226 2903 1257 2965 si
1286 2922 1356 2965 vos

204 3007 482 3072 nonfaciatis.
532 3007 636 3089 1863]

291 3114 370 3198 Cap.
401 3120 436 3188 3,
474 3120 486 3176 l
519 3117 565 3187 (in
600 3117 713 3180 eadem
749 3118 927 3196 oratioue):
963 3117 1190 3180 Recensete
1224 3116 1355 3181 omnia

203 3221 426 3286 muliebria
448 3224 552 3295 iura,
587 3223 732 3303 quibus
760 3223 968 3287 licentiam
993 3245 1127 3287 earum
1151 3223 1356 3305 adligare-

204 3329 291 3392 riut
328 3331 676 3394 maiores-nostri.
739 3331 849 3394 Putidi
883 3331 993 3393 nescio
1028 3331 1107 3413 quid
1140 3328 1241 3394 habet
1273 3328 1355 3392 illud

204 3436 347 3513 omnia,
382 3438 475 3516 quasi
510 3437 690 3500 cavendum
723 3439 781 3515 sit,
816 3459 856 3501 ne
892 3437 994 3501 ullum
1032 3439 1219 3515 omittatur,
1254 3458 1354 3519 quum

205 3543 384 3625 praesertim
425 3550 514 3606 recte
554 3550 587 3607 et
621 3552 698 3626 apte
732 3544 946 3625 adiungatur:
987 3545 1133 3625 quibus
1173 3542 1356 3610 omuibus

204 3649 291 3732 (quae
332 3658 382 3713 tot
421 3671 554 3714 numero
595 3651 780 3732 reperietis)
820 3653 1078 3715 constrictas
1118 3653 1181 3715 vix
1220 3659 1356 3716 tamen

203 3758 419 3820 continere
442 3759 633 3839 potestis.
686 3758 721 3821 lu
745 3756 772 3820 B
796 3766 859 3821 est:
895 3758 1051 3822 Recens
1082 3765 1119 3822 et
1142 3778 1186 3822 ea
1209 3758 1356 3838 omnia3

204 3864 353 3947 suspicor
380 3864 412 3926 in
443 3862 499 3927 illo
530 3864 753 3929 lteeensete
776 3886 795 3927 a
819 3867 950 3929 onmia
980 3865 1098 3931 latere:
1135 3866 1356 3929 Recensete

203 3970 332 4034 animo
357 3970 574 4035 muliebria
598 3973 695 4036 iura.
743 3970 883 4053 [ibidem
908 3972 995 4057 quod
1018 3973 1141 4036 editur:
1165 3992 1235 4054 per
1258 3992 1356 4053 ‹pure-

204 4098 279 4157 que
302 4076 556 4142 subiecerint
578 4080 687 4155 viris,
717 4100 827 4143 rerum
851 4102 914 4145 nou
939 4102 1011 4145 esse
1034 4080 1143 4161 arguit
1166 4100 1234 4162 per
1256 4098 1355 4160 quae·

203 4204 278 4265 que
307 4205 367 4267 pro
397 4190 435 4247 et
463 4207 533 4267 per
562 4206 646 4267 quae
676 4188 819 4268 positum
843 4195 874 4251 et
898 4186 985 4267 quod
1009 4207 1108 4269 prave
1130 4186 1263 4250 lieentia
1286 4206 1356 4249 mu-
