3060 5272
703 839 764 903 123
1183 855 1246 911 Lib.
1263 855 1311 912 IV.

151 1048 256 1111 neque
284 1026 347 1094 hoc
373 1021 575 1112 Tempanius
601 1030 717 1109 negat,
751 1025 862 1092 subito
897 1047 932 1091 se
961 1034 1064 1092 etex
1092 1034 1241 1112 tempore
1271 1028 1312 1094 de

152 1136 375 1221 imperatoriis
414 1134 560 1201 consiliis
600 1133 749 1200 iudicare
787 1154 900 1219 posse,
939 1140 1137 1219 tempusque
1175 1142 1214 1202 ut
1247 1136 1312 1202 sibi

154 1244 264 1323 duur,
299 1243 464 1330 postulat,
497 1242 557 1308 sed
583 1247 691 1308 totum
717 1242 780 1308 hoc
802 1242 962 1308 iudicium
984 1263 1006 1308 a
1028 1264 1078 1322 se,
1113 1243 1216 1309 milite
1244 1265 1311 1310 uno

153 1354 194 1419 de
221 1350 351 1432 multis,
381 1351 479 1436 longe
508 1350 626 1416 reiicit.
676 1350 794 1434 Itaque
821 1350 926 1416 multo
954 1350 1030 1435 plus
1058 1372 1158 1435 quam
1180 1352 1312 1419 Reizius

152 1462 218 1527 iam
246 1459 431 1526 Gronovius
458 1458 603 1539 viderat,
636 1456 723 1524 hanc
751 1479 824 1524 esse
853 1460 1065 1540 sententiam,
1098 1460 1142 1525 ad
1169 1460 1312 1544 impera-

151 1570 238 1634 toria
269 1568 411 1634 consilia
443 1567 495 1633 vel
528 1566 728 1652 pensitanda
760 1570 795 1631 et
826 1565 1007 1633 iudicanda
1039 1566 1095 1649 (de
1128 1589 1195 1652 quo
1223 1589 1313 1633 nunc

151 1683 285 1761 agatur,
319 1678 520 1762 imperatore
554 1680 730 1755 accusato,
763 1673 885 1739 nedum
913 1675 957 1741 ad
986 1695 1027 1740 ea
1054 1675 1251 1742 invenienda
1277 1682 1312 1742 et

151 1784 375 1871 exsequenda)
398 1804 519 1868 magno
542 1804 626 1868 opus
649 1803 722 1848 esse
745 1783 855 1848 animo
879 1787 914 1847 et
935 1783 1075 1868 ingenio,
1106 1783 1196 1867 quod
1217 1783 1312 1849 Tem·

151 1893 270 1977 panius
304 1893 338 1958 in
374 1913 409 1959 se
437 1912 504 1957 non
532 1912 605 1957 esse
632 1891 731 1970 sciat3
764 1891 891 1975 itaque.
908 1897 1052 1971 tantum,
1085 1891 1165 1975 quid
1192 1892 1313 1958 viderit

150 2002 232 2087 ipse,
256 2000 423 2067 dicturum
445 2021 528 2066 esse.
578 1999 688 2084 Ipsius
718 2019 849 2083 quoque
871 1998 1047 2065 verborum
1070 2000 1312 2066 emendationis

150 2115 280 2193 partem
302 2108 488 2175 Gronovius
509 2107 644 2188 invenit,
668 2106 726 2173 sed
749 2106 861 2191 plura,
890 2128 990 2192 quem
1012 2129 1096 2191 opus
1120 2114 1207 2188 erat,
1236 2130 1308 2174 mu·
1326 2125 1397 2193 (103)

150 2218 243 2283 tavit.
299 2215 354 2282 Sic
387 2219 473 2283 enim
500 2216 630 2282 Livium
663 2214 835 2299 scripsisse
875 2216 925 2280 vir
958 2217 1124 2300 egregius,
1160 2216 1189 2281 si
1223 2237 1312 2282 nunc

150 2327 286 2406 viveret,
319 2324 417 2391 iacile
451 2323 679 2390 confiteretur:
720 2344 821 2408 quae,
855 2323 1110 2407 pensitanda
1142 2345 1310 2409 quoque,

150 2434 282 2519 magni
310 2432 430 2498 animi
453 2439 578 2516 atque
600 2432 760 2514 ingenii
782 2438 922 2497 essent
945 2430 1087 2513 (welche,
1111 2431 1196 2498 auch
1217 2455 1312 2499 wenn

150 2543 198 2608 sie
230 2563 295 2607 nur
325 2538 509 2607 beurtheilt
540 2538 671 2604 werden
704 2537 837 2619 sollten,
869 2538 933 2604 hoc
961 2545 1030 2605 est:
1065 2540 1153 2605 auch
1180 2562 1244 2605 nur
1271 2562 1312 2606 zu

149 2649 239 2715 ihrer
270 2647 526 2730 Beurtheilung,
560 2647 656 2712 einen
689 2667 825 2730 grossen
850 2645 945 2712 Geist
972 2646 1203 2729 erforderten).
1257 2648 1312 2714 Li·

149 2757 281 2823 brarius
302 2756 347 2823 ad
368 2753 585 2842 gerundivum
607 2753 737 2820 dativus
759 2754 941 2838 requisivit.
977 2753 1136 2821 Similiter
1157 2756 1329 2850 gerundi-¹

151 2887 226 2930 vum
244 2864 355 2931 Livius
372 2864 483 2948 posuit
499 2861 559 2963 vl,
578 2866 629 2943 37,
648 2867 704 2927 11:
727 2863 942 2947 imperium
964 2870 1087 2946 atque
1109 2863 1311 2943 honorem,

150 2972 324 3057 gloriam
361 2971 478 3051 belli,
522 2970 982 3055 genuanobilitatem,
1023 2991 1169 3054 magna
1207 2972 1311 3055 ipsis

150 3078 338 3160 fruenda,
371 3080 528 3145 maiora
555 3077 704 3144 liberis
732 3078 1005 3161 relinquenda
1026 3078 1185 3162 (grossos,
1218 3100 1312 3145 wenn

149 3209 226 3254 man
260 3209 304 3254 an
337 3188 391 3254 die
419 3187 674 3272 Uebertragung
709 3186 771 3252 aul
801 3187 853 3252 die
880 3187 1007 3254 Kinder
1041 3186 1161 3270 denke)
1191 3194 1239 3268 et,
1273 3193 1311 3254 ut

151 3297 277 3393 opinor,
306 3295 377 3375 Vll,
407 3298 458 3377 32,
482 3300 538 3361 ll:
570 3301 708 3361 utrum
731 3296 806 3380 qui,
829 3295 1062 3363 audiendus
1086 3297 1309 3377 dumtaxat,

150 3403 399 3489 magnificus
433 3404 683 3470 adhortator
715 3404 772 3469 sit
805 3403 911 3486 (wenn
943 3424 979 3470 es
1006 3425 1070 3470 nur
1096 3404 1158 3489 gilt
1183 3404 1242 3469 ihn
1270 3426 1311 3470 zu

149 3510 277 3594 lidron).
337 3511 643 3592 Weissenbornius,
682 3510 813 3578 sublato
847 3512 931 3595 qui,
971 3514 1170 3580 sententiam
1203 3514 1311 3599 ipsam

149 3620 297 3686 sustulit.

236 3726 316 3814 Cap.
339 3731 398 3807 43,
433 3731 452 3792 5
486 3726 619 3795 obsidet
652 3726 783 3795 codices
816 3733 949 3793 nostros
977 3749 1017 3793 ex
1039 3726 1218 3813 archetypo
1240 3735 1310 3795 tra·

150 3835 222 3902 dita
242 3835 466 3919 interpolatio,
489 3856 589 3919 quam
610 3835 806 3921 perdifficile
829 3841 881 3901 est
904 3840 994 3901 certo
1016 3836 1161 3902 remedio
1184 3836 1310 3920 tollere,

149 3945 341 4010 convincere
364 3942 498 4010 difficile
521 3965 587 4009 non
609 3950 669 4009 est
720 3942 884 4009 Scribitur
907 3944 994 4008 enim
1015 3944 1077 4009 ita:
1100 3943 1308 4012 Adversus
1405 3952 1411 3964 “

149 4072 267 4135 quam
305 4053 512 4118 actionem
551 4050 775 4133 (tribunorum
814 4052 855 4118 de
894 4057 990 4136 parte
1028 4059 1231 4135 quaestorum
1269 4075 1309 4119 ex

149 4159 246 4243 plebe
275 4158 433 4242 creanda)
466 4160 598 4244 primo
626 4166 667 4226 et
695 4160 889 4226 consules
919 4165 960 4226 et
986 4167 1128 4246 patres
1157 4182 1310 4227 summa

148 4287 224 4352 ope
247 4266 384 4334 adnisi
406 4275 519 4349 sunt;
549 4267 815 4336 concedendo
838 4266 1003 4350 deinde,
1030 4274 1084 4350 ut,
1112 4269 1308 4353 quemad·

149 4374 307 4441 modum
341 4376 380 4441 in
415 4377 599 4443 tribunis
627 4376 844 4442 consulari
871 4382 1084 4462 potestate
1113 4377 1307 4445 creandis

150 4484 214 4549 usi
248 4489 358 4564 sunt,
398 4483 563 4568 adaque
595 4484 636 4550 in
670 4485 950 4569 quaestoribus
984 4483 1161 4552 liberum
1194 4492 1308 4552 esset

149 4591 371 4658 arbitrium
393 4592 547 4678 populi,
577 4614 697 4678 quum
719 4613 860 4677 parum
882 4591 1149 4676 proficerent,
1179 4600 1308 4660 totam

148 4719 230 4764 rem
253 4700 300 4766 de
323 4700 509 4785 augendo
531 4705 778 4784 quaestorum
800 4720 966 4767 numero
989 4701 1197 4767 omittunt
1236 4702 1307 4768 Pri·
