3060 5272
698 357 760 418 450

153 543 413 620 consideramus,
447 541 630 624 perversius
664 560 763 621 quam
798 561 913 621 quum,
947 547 985 608 ut
1017 541 1081 607 hoc
1108 549 1199 624 utar,
1232 543 1317 611 libr.

154 650 290 728 XXXV,
320 653 390 728 a,7
418 649 453 712 in
482 647 608 736 codice,
643 647 732 731 quod
756 669 868 713 omnes
893 649 1087 729 concedunt,
1108 650 1318 735 perantiquo

100 762 105 767 '
154 765 188 823 et
211 759 263 822 cui
286 756 457 841 permultis
479 755 562 819 locis
586 754 711 833 eredas,
735 757 781 819 sic
798 757 957 839 scriptum
974 756 1119 840 legatur:
1145 757 1313 842 placere

153 864 454 932 tumultuarios
483 862 639 927 milites
668 870 783 927 extra
811 863 975 928 Italiam
1006 865 1134 931 scribi
1161 887 1182 931 a
1208 888 1310 950 prae·

154 981 251 1039 tore.
297 971 407 1036 Mens
431 990 476 1034 ea
498 970 786 1048 senatus-fuit,
815 977 857 1035 ut
879 972 919 1035 in
943 972 1143 1056 Hispania
1165 974 1311 1039 tumul·

154 1080 282 1146 tuarii
305 1079 460 1144 milites
485 1077 746 1160 eligerentur,
771 1079 896 1160 optima
919 1080 1070 1144 oratione
1093 1086 1127 1144 et
1144 1081 1317 1147 sententis

154 1196 375 1255 extremorum
407 1186 581 1250 verborum
615 1185 786 1267 aptissima
819 1185 860 1249 ad
895 1207 934 1250 ea
967 1187 1199 1270 praeparanda,
1234 1209 1318 1270 quac

154 1296 372 1362 subiiciuutur
405 1293 537 1358 Valerio
571 1293 705 1356 Antiate
747 1299 833 1357 teste
868 1292 908 1356 de
941 1293 1100 1359 militibus
1134 1294 1235 1360 etiarn
1268 1318 1314 1362 ex

155 1405 229 1469 aliis
257 1402 432 1487 provinciis
462 1400 614 1477 adscitis,
648 1401 681 1463 in
717 1401 834 1464 ceteris
869 1407 979 1465 auteur
1009 1401 1177 1468 codicibus
1205 1401 1246 1483 (B
1275 1410 1319 1470 et

155 1508 373 1592 vulgaribus),
404 1530 485 1590 quos
517 1529 660 1591 persaepe
690 1507 860 1572 verborum
891 1510 1067 1573 omissione
1091 1531 1229 1593 peccare
1251 1532 1311 1577 ne·

157 1618 302 1683 cessario
321 1617 391 1699 ipse
411 1615 596 1693 confiteare,
620 1616 682 1679 sic:
706 1614 868 1698 placere
892 1616 1134 1681 tumultuari
1154 1616 1314 1684 milites

157 1731 272 1789 extra
293 1723 457 1787 Italiam
487 1722 742 1804 legerentur,
777 1723 924 1786 oratioue
955 1745 1056 1806 prava
1078 1723 1198 1806 (neque
1221 1724 1314 1789 enirn.

158 1832 197 1897 de
222 1831 365 1896 decretis
390 1831 512 1894 dicitnr
533 1851 672 1911 usquam
696 1830 858 1913 placere
880 1830 953 1893 hoo
977 1830 1113 1912 fiat),¹)
1136 1831 1199 1896 hoc
1224 1831 1309 1909 „for-

156 1948 244 2006 tasse
267 1940 408 2003 rectius“
433 1944 561 2021 putare,
591 1959 699 2020 quum,
723 1939 773 2001 cui
797 1937 920 2001 homini
945 1947 978 2002 et
1001 1962 1065 2020 quo
1089 1939 1227 2029 consilio
1250 1939 1312 2005 illa·

157 2048 278 2113 addere
302 2049 333 2110 in
358 2046 497 2110 montem
520 2046 653 2122 venerit,
678 2066 773 2109 nemo
797 2068 837 2108 ne
861 2047 1020 2127 suspicari
1045 2046 1176 2128 quidem
1195 2049 1317 2130 possit,

158 2176 217 2220 cur
251 2162 361 2220 autem
398 2155 520 2216 omissa
557 2155 638 2228 sint,
673 2173 775 2216 causa
805 2152 1071 2216 manifestissima
1099 2155 1159 2233 sit;
1193 2153 1314 2219 oculus

158 2265 242 2329 enim
272 2262 445 2326 scribentis
477 2263 524 2324 sio
548 2261 714 2324 aberravit
737 2281 757 2323 a
779 2260 1077 2324 tumultuarios
1101 2261 1143 2325 ad
1166 2260 1310 2326 tumul·

157 2371 294 2445 tuarii,
324 2377 359 2433 ut
383 2378 493 2433 tamen
516 2368 574 2431 illa
597 2375 712 2431 extra
738 2366 903 2430 ltaliam
926 2369 1095 2449 arriperet.
1140 2368 1311 2432 Eiusdem-

159 2499 221 2559 que
244 2476 468 2560 perversitatis
492 2483 551 2541 est.
576 2497 676 2557 quum
698 2475 844 2538 eiusdem
868 2474 943 2538 libri
967 2496 993 2538 c.
1017 2481 1063 2549 ll,
1092 2480 1127 2539 ll
1148 2478 1180 2539 in
1200 2475 1233 2539 M
1250 2476 1314 2540 sit:

159 2586 197 2648 iu
239 2605 376 2664 agrum
418 2583 608 2646 latiorem
643 2584 774 2646 evecti
810 2583 941 2645 omnia
974 2585 1207 2666 propinqua
1239 2584 1316 2648 viar

159 2697 275 2754 tecta
315 2689 553 2767 incendunt3
599 2690 781 2771 proximo
823 2689 968 2753 deiude
1001 2692 1085 2754 vico
1126 2690 1320 2755 inferunt

159 2799 306 2880 igneum
352 2795 460 2859 ferro
506 2796 754 2877 flammaque
797 2798 929 2860 omnia
972 2804 1231 2879 pervastant,
1276 2799 1316 2863 in

161 2905 280 2968 ceteris
304 2910 413 2965 audem
438 2911 584 2967 tantum:
621 2904 658 2965 iu
690 2903 878 2967 latiorem
909 2926 1042 2983 :ugrum
1073 2906 1203 2968 evecti
1232 2925 1311 2970 om-

160 3013 227 3076 nia
259 3017 519 3094 pervastant,
561 3012 681 3073 omissa
715 3032 848 3092 prorsus
882 3012 1026 3075 incendii
1062 3011 1312 3094 significatione,

161 3140 260 3203 quam
301 3117 470 3201 postulant
510 3119 660 3201 proxima
699 3118 841 3197 (fumus
876 3120 1004 3201 primo
1040 3119 1319 3202 conspectus),

160 3227 270 3310 potius
300 3224 476 3289 dilucidam
506 3231 539 3288 et
567 3225 698 3288 uberem
725 3232 758 3289 et
782 3225 948 3290 Livianarn
972 3227 1020 3290 rei
1043 3227 1268 3291 narrationem
1291 3247 1315 3291 a

159 3335 270 3398 nescio
299 3354 364 3416 quo
392 3331 528 3396 inauditi
558 3333 685 3414 generis
713 3332 950 3416 interpolatore
972 3334 1042 3397 sine
1064 3333 1182 3398 umbra
1205 3354 1312 3400 causan

160 3442 389 3523 interpositam
412 3446 528 3521 putare
551 3460 648 3519 quam
666 3439 866 3520 intellegere,
889 3439 1058 3521 quodiam
1077 3440 1134 3504 alii
1151 3439 1315 3522 dixerant,

160 3548 303 3623 librarii,
339 3570 358 3611 a
391 3547 482 3610 cuius
516 3567 618 3629 opera
650 3545 677 3608 B
711 3555 744 3610 et
777 3547 928 3628 vulgares
962 3548 1092 3612 codices
1127 3551 1191 3612 orti
1226 3556 1312 3630 suut,

162 3655 292 3719 oculum
322 3676 341 3718 a
369 3655 477 3738 priore
513 3655 642 3717 omnia
676 3653 717 3717 ad
749 3654 888 3718 alterum
917 3655 1130 3720 transiluisse.
1185 3656 1229 3720 Et
1254 3655 1314 3720 ad-

161 3768 297 3827 vocatur
333 3763 432 3825 etiam
467 3762 562 3825 testis
590 3761 783 3839 Frontinus,
818 3762 913 3843 quasi
942 3782 1006 3826 non
1037 3763 1080 3841 is,
1116 3784 1214 3845 viuum
1243 3783 1318 3828 rern

162 3890 221 3934 suo
257 3868 355 3935 modo
390 3868 534 3932 breviter
568 3875 601 3933 et
633 3867 719 3931 nude
753 3875 919 3947 narraret,
953 3871 1031 3934 item
1060 3870 1204 3953 reliqua,
1239 3890 1321 3955 qute-

191 4119 215 4187 ι)
235 4119 347 4188 [ΧΧἮ,
367 4123 406 4188 10,
425 4123 442 4173 2
459 4126 535 4176 recte
553 4121 620 4174 olim
639 4121 785 4176 edebatur:
804 4121 948 4188 Placuit,
967 4123 1321 4192 eonsules-ponere·

232 4209 357 4271 castra;
377 4206 502 4274 sequitur
519 4232 552 4243 -
570 4222 772 4274 praesse-
790 4203 986 4274 contineri]
