3060 5272
224 286 287 344 nur.
305 285 354 344 m
780 271 829 335 82,

225 458 389 527 ostionem
411 455 523 525 habet.
569 456 786 523 Scribendum
809 456 958 535 onlsra,
986 477 1027 520 ex
1048 477 1114 539 quo
1137 461 1276 541 propfer
1297 476 1387 543 prm-⁶.

225 569 396 634 cedentem
417 567 564 632 litteram
587 585 602 626 r
622 570 739 630 natum
762 569 813 630 est
834 564 1020 629 remissa.
1067 562 1174 645 1861.)
1373 624 1377 630 .

310 672 407 758 *Cap
436 679 492 754 65,
527 677 545 738 5
579 694 681 756 quum
708 673 743 737 in
765 670 942 753 ,codicibus
969 669 1034 736 fide
1063 670 1171 755 dignis
1198 669 1387 738 scribaturs

224 781 377 861 deinde,
399 787 443 847 ut
466 781 706 847 obtinentes
728 779 860 845 locum
876 777 1202 859 viresferebant,
1225 778 1387 865 audent

223 889 336 955 ultro
365 887 521 953 inferre
549 887 732 970 gradum,
766 890 923 969 et'quum
944 886 1100 967 Romani,
1134 885 1383 973 quiinlocpm

223 996 374 1080 iniquum
404 996 584 1061 subeuntes
612 995 688 1060 telis
716 993 861 1059 hostium
892 994 1033 1077 desuper
1055 994 1150 1059 iactis
1171 991 1301 1059 turbati
1321 1015 1382 1078 pe-

224 1102 298 1169 dem
315 1103 438 1169 referre
458 1108 646 1187 coeperant,
666 1101 784 1166 deinde
802 1106 922 1181 autem,
941 1099 1097 1166 hortante
1113 1100 1259 1181 consule,
1275 1100 1381 1167 obsti·

222 1210 311 1277 natis
329 1211 446 1276 animis
463 1211 665 1288 restiterant,
683 1209 852 1292 aptissime
866 1208 1018 1273 dicentur
1034 1207 1165 1274 locum
1183 1207 1383 1289 obtinere,

223 1324 365 1404 apparet
381 1319 422 1383 de
439 1317 564 1383 viribus
582 1315 702 1382 stando
721 1314 763 1379 ad
780 1337 902 1381 norum
920 1322 1075 1381 conatum
1093 1316 1200 1399 captis
1217 1315 1271 1399 agi
1287 1336 1385 1401 meu:¹

224 1424 408 1508 dosumque
442 1445 514 1489 esse
547 1423 755 1501 ferebant,
795 1423 953 1506 quoniam
986 1443 1093 1506 neque
1127 1423 1237 1488 vires
1270 1421 1384 1489 ferre

223 1532 356 1611 dicitur,
396 1532 449 1596 cui
484 1537 700 1609 renovantur,
739 1551 846 1612 neque
878 1531 964 1595 vires
1000 1549 1198 1614 quemquam
1234 1536 1381 1597 stantem

154 1654 207 1720 lut)
226 1640 372 1704 ferunt.
435 1638 649 1702 Perlustratis
688 1643 798 1702 eutem
838 1635 991 1702 omnibus
1029 1638 1083 1701 vix
1115 1637 1295 1725 quidquam
1327 1658 1384 1705 re·.

222 1747 346 1830 perias,
379 1744 469 1827 quod
498 1744 563 1808 dici
586 1746 748 1827 potuerit,
781 1745 847 1808 nisi
869 1742 1135 1822 reficiebant,
1168 1745 1264 1810 cuius
1285 1744 1381 1811 verbi

223 1854 330 1936 prima
365 1850 493 1936 syllaba
526 1858 603 1934 post
635 1853 744 1916 vires
777 1849 875 1916 facile
903 1850 1054 1915 excidere
1082 1858 1224 1934 poterat.
1279 1851 1382 1934 (Ante

222 1959 459 2024 refecerant
485 1959 704 2036 conieceram,
735 1959 769 2022 in
798 1957 888 2041 quod
909 1957 1005 2023 rideo
1030 1959 1130 2023 etiam
1152 1958 1381 2026 Weissenbor-

222 2068 312 2131 nium
335 2066 498 2131 incidisse.
534 2065 766 2149 Imperfectum
787 2086 856 2129 rem
880 2066 1001 2130 sensim
1023 2064 1146 2130 factam
1169 2066 1357 2150 significat)
1371 2084 1382 2133 ,ἲ

703 2257 795 2338 Lib.
828 2255 897 2338 III.

307 2389 385 2474 Cap.
413 2387 440 2469 l,
470 2393 498 2452 5.
548 2389 623 2454 Non
651 2381 760 2453 minus
790 2410 810 2453 a
834 2388 917 2452 Livii
945 2410 1008 2453 usu
1037 2410 1136 2470 quam
1163 2408 1184 2452 a
1207 2385 1383 2455 Ciceronis·

221 2496 275 2577 (de
305 2518 371 2580 quo
402 2495 469 2561 dixi
500 2495 620 2580 Opusc.
643 2484 784 2561 Acedsl
814 2519 843 2579 p.
870 2498 1038 2559 333-338
1067 2500 1102 2560 et
1130 2495 1173 2561 ad
1202 2494 1306 2562 libros
1334 2495 1383 2577 de

219 2600 290 2668 Fin.
314 2626 345 2687 p.
371 2602 447 2684 562)
476 2602 655 2668 abhorrere
677 2603 808 2668 videtur
829 2602 898 2667 haec
921 2604 1019 2668 trium
1042 2601 1253 2687 (pluriumve)
1274 2623 1379 2670 mem*

219 2710 361 2776 brorum·
379 2730 445 2774 una
468 2711 551 2775 serie
575 2717 608 2774 et
631 2731 726 2792 aequo
749 2709 854 2792 gradu
879 2711 1129 2776 coniunctorum
1151 2711 1357 2777 enumeratio
1366 2734 1380 2775 τ·

218 2819 397 2897 Antium,
430 2818 717 2902 propinquam,
753 2823 1024 2900 opportunam
1057 2822 1096 2882 et
1128 2818 1381 2901 maritimam

220 2925 373 3003 urbem,
408 2925 606 3008 interposita
639 2926 725 2989 inter
759 2924 832 2990 sola
865 2931 1013 2990 extrema
1042 2923 1207 3009 particula
1236 2930 1276 2989 et
1304 2923 1376 3006 (ao,

219 3031 365 3114 atque).
421 3032 505 3097 Nam
539 3038 573 3096 et
605 3032 763 3116 perpauci
797 3030 886 3114 apud
915 3052 988 3097 eum
1017 3039 1093 3097 sunt
1120 3031 1219 3097 huius
1246 3032 1383 3115 generis·

217 3139 292 3217 loci,
315 3141 342 3203 si
366 3161 440 3203 cum
461 3138 728 3221 frequentissima
749 3139 797 3203 ite
820 3138 949 3203 dicendi
973 3141 1222 3222 opportunitate
1245 3146 1377 3205 etcum

218 3247 294 3311 aliis
332 3248 399 3312 tria
437 3247 572 3331 plurave
612 3245 760 3312 membra
799 3246 1018 3329 coniungendi
1056 3245 1164 3312 modis
1198 3246 1374 3330 (asyndctc

217 3353 420 3439 particulare
456 3356 576 3438 saepius
609 3355 736 3436 posita,
775 3355 917 3418 maxime
957 3352 1090 3436 quidem
1124 3352 1213 3437 apud
1245 3353 1378 3419 Livium

219 3482 295 3544 qne
316 3496 360 3506 -
382 3460 435 3541 et)
460 3467 709 3544 comparantur,
739 3467 773 3526 et
799 3460 834 3525 hi
858 3461 920 3544 ipsi
943 3481 1095 3543 magnam
1118 3466 1247 3545 partem
1268 3480 1377 3546 nuper

217 3590 235 3631 e
258 3567 428 3633 codicibus
452 3567 632 3645 emendati,
666 3569 768 3632 ceteri
797 3566 865 3631 fere
894 3567 937 3633 ob
966 3568 1050 3633 alias
1078 3588 1195 3633 causas
1218 3575 1277 3634 aut
1298 3589 1375 3652 pcr-

218 3676 331 3758 spicue
354 3674 550 3739 emendandi
573 3680 633 3739 aut
655 3673 757 3738 dubii.
809 3674 967 3740 Indicabo
992 3695 1118 3755 omnes,
1149 3697 1242 3759 quos,
1271 3696 1374 3758 quum

216 3803 282 3848 non
305 3780 516 3865 indiligenter
538 3780 757 3861 attenderem,
791 3789 912 3867 praeter
934 3804 1018 3861 eum,
1052 3804 1151 3867 quem
1173 3784 1375 3868 praescripsi,

216 3889 381 3955 adnotari.
415 3888 473 3966 III,
500 3893 548 3966 17,
573 3893 607 3952 3:
631 3889 821 3973 Iuppiter
844 3892 1020 3974 optimus
1043 3892 1247 3970 maximus,
1271 3890 1372 3956 Iuno

215 3998 361 4077 regina
401 4004 440 4061 et
472 3997 669 4075 Minerva,
710 3997 785 4062 alii
824 3997 880 4061 dii
914 3997 1077 4079 deaeque
1117 3998 1372 4063 obsidentur.

215 4101 289 4166 Etsi
317 4103 416 4187 paulo
446 4105 531 4170 alius
560 4106 689 4188 generis
717 4103 770 4186 hic
798 4104 891 4170 locus
914 4110 980 4183 est,
1014 4105 1104 4188 quod
1127 4086 1375 4173 consubsistit

216 4212 420 4277 enumeratio
453 4213 488 4277 in
521 4212 682 4291 Minerva,
716 4216 826 4276 tamen
859 4212 912 4276 rix
947 4211 1093 4277 dubitari
1127 4216 1254 4297 potest,
1287 4211 1371 4296 quin
