3060 5272
207 347 270 404 Lib.
288 348 322 403 V.
757 338 819 400 140

210 520 326 606 populi
347 521 446 586 Veios
469 542 510 586 ex
532 521 703 587 obsidione
726 521 920 605 eriperent),
951 529 1074 589 antea
1103 544 1142 589 se
1164 521 1205 587 id
1227 521 1366 588 Veien-

208 630 322 695 tibus
344 649 530 713 negasse,
560 629 663 713 quia,
692 629 796 695 unde
818 630 1036 696 consilium
1057 652 1136 698 non
1157 631 1367 716 petissent

210 759 331 823 super
353 744 470 804 tanta
489 758 540 818 re,
558 737 757 803 auxilium
773 743 913 822 patore
930 759 1007 803 non
1024 738 1236 821 deberent;
1259 759 1365 804 nunc

208 846 288 912 iam
321 867 393 930 pro
429 867 469 911 se
503 845 708 911 fortunam
742 865 853 911 suam
881 845 969 912 illis
996 868 1161 932 negaro;
1194 847 1364 913 maxime

209 955 249 1020 in
288 977 333 1021 ea
370 960 490 1038 parta
524 953 700 1019 Etruria
740 960 898 1036 gentem
937 953 1200 1021 invisitatam
1240 977 1365 1021 novos

209 1062 372 1130 accolas
396 1060 539 1128 Gallos
563 1082 657 1143 essa,
680 1083 765 1127 cum
789 1061 938 1145 quibus
959 1082 1031 1128 nec
1052 1083 1129 1147 pax
1151 1065 1255 1130 satis
1277 1063 1368 1129 fida

208 1193 280 1238 nec
317 1170 469 1237 bellum
501 1191 573 1254 pro
608 1175 718 1235 certo
753 1170 817 1234 sit.
878 1168 917 1234 In
950 1168 1002 1235 bis
1035 1170 1206 1237 turbatum
1238 1171 1366 1256 aliquid

210 1301 297 1360 esse,
336 1279 453 1359 sensit,
493 1279 549 1361 qui
584 1277 650 1343 alia
683 1276 804 1343 similia
836 1300 902 1342 non
935 1279 1161 1362 praetermisit,
1200 1279 1364 1345 Dukerus.

208 1388 294 1454 Nam
327 1408 388 1452 nec
420 1387 587 1451 maxime
620 1387 654 1450 in
688 1385 803 1469 aliqua
835 1391 932 1469 parte
953 1386 1096 1452 Etruriae
1124 1387 1244 1454 accola
1273 1393 1367 1453 erant

209 1495 296 1562 Galli
325 1516 386 1560 nec
414 1494 546 1560 omnino
576 1493 616 1558 in
639 1492 753 1577 aliqua
775 1499 869 1578 parte
893 1494 1058 1576 accolae3
1091 1517 1152 1561 nec
1174 1496 1291 1563 melius
1312 1517 1367 1562 res

209 1604 359 1688 procedit
391 1602 443 1668 his
470 1601 597 1666 verbis:
637 1602 806 1666 maxime
835 1602 874 1666 in
903 1622 948 1667 ea
975 1607 1092 1685 parte
1120 1603 1294 1670 Etruria
1322 1603 1364 1671 ad

210 1713 381 1796 superiora
418 1709 599 1788 adiunctis,
640 1730 742 1792 quum
780 1715 915 1793 propter
954 1709 1038 1776 alias
1080 1732 1199 1777 causas
1239 1710 1366 1794 (suam

209 1820 416 1887 fortunam
455 1838 606 1901 negare
644 1817 683 1880 in
724 1838 770 1882 ea
803 1824 920 1901 parte
956 1818 1123 1901 Gallia),
1161 1825 1234 1886 tum
1273 1820 1363 1905 quod

209 1928 332 1994 nullius
350 1927 486 1992 alterius
503 1925 609 2011 partis
626 1924 784 1990 auxilium
801 1924 987 2009 petebatur.
1022 1927 1148 1993 Deinde
1166 1934 1201 1994 et
1217 1928 1366 2013 alioquin

209 2038 326 2103 vitiose
348 2035 419 2100 haec
441 2033 665 2099 cumulantur:
699 2053 794 2114 gens
821 2030 1041 2100 invisitata
1068 2035 1221 2101 accola
1250 2035 1360 2102 Galli

210 2151 244 2211 et
271 2145 410 2210 vitiosus
433 2149 484 2208 ost
506 2141 587 2207 ordo
610 2140 801 2220 vorborum,
834 2141 1033 2227 interposito
1062 2143 1241 2224 accolas,
1276 2144 1366 2229 quod

209 2253 381 2339 praedicati
403 2251 475 2317 loco
499 2257 558 2329 est,
581 2250 668 2314 inter
689 2256 849 2332 gentem
871 2250 1132 2316 invisitatam
1155 2256 1189 2316 ot
1211 2251 1365 2319 Gallos.

208 2361 283 2429 Hoc
304 2362 448 2446 primum
471 2358 700 2442 expediamus3
723 2357 899 2441 apparebit
921 2359 1007 2423 enim
1030 2358 1227 2440 attendenti,
1248 2381 1368 2426 novam
1443 2379 1451 2398 ’

210 2470 409 2536 sententiam
438 2466 479 2532 ab
508 2466 560 2530 his
588 2465 695 2530 verbis
724 2465 885 2550 incipere:
919 2487 1045 2532 novos
1073 2467 1236 2534 accolas
1265 2467 1367 2550 (illos,

211 2579 268 2663 qui
292 2575 467 2660 significati
491 2572 716 2658 superioribus
738 2573 846 2638 verbis
870 2573 960 2656 sunt)
984 2573 1125 2641 Gallos
1149 2596 1253 2655 esse,
1282 2597 1368 2641 cum

211 2684 359 2770 quibus
395 2688 456 2747 oet.
514 2680 687 2765 Sequitur,
721 2686 760 2746 ut
792 2683 862 2765 ipse
897 2703 1010 2747 eorum
1039 2683 1201 2750 adventus
1230 2689 1265 2749 et
1290 2705 1367 2768 pro-

124 2812 195 2881 (119)
214 2793 385 2878 pinquitas
414 2789 617 2874 significetur
644 2789 696 2854 his
726 2790 847 2855 verbis:
881 2791 1050 2856 maxime
1085 2792 1124 2856 in
1154 2812 1201 2858 aa
1228 2814 1260 2876 p.
1283 2792 1366 2859 Etr.

210 2900 470 2966 invisitatam
499 2905 672 2982 gentem3
707 2919 748 2963 ex
770 2921 836 2982 quo
859 2899 1070 2983 perspicuum
1093 2906 1153 2980 est,
1184 2899 1366 2967 desiderari

210 3008 423 3086 infinitivum,
458 3008 513 3091 qui
544 3012 601 3071 aut
629 3006 788 3072 exciderit
816 3007 934 3071 autin
957 3007 1126 3072 maxime
1149 3008 1269 3087 lateat,
1303 3009 1367 3074 etsi

210 3116 282 3182 fieri
312 3122 439 3200 potest,
473 3122 510 3180 ut
542 3114 695 3180 mendum
728 3135 793 3180 non
826 3136 892 3180 uno
927 3114 985 3180 illo
1017 3115 1118 3180 verbo
1147 3117 1366 3182 contineatur.

204 3224 260 3290 Ad
284 3224 481 3290 sententiam
504 3230 618 3308 aptum
642 3223 700 3288 sit:
734 3223 947 3288 Imminere
971 3221 1201 3305 [Imminere
1230 3221 1366 3308 quum]

208 3334 378 3398 maxime
418 3332 457 3396 in
497 3353 581 3396 eam
619 3337 779 3415 partem
811 3331 991 3396 Etruria
1024 3338 1185 3416 gentem
1217 3332 1366 3398 invisi·

208 3447 354 3521 tatam3
388 3441 436 3505 ita
459 3439 587 3504 Livium
617 3439 805 3522 scripsisse,
833 3439 972 3504 multum
995 3439 1105 3519 abest,
1135 3445 1175 3505 ut
1196 3438 1364 3519 affirmem,

209 3570 249 3615 ac
278 3550 390 3634 potius
412 3547 619 3632 probabilius
642 3547 767 3631 aliquid
789 3549 934 3631 requiro.
980 3545 1163 3630 [Summam
1184 3546 1366 3632 probabili-

209 3664 312 3723 tatem
334 3655 450 3721 habet:
475 3655 669 3718 lnvaslsse
691 3657 731 3720 in
754 3677 838 3721 eam
861 3661 1016 3740 partem
1039 3655 1225 3722 Etruria.
1256 3653 1365 3738 1873]

278 3928 308 3981 in
331 3926 521 3982 anacoluthon
543 3927 612 3994 tale,
640 3931 672 3981 ut
690 3925 813 3982 dicaret:
841 3925 1008 3982 traditum
1031 3945 1119 3997 assa,
1146 3933 1235 3983 ut-
1252 3929 1363 3984 victo·

278 4013 404 4067 toriam
422 4040 456 4051 -
475 4011 561 4080 dari,
584 4012 626 4066 ita
647 4012 736 4066 nihilo
758 4012 851 4066 minua
870 4017 977 4067 certum
995 4030 1070 4081 esse,
1093 4019 1131 4068 ut
1149 4013 1284 4083 qnando
1303 4032 1367 4070 sum

277 4115 331 4167 pro
350 4098 378 4152 si
396 4098 530 4167 quando
548 4116 606 4152 non
624 4098 736 4153 dixisse.
773 4097 942 4153 Tollendum
960 4104 1004 4152 est
1021 4103 1065 4166 ut,
1083 4098 1282 4169 interpositum
1300 4103 1367 4170 post

279 4183 328 4236 sic
346 4184 382 4237 ab
401 4183 534 4239 oscitanti
553 4183 645 4238 scriba
662 4183 787 4239 librario.
826 4181 885 4254 [Sic
903 4181 1071 4254 Creverins.]
