3060 5272
283 319 345 374 Lib.
364 319 439 374 xxl.
831 307 895 369 2⁷0

284 492 365 576 quid
392 492 426 557 in
456 491 654 557 sententiam
684 496 762 574 apte
791 490 916 556 includi
944 490 1002 557 illo
1024 491 1098 557 loco
1120 492 1228 576 possit
1249 496 1284 557 st
1305 512 1383 577 quse
1405 492 1450 559 de

283 598 437 665 Taurinis
460 598 585 665 tradita
607 600 682 679 sint,
710 598 781 664 reri
803 598 1004 663 simillimum
1026 599 1167 679 ridetur,
1188 598 1317 665 Livium
1338 601 1450 685 scrip-

284 708 382 771 sisse:
424 706 594 772 Taurini
628 704 853 789 Semigalli.
908 705 993 772 Nam
1026 706 1189 772 Taurinos
1224 704 1346 773 Strabo
1380 706 1449 790 (ΠΙ

282 838 315 899 p.
339 818 402 878 204
426 811 513 895 Cas.)
538 812 715 897 Liguribus
744 812 800 878 ille
830 813 965 896 quidem
993 813 1146 897 adiungit
1173 813 1225 895 (ut
1250 813 1379 881 Plinius
1402 814 1447 880 H.

283 920 322 984 N.
346 920 411 1000 III,
441 925 491 1001 17,
523 921 615 1004 132),
643 921 702 986 sed
729 927 841 986 tamen
870 920 953 986 alibi
976 919 1021 1005 (p.
1045 921 1122 1005 209)
1146 940 1167 987 a
1190 920 1368 1005 Liguribus
1392 942 1448 989 sc·

283 1035 396 1113 parat;
443 1028 611 1112 Appianas
652 1033 762 1093 autern
802 1026 958 1109 (Hannib.
1000 1027 1033 1110 5)
1072 1028 1288 1109 Taurasiam,
1326 1028 1448 1095 urbem

284 1157 412 1216 eorum,
448 1135 612 1201 Gallicam
645 1135 810 1220 appellst3
849 1142 883 1200 ct
922 1137 1002 1219 ipsae
1036 1136 1129 1202 sedes
1162 1157 1183 1200 a
1216 1136 1447 1221 septentrione

282 1244 469 1328 Appennini
491 1244 672 1323 adducunt,
700 1248 739 1308 ut
761 1244 905 1325 antiquae
929 1243 1024 1326 stirpi
1048 1242 1159 1310 Gallos
1182 1242 1347 1311 admixtos
1370 1264 1447 1311 cre·

203 1364 273 1433 (220)
292 1351 453 1432 damus.¹)
498 1350 602 1416 Paulo
626 1357 703 1435 post
726 1348 757 1433 (ἓ
780 1349 825 1431 7),
848 1350 906 1415 ubi
928 1350 1052 1416 editur:
1082 1351 1146 1434 qui
1176 1350 1290 1417 ambo
1312 1351 1446 1419 saltus

284 1480 367 1524 eum
394 1482 471 1525 nou
493 1459 756 1537 inTaurinos,
780 1458 853 1522 sed
876 1457 1146 1541 perSalsssos
1163 1463 1377 1525 montanos
1393 1458 1445 1525 sd

151 1606 155 1615 ·
285 1567 435 1630 Libuos
471 1564 615 1631 Gallos
651 1566 912 1644 deduxerint,
948 1564 1156 1630 Salassorum
1189 1585 1307 1630 nomen
1335 1565 1445 1651 Lipsii

284 1680 318 1737 et
341 1671 484 1737 Cluverii
507 1674 705 1738 coniecturas
728 1672 886 1752 debetur3
913 1673 947 1736 in
971 1671 1140 1738 codicibus
1163 1672 1336 1738 scribitur:
1370 1695 1444 1758 per

285 1779 418 1845 saltus
447 1786 681 1859 montanos,
710 1780 744 1844 in
773 1780 1003 1862 antiquissimo
1026 1779 1196 1862 (quoniam
1218 1780 1244 1845 P
1267 1780 1444 1863 caremus),

283 1887 327 1967 M,
351 1907 372 1951 a
393 1888 501 1970 prima
523 1908 636 1952 manu:
660 1909 732 1971 per
754 1887 884 1951 saltos
907 1894 1129 1953 montanos.
1165 1886 1287 1968 Livius,
1311 1890 1442 1972 opinor,

283 1994 410 2059 nullum
433 1996 515 2060 certi
538 1995 652 2079 populi
673 2015 793 2065 nomen
816 2001 981 2078 posuerat,
1010 1995 1083 2059 sed:
1118 2016 1188 2078 per
1210 1994 1310 2057 allos
1332 2016 1443 2062 mou·

282 2109 411 2168 tanos.
470 2102 505 2168 Si
533 2101 969 2181 Salassosnominassot,
1003 2108 1215 2167 montanos
1247 2124 1313 2169 non
1346 2102 1443 2169 addi-

283 2211 396 2276 disset.
459 2209 609 2275 Ceterum
648 2209 773 2275 residet
805 2210 960 2274 mendum
992 2210 1027 2273 in
1061 2208 1326 2290 deduxerint,
1364 2231 1441 2294 quae

282 2319 374 2384 verbi
407 2318 514 2384 torma
545 2337 652 2399 neque
682 2338 755 2381 cum
785 2316 993 2381 dubitatione
1023 2316 1064 2380 de
1091 2318 1260 2400 praeterito
1289 2323 1441 2402 tempore

283 2447 429 2508 unquam
462 2425 586 2489 dicitur
620 2424 697 2504 (nisi
731 2424 845 2489 addito
866 2423 1062 2502 forsitan,
1100 2422 1252 2504 forsan,
1286 2430 1324 2491 ut
1355 2424 1439 2491 for·

283 2534 393 2597 sitan
421 2531 568 2596 fecerit
595 2531 652 2595 sit:
687 2529 757 2595 fieri
780 2537 899 2614 potest,
927 2539 967 2595 ut
987 2529 1125 2612 lecerit),
1155 2550 1270 2615 nequo,
1299 2532 1328 2597 si
1351 2532 1438 2597 dicc-

282 2644 390 2718 retur,
422 2638 486 2703 hoc
514 2636 588 2703 loco
617 2639 694 2720 poni
724 2639 905 2721 potuisset,
940 2637 998 2703 ubi
1025 2638 1228 2704 condicionis
1257 2640 1439 2724 requiritur

283 2744 492 2829 significatio,
516 2745 670 2829 quonism
693 2746 804 2812 Livius
826 2768 893 2812 non
917 2747 987 2830 ipse
1011 2744 1153 2826 dubitat,
1176 2746 1234 2810 sed
1257 2752 1295 2811 ut
1317 2745 1438 2812 salsum

281 2853 345 2919 hoc
372 2852 552 2934 redarguit.
607 2852 725 2936 ltaque
754 2852 928 2933 audacter,
962 2852 1020 2918 ssd
1053 2859 1164 2918 tamen
1191 2860 1283 2919 recte
1310 2860 1438 2921 veteres

282 2960 427 3026 editores
467 2959 736 3026 deduxissent
774 2961 1023 3026 substituerunt.
1091 2960 1185 3039 Quod
1224 2963 1341 3044 negavi
1378 2961 1438 3028 fo·

282 3070 402 3133 aerim
432 3067 473 3133 de
502 3068 671 3152 praeterito
700 3075 848 3152 tempore
879 3068 1061 3134 dubitative
1086 3067 1167 3149 dici,
1200 3069 1314 3135 eodem
1338 3069 1436 3137 modo

282 3183 412 3241 erratur
440 3196 466 3240 c.
489 3178 547 3255 47,
582 3180 616 3256 5,
651 3175 708 3240 ubi
735 3175 892 3241 luerint
919 3174 1110 3259 (petenda
1136 3174 1304 3259 tuerint)
1328 3183 1438 3243 ortum

282 3291 332 3349 est
371 3306 411 3349 ex
449 3283 617 3349 fuerunt
655 3290 793 3367 propter
832 3283 1106 3362 travexerint,
1146 3283 1235 3368 quod
1267 3285 1436 3368 praecedit.

280 3391 387 3456 Aliter
420 3389 541 3455 dicitur
575 3391 610 3455 in
643 3390 852 3456 concedendo
881 3398 915 3456 et
943 3389 1113 3474 fingendo:
1147 3389 1277 3456 fuerit
1305 3390 1436 3458 Carbo

280 3499 518 3564 sceleratus.
553 3497 692 3580 (Eodem
709 3497 855 3582 osp.§9:
878 3497 1015 3581 Neque
1037 3497 1207 3564 hercule
1229 3497 1436 3565 montibus

280 3607 342 3672 his
369 3642 412 3651 —
440 3604 488 3669 ab
522 3606 706 3671 transitu
739 3605 960 3672 Poenorum
992 3603 1077 3670 ullo
1104 3606 1316 3672 -incolae
1349 3607 1435 3691 iugi

280 3716 369 3780 eius
397 3714 534 3779 norint
555 3713 740 3791 inditum,
771 3713 841 3778 sed
863 3712 911 3777 sb
934 3733 990 3793 eo,
1013 3733 1128 3794 quem
1149 3713 1436 3780 -Poeninum

280 3823 461 3888 montani
489 3819 712 3905 appellant.
765 3819 820 3885 Sic
843 3819 976 3887 codices
998 3819 1094 3902 boni3
1124 3821 1234 3887 editur
1256 3842 1274 3887 e
1296 3821 1375 3888 Lov.
1398 3826 1433 3887 3:

309 4070 332 4141 ¹)
350 4074 417 4213 Ωιιηὶι
435 4073 571 4214 Ρὲἐγὶιίιιι
588 4074 628 4141 H,
654 4077 694 4143 lt,
716 4077 734 4129 8
751 4074 786 4128 de
803 4073 945 4130 Tauriscis
963 4072 1041 4143 dreit,
1064 4091 1121 4130 non
1140 4079 1224 4130 erant
1241 4075 1277 4130 ad
1294 4075 1434 4131 Taurinos

348 4163 361 4211 t
413 4176 450 4215 en
