3060 5272
720 825 761 888 79
1202 839 1264 894 Lib.
1283 840 1319 895 11.

155 1015 272 1093 ἄγοντός
303 1040 359 1092 μον
393 1017 495 1088 σχολὴν
529 1007 567 1073 div
606 1017 633 1073 ol
667 1020 790 1073 πλεῖστοι
818 1016 904 1072 ἕνεκεν
933 1016 1129 1087 ἀσχολοῦνται,
1162 1019 1318 1094 nuquyc'vou

156 1126 229 1201 πρός
249 1120 308 1203 με).
353 1118 444 1184 Idem
467 1119 508 1185 de
530 1120 568 1184 R.
580 1118 680 1184 P.III
702 1118 740 1184 ir.
767 1124 801 1182 l:
824 1141 901 1184 non
923 1126 968 1184 ut
989 1139 1011 1182 a
1032 1125 1161 1185 matre
1184 1119 1253 1185 sed
1274 1126 1318 1185 ut

157 1250 179 1294 a
199 1248 378 1295 noverca
404 1232 555 1293 natura
582 1225 753 1307 editum,
781 1226 933 1293 hocest:
964 1232 1153 1292 enatura
1175 1249 1252 1294 non
1274 1235 1319 1294 ut

157 1357 179 1401 8
207 1343 336 1403 matre
365 1334 436 1402 Sed
458 1340 503 1423 ud
524 1354 546 1400 8
566 1356 651 1401 nov.
675 1333 741 1416 (οὐχ
765 1341 861 1415 ὣσπερ
884 1344 913 1397 ἐκ
934 1342 1034 1416 μητρὸς
1057 1340 1114 1397 ἀλλ’
1138 1345 1166 1397 ἐκ
1187 1343 1318 1417 μητρυιᾶς

157 1452 204 1519 tis
226 1442 365 1525 φύσως);
410 1440 547 1508 Ovidius
581 1443 677 1527 epist.
708 1441 871 1525 (Heroid.)
900 1442 993 1522 VIII,
1031 1448 1108 1508 110:
1148 1442 1317 1527 Quaque

157 1552 270 1633 licet,
297 1551 414 1633 fugio
438 1551 547 1617 siout
569 1549 618 1616 ab
640 1550 760 1616 hoste
782 1551 878 1630 rIro,
901 1550 936 1615 id
959 1557 1025 1617 est:
1054 1572 1075 1616 a
1098 1551 1185 1618 viro
1210 1553 1318 1617 siout

156 1659 206 1726 ab
235 1660 366 1726 hoste.
423 1659 499 1743 Ipse
529 1659 671 1743 denique
694 1658 809 1724 Livius
832 1658 903 1738 VII,
929 1663 969 1724 30
992 1666 1074 1724 extr.
1098 1660 1145 1725 sic
1167 1661 1316 1744 scripsit:

157 1775 203 1834 ut
229 1774 301 1833 aut
324 1766 372 1834 de
395 1767 551 1833 vestris
572 1765 729 1833 futuris
753 1767 881 1832 sociis
904 1773 974 1832 aut
995 1788 1193 1851 nusquam
1216 1768 1316 1834 ullis

154 1874 313 1941 futuris
341 1874 460 1942 nobis
489 1874 714 1955 consulite,
741 1873 772 1939 h
797 1895 841 1954 e.,
872 1874 918 1938 de
947 1873 1065 1939 nobis
1093 1882 1136 1940 ut
1164 1884 1233 1941 aut
1254 1883 1315 1942 cet.

156 1992 191 2049 et
213 1983 363 2063 XXXIX,
393 1987 444 2063 28,
478 1989 532 2047 ll:
562 1982 760 2048 Eumenes
783 1988 976 2065 tanquam
999 1982 1049 2046 ad
1071 1982 1315 2050 Antiochum

156 2091 422 2177 spoliandum
461 2113 520 2157 me
559 2091 689 2170 venit,
729 2089 786 2156 ubi
826 2087 1117 2156 Drakenborchius
1150 2112 1168 2156 e
1201 2091 1315 2159 codice

156 2200 271 2267 infimo
295 2207 411 2266 contra
433 2205 563 2266 ceteros
587 2219 701 2265 omnes
724 2197 831 2264 dedit:
871 2202 1066 2282 tanquam
1093 2198 1142 2264 ad
1171 2199 1314 2266 Antio-

154 2310 270 2375 chum
298 2308 347 2373 ad
376 2306 640 2392 spoliandum
667 2327 725 2372 me
753 2306 880 2386 renit3
913 2306 971 2371 sed
1000 2307 1100 2371 etiam
1128 2308 1314 2392 spolian-

154 2417 244 2483 dum
273 2415 316 2482 ad
338 2415 537 2481 Antiochum
565 2415 728 2499 pertinet,
753 2414 817 2479 hac
838 2415 1018 2480 sententia:
1052 2415 1102 2479 ad
1124 2437 1196 2496 me,
1224 2423 1313 2482 tan-

154 2524 346 2610 quemad
369 2522 628 2602 Antiochum,
656 2521 928 2605 spoliandum.
982 2521 1046 2587 Sed
1069 2545 1134 2605 quo
1158 2523 1313 2591 dubitan-

152 2635 222 2700 tius
250 2634 284 2698 in
305 2631 467 2698 hocloco
490 2630 531 2695 de
553 2651 627 2696 mea
648 2630 836 2714 suspicione
859 2629 941 2710 dixi,
970 2651 1009 2696 eo
1032 2630 1257 2698 vehementius
1280 2639 1314 2698 et

153 2740 383 2825 indignantius
412 2758 609 2822 conquerar,
642 2737 793 2820 proximo
829 2739 999 2821 superiore
1032 2759 1129 2803 versu
1158 2760 1217 2823 per
1246 2739 1312 2805 duo

153 2849 291 2929 saecula,
330 2849 358 2914 si
391 2845 534 2912 Belrlreri
573 2845 751 2912 editionem
790 2845 952 2929 excipias,
992 2847 1128 2911 retineri
1161 2847 1195 2910 in
1229 2846 1313 2912 Livii

154 2958 306 3024 oratione
340 2953 472 3021 foedum
506 2953 674 3019 mendum:
716 2960 811 3037 post
844 2959 1053 3038 acceptam
1086 2956 1381 3039 proxImam(65)

153 3084 296 3150 pugna
329 3047 502 3140 cladem,
537 3062 627 3145 quod
657 3062 841 3127 Gronovius
870 3063 1056 3127 certissima
1084 3063 1312 3130 emendatione

157 3172 356 3238 sustulerat:
392 3176 487 3254 post
520 3176 729 3254 acceptam
763 3170 947 3253 proxima
980 3190 1112 3253 pugna
1145 3170 1310 3236 cladem.

155 3280 342 3347 Tantumne
371 3277 514 3343 valuisse
540 3276 697 3343 lineolam
720 3276 878 3357 additam,
902 3279 1086 3361 praesertim
1108 3278 1312 3362 praecedente

154 3385 411 3472 acceptam),
434 3392 467 3450 et
488 3385 634 3450 litteram
657 3405 673 3448 e
697 3406 737 3450 ex
760 3407 775 3448 r
794 3387 943 3468 sequenti
962 3393 1077 3465 ortam,
1100 3394 1137 3451 ut
1154 3393 1312 3470 tanquam

153 3496 327 3562 LivIanum
361 3493 503 3559 ferretur
536 3514 674 3577 pugnae
715 3493 853 3559 clades
887 3501 920 3559 et
953 3496 1138 3578 proxima
1171 3516 1312 3580 pugnae

154 3602 296 3670 clades
314 3607 348 3668 et
365 3607 538 3686 accepta
555 3602 738 3685 proxima
755 3621 895 3688 pugnae
915 3602 1075 3668 clades?
1098 3605 1199 3688 Atqui
1218 3604 1311 3688 sequi

155 3711 335 3778 admonent
355 3709 443 3794 apud
460 3709 587 3774 Livium
604 3708 634 3793 (ᾗ
654 3709 702 3791 7);
726 3709 921 3775 hesterna
937 3709 1145 3776 felicitate
1163 3733 1311 3794 pugnas.

155 3819 272 3904 Itaque
296 3816 385 3900 quod
407 3817 534 3893 incerta
555 3814 832 3883 felicitatisnotio
852 3814 1006 3881 definitur
1023 3838 1164 3901 pugnae
1182 3819 1312 3883 nomine
1383 3846 1389 3854 ·

154 3935 190 3993 et
212 3925 309 3993 simul
331 3925 531 3992 adiectivum
553 3924 655 3989 habet
676 3923 883 4003 adiunctum,
912 3923 986 3989 ideo
1010 3946 1059 4006 pu
1067 3945 1150 4008 gnae
1174 3924 1312 3992 clades

153 4044 244 4102 recte
273 4034 401 4100 dicetur
423 4040 457 4098 st
478 4033 604 4097 Livium
628 4031 771 4097 scrihere
795 4031 941 4115 potuisse
965 4039 1148 4098 statuemus
1170 4033 1311 4116 primum

154 4144 245 4210 verbi
268 4163 370 4209 causa
398 4147 493 4226 post
521 4147 732 4225 expertam
754 4139 989 4205 hesternam
1012 4161 1151 4224 pugnae
1174 4139 1311 4206 felici·

154 4259 301 4332 tatem,
348 4248 468 4316 deinde
511 4255 605 4333 post
650 4253 861 4331 acceptum
905 4249 1127 4330 proximam
1170 4270 1311 4334 pugnae

155 4358 333 4425 cladem?
368 4356 433 4422 Sed
461 4377 520 4422 cur
547 4357 581 4421 in
610 4377 676 4420 uno
705 4353 778 4419 loco
807 4352 970 4435 exclamo,
1004 4378 1105 4440 quum
1134 4359 1167 4422 in
1189 4363 1240 4423 tot
1261 4365 1310 4423 ta·

155 4468 249 4534 cendi
272 4465 353 4532 mihi
375 4465 481 4549 legem
504 4463 668 4529 dixerim?

185 4650 207 4718 ¹)
226 4651 280 4705 Ch.
300 4669 324 4706 c.
342 4653 389 4719 46,
413 4651 423 4704 l
454 4670 473 4706 n
499 4649 530 4705 M
552 4650 719 4705 memoria
740 4649 882 4718 pessimi
905 4649 1056 4717 proximi
1080 4650 1173 4705 ballo
1197 4671 1308 4709 exem·

223 4736 273 4805 pli
290 4753 344 4806 pro
362 4736 524 4806 proximo.
