<?xml version="1.0" encoding="UTF-8"?>
<!DOCTYPE html PUBLIC "-//W3C//DTD XHTML 1.0 Transitional//EN"
    "http://www.w3.org/TR/xhtml1/DTD/xhtml1-transitional.dtd">
<html xmlns="http://www.w3.org/1999/xhtml" xml:lang="en" lang="en">
 <head>
  <title>
</title>
<meta http-equiv="Content-Type" content="text/html;charset=utf-8" />
  <meta name='ocr-system' content='tesseract 3.04.00' />
  <meta name='ocr-capabilities' content='ocr_page ocr_carea ocr_par ocr_line ocrx_word'/>
</head>
<body>
  <div class='ocr_page' id='page_1' title='image "./emendationesliv01madvgoog_0369.png"; bbox 0 0 3060 5272; ppageno 0'>
   <div class='ocr_carea' id='block_1_1' title="bbox 211 316 823 388">
    <p class='ocr_par' dir='ltr' id='par_1_1' title="bbox 211 316 823 388">
     <span class='ocr_line' id='line_1_1' title="bbox 211 316 823 388; baseline -0.018 0"><span class='ocrx_word' id='word_1_1' title='bbox 211 332 274 388; x_wconf 85' lang='lat' dir='ltr'>Lih.</span> <span class='ocrx_word' id='word_1_2' title='bbox 292 330 377 386; x_wconf 83' lang='lat' dir='ltr'>XXV.</span> <span class='ocrx_word' id='word_1_3' title='bbox 760 316 823 378; x_wconf 83' lang='lat'>360</span> 
     </span>
    </p>
   </div>
   <div class='ocr_carea' id='block_1_2' title="bbox 119 501 1396 1242">
    <p class='ocr_par' dir='ltr' id='par_1_2' title="bbox 119 501 1379 1131">
     <span class='ocr_line' id='line_1_2' title="bbox 119 501 1379 586; baseline 0.002 -19"><span class='ocrx_word' id='word_1_4' title='bbox 119 558 122 567; x_wconf 89' lang='lat'>.</span> <span class='ocrx_word' id='word_1_5' title='bbox 213 509 315 571; x_wconf 89' lang='lat' dir='ltr'>esset:</span> <span class='ocrx_word' id='word_1_6' title='bbox 350 508 505 567; x_wconf 88' lang='lat' dir='ltr'>armato</span> <span class='ocrx_word' id='word_1_7' title='bbox 536 508 597 567; x_wconf 87' lang='lat' dir='ltr'>se&#39;t</span> <span class='ocrx_word' id='word_1_8' title='bbox 626 521 790 586; x_wconf 87' lang='lat' dir='ltr'>capere,</span> <span class='ocrx_word' id='word_1_9' title='bbox 820 501 960 567; x_wconf 75' lang='lat' dir='ltr'>licenter</span> <span class='ocrx_word' id='word_1_10' title='bbox 986 503 1112 569; x_wconf 84' lang='lat' dir='ltr'>factum</span> <span class='ocrx_word' id='word_1_11' title='bbox 1135 522 1306 583; x_wconf 88' lang='lat' dir='ltr'>armare,</span> <span class='ocrx_word' id='word_1_12' title='bbox 1334 509 1379 570; x_wconf 91' lang='grc' dir='ltr'>ιιι</span> 
     </span>
     <span class='ocr_line' id='line_1_3' title="bbox 212 610 1377 697; baseline -0.002 -18"><span class='ocrx_word' id='word_1_13' title='bbox 212 613 318 679; x_wconf 90' lang='lat' dir='ltr'>simile</span> <span class='ocrx_word' id='word_1_14' title='bbox 354 618 443 677; x_wconf 90' lang='lat' dir='ltr'>asset</span> <span class='ocrx_word' id='word_1_15' title='bbox 477 612 521 691; x_wconf 89' lang='lat' dir='ltr'>ei,</span> <span class='ocrx_word' id='word_1_16' title='bbox 555 610 646 693; x_wconf 89' lang='lat' dir='ltr'>quod</span> <span class='ocrx_word' id='word_1_17' title='bbox 680 618 888 695; x_wconf 89' lang='lat' dir='ltr'>sequeretur,</span> <span class='ocrx_word' id='word_1_18' title='bbox 923 632 1070 697; x_wconf 78' lang='lat' dir='ltr'>capere</span> <span class='ocrx_word' id='word_1_19' title='bbox 1104 613 1156 695; x_wconf 89' lang='lat' dir='ltr'>(ut</span> <span class='ocrx_word' id='word_1_20' title='bbox 1189 611 1261 692; x_wconf 87' lang='lat' dir='ltr'>illa,</span> <span class='ocrx_word' id='word_1_21' title='bbox 1298 631 1377 697; x_wconf 80' lang='lat' dir='ltr'>qnae</span> 
     </span>
     <span class='ocr_line' id='line_1_4' title="bbox 212 719 1379 808; baseline 0 -22"><span class='ocrx_word' id='word_1_22' title='bbox 212 721 310 808; x_wconf 92' lang='lat' dir='ltr'>posui</span> <span class='ocrx_word' id='word_1_23' title='bbox 333 744 364 805; x_wconf 91' lang='lat' dir='ltr'>p.</span> <span class='ocrx_word' id='word_1_24' title='bbox 389 723 467 799; x_wconf 78' lang='lat'>207,</span> <span class='ocrx_word' id='word_1_25' title='bbox 497 726 534 784; x_wconf 90' lang='lat' dir='ltr'>ut</span> <span class='ocrx_word' id='word_1_26' title='bbox 563 719 690 801; x_wconf 81' lang='lat' dir='ltr'>magis</span> <span class='ocrx_word' id='word_1_27' title='bbox 717 740 812 784; x_wconf 91' lang='lat' dir='ltr'>uere</span> <span class='ocrx_word' id='word_1_28' title='bbox 840 741 901 804; x_wconf 92' lang='lat' dir='ltr'>pro</span> <span class='ocrx_word' id='word_1_29' title='bbox 930 727 1089 788; x_wconf 88' lang='lat' dir='ltr'>mature</span> <span class='ocrx_word' id='word_1_30' title='bbox 1112 720 1217 803; x_wconf 85' lang='lat' dir='ltr'>XXII,</span> <span class='ocrx_word' id='word_1_31' title='bbox 1246 723 1298 801; x_wconf 76' lang='lat'>34,</span> <span class='ocrx_word' id='word_1_32' title='bbox 1323 725 1379 803; x_wconf 80' lang='lat' dir='ltr'>ll,</span> 
     </span>
     <span class='ocr_line' id='line_1_5' title="bbox 212 827 1379 915; baseline -0.001 -19"><span class='ocrx_word' id='word_1_33' title='bbox 212 828 316 912; x_wconf 87' lang='lat' dir='ltr'>al.).¹)</span> <span class='ocrx_word' id='word_1_34' title='bbox 372 827 436 894; x_wconf 88' lang='lat' dir='ltr'>Sed</span> <span class='ocrx_word' id='word_1_35' title='bbox 472 828 569 912; x_wconf 92' lang='lat' dir='ltr'>plura</span> <span class='ocrx_word' id='word_1_36' title='bbox 603 835 779 911; x_wconf 78' lang='lat' dir='ltr'>supersunt</span> <span class='ocrx_word' id='word_1_37' title='bbox 807 829 840 892; x_wconf 93' lang='lat' dir='ltr'>in</span> <span class='ocrx_word' id='word_1_38' title='bbox 870 828 932 894; x_wconf 93' lang='lat' dir='ltr'>hoc</span> <span class='ocrx_word' id='word_1_39' title='bbox 961 831 1069 915; x_wconf 91' lang='lat' dir='ltr'>capite</span> <span class='ocrx_word' id='word_1_40' title='bbox 1098 828 1294 914; x_wconf 80' lang='lat' dir='ltr'>corrigenda</span> <span class='ocrx_word' id='word_1_41' title='bbox 1320 827 1379 912; x_wconf 87' lang='lat' dir='ltr'>(ut</span> 
     </span>
     <span class='ocr_line' id='line_1_6' title="bbox 211 935 1373 1025; baseline 0.001 -21"><span class='ocrx_word' id='word_1_42' title='bbox 211 946 404 1024; x_wconf 87' lang='lat' dir='ltr'>praeteream</span> <span class='ocrx_word' id='word_1_43' title='bbox 420 935 554 1002; x_wconf 87' lang='lat' dir='ltr'>foedum</span> <span class='ocrx_word' id='word_1_44' title='bbox 572 936 739 1001; x_wconf 89' lang='lat' dir='ltr'>mendum:</span> <span class='ocrx_word' id='word_1_45' title='bbox 758 937 805 1001; x_wconf 90' lang='lat' dir='ltr'>ad</span> <span class='ocrx_word' id='word_1_46' title='bbox 824 959 939 1022; x_wconf 90' lang='lat' dir='ltr'>quam</span> <span class='ocrx_word' id='word_1_47' title='bbox 957 939 1268 1025; x_wconf 82' lang='lat' dir='ltr'>perficiendum,</span> <span class='ocrx_word' id='word_1_48' title='bbox 1280 939 1373 1024; x_wconf 87' lang='lat' dir='ltr'>quod</span> 
     </span>
     <span class='ocr_line' id='line_1_7' title="bbox 211 1043 1377 1131; baseline 0.002 -17"><span class='ocrx_word' id='word_1_49' title='bbox 211 1050 375 1114; x_wconf 81' lang='lat' dir='ltr'>invectum</span> <span class='ocrx_word' id='word_1_50' title='bbox 414 1068 520 1129; x_wconf 88' lang='lat' dir='ltr'>nuper</span> <span class='ocrx_word' id='word_1_51' title='bbox 558 1045 593 1110; x_wconf 91' lang='lat' dir='ltr'>in</span> <span class='ocrx_word' id='word_1_52' title='bbox 626 1043 643 1127; x_wconf 61' lang='grc' dir='ltr'><strong>ἓ</strong></span> <span class='ocrx_word' id='word_1_53' title='bbox 679 1050 718 1110; x_wconf 88' lang='grc'>10</span> <span class='ocrx_word' id='word_1_54' title='bbox 753 1046 879 1130; x_wconf 83' lang='lat' dir='ltr'>explosi</span> <span class='ocrx_word' id='word_1_55' title='bbox 917 1047 951 1111; x_wconf 94' lang='lat' dir='ltr'>in</span> <span class='ocrx_word' id='word_1_56' title='bbox 985 1049 1208 1131; x_wconf 79' lang='lat' dir='ltr'>grammaticae</span> <span class='ocrx_word' id='word_1_57' title='bbox 1241 1048 1377 1116; x_wconf 71' lang='lat' dir='ltr'>Latinae</span> 
     </span>
    </p>

    <p class='ocr_par' dir='ltr' id='par_1_3' title="bbox 125 1139 1396 1242">
     <span class='ocr_line' id='line_1_8' title="bbox 125 1139 1396 1242; baseline -0.001 -17"><span class='ocrx_word' id='word_1_58' title='bbox 125 1168 197 1236; x_wconf 80' lang='lat'>(295)</span> <span class='ocrx_word' id='word_1_59' title='bbox 216 1156 368 1222; x_wconf 82' lang='lat' dir='ltr'>editionis</span> <span class='ocrx_word' id='word_1_60' title='bbox 391 1156 498 1220; x_wconf 87' lang='lat' dir='ltr'>tertiae</span> <span class='ocrx_word' id='word_1_61' title='bbox 521 1153 723 1220; x_wconf 75' lang='lat' dir='ltr'>Germanicae</span> <span class='ocrx_word' id='word_1_62' title='bbox 746 1152 939 1238; x_wconf 76' lang='lat' dir='ltr'>praefatione</span> <span class='ocrx_word' id='word_1_63' title='bbox 962 1178 993 1239; x_wconf 91' lang='lat' dir='ltr'>p.</span> <span class='ocrx_word' id='word_1_64' title='bbox 1018 1156 1088 1238; x_wconf 84' lang='lat' dir='ltr'>xl).</span> <span class='ocrx_word' id='word_1_65' title='bbox 1122 1158 1207 1222; x_wconf 87' lang='lat' dir='ltr'>Nam</span> <span class='ocrx_word' id='word_1_66' title='bbox 1222 1139 1396 1242; x_wconf 46' lang='lat' dir='ltr'>&#39;primum&#39;</span> 
     </span>
    </p>
   </div>
   <div class='ocr_carea' id='block_1_3' title="bbox 210 1262 1386 3735">
    <p class='ocr_par' dir='ltr' id='par_1_4' title="bbox 210 1262 1386 3735">
     <span class='ocr_line' id='line_1_9' title="bbox 213 1262 1376 1351; baseline 0.001 -21"><span class='ocrx_word' id='word_1_67' title='bbox 213 1265 230 1351; x_wconf 60' lang='grc' dir='ltr'>ᾗ</span> <span class='ocrx_word' id='word_1_68' title='bbox 256 1271 294 1330; x_wconf 84' lang='grc'>13</span> <span class='ocrx_word' id='word_1_69' title='bbox 319 1265 366 1347; x_wconf 91' lang='lat' dir='ltr'>(in</span> <span class='ocrx_word' id='word_1_70' title='bbox 389 1263 557 1329; x_wconf 87' lang='lat' dir='ltr'>reddenda</span> <span class='ocrx_word' id='word_1_71' title='bbox 579 1262 672 1327; x_wconf 86' lang='lat' dir='ltr'>Flavi</span> <span class='ocrx_word' id='word_1_72' title='bbox 700 1263 788 1347; x_wconf 90' lang='lat' dir='ltr'>apud</span> <span class='ocrx_word' id='word_1_73' title='bbox 811 1262 996 1328; x_wconf 84' lang='lat' dir='ltr'>Gracchum</span> <span class='ocrx_word' id='word_1_74' title='bbox 1024 1263 1184 1347; x_wconf 89' lang='lat' dir='ltr'>oratione)</span> <span class='ocrx_word' id='word_1_75' title='bbox 1214 1265 1261 1330; x_wconf 90' lang='lat' dir='ltr'>sic</span> <span class='ocrx_word' id='word_1_76' title='bbox 1289 1266 1376 1331; x_wconf 86' lang='lat' dir='ltr'>scri·</span> 
     </span>
     <span class='ocr_line' id='line_1_10' title="bbox 212 1371 1376 1455; baseline -0.001 -15"><span class='ocrx_word' id='word_1_77' title='bbox 212 1375 317 1440; x_wconf 87' lang='lat' dir='ltr'>bitur:</span> <span class='ocrx_word' id='word_1_78' title='bbox 353 1380 530 1438; x_wconf 89' lang='lat' dir='ltr'>ceterum</span> <span class='ocrx_word' id='word_1_79' title='bbox 559 1371 607 1436; x_wconf 91' lang='lat' dir='ltr'>ab</span> <span class='ocrx_word' id='word_1_80' title='bbox 637 1371 726 1455; x_wconf 90' lang='lat' dir='ltr'>ipso</span> <span class='ocrx_word' id='word_1_81' title='bbox 750 1371 938 1437; x_wconf 85' lang='lat' dir='ltr'>Graccho</span> <span class='ocrx_word' id='word_1_82' title='bbox 962 1373 1100 1438; x_wconf 89' lang='lat' dir='ltr'>eadem</span> <span class='ocrx_word' id='word_1_83' title='bbox 1123 1373 1205 1438; x_wconf 81' lang='lat' dir='ltr'>haec</span> <span class='ocrx_word' id='word_1_84' title='bbox 1227 1373 1376 1440; x_wconf 86' lang='lat' dir='ltr'>audire</span> 
     </span>
     <span class='ocr_line' id='line_1_11' title="bbox 212 1480 1376 1566; baseline 0 -18"><span class='ocrx_word' id='word_1_85' title='bbox 212 1482 331 1548; x_wconf 90' lang='lat' dir='ltr'>malle</span> <span class='ocrx_word' id='word_1_86' title='bbox 372 1503 439 1546; x_wconf 91' lang='lat' dir='ltr'>eos</span> <span class='ocrx_word' id='word_1_87' title='bbox 479 1480 699 1561; x_wconf 89' lang='lat' dir='ltr'>(Lucanorum</span> <span class='ocrx_word' id='word_1_88' title='bbox 738 1485 897 1563; x_wconf 86' lang='lat' dir='ltr'>praetores</span> <span class='ocrx_word' id='word_1_89' title='bbox 932 1481 1026 1562; x_wconf 90' lang='lat' dir='ltr'>dicit)</span> <span class='ocrx_word' id='word_1_90' title='bbox 1066 1483 1376 1566; x_wconf 74' lang='lat' dir='ltr'>praesentisque</span> 
     </span>
     <span class='ocr_line' id='line_1_12' title="bbox 213 1587 1372 1674; baseline -0.001 -17"><span class='ocrx_word' id='word_1_91' title='bbox 213 1592 449 1674; x_wconf 85' lang='lat' dir='ltr'>contingere</span> <span class='ocrx_word' id='word_1_92' title='bbox 484 1589 682 1668; x_wconf 84' lang='lat' dir='ltr'>dextram3</span> <span class='ocrx_word' id='word_1_93' title='bbox 716 1587 756 1651; x_wconf 89' lang='lat' dir='ltr'>id</span> <span class='ocrx_word' id='word_1_94' title='bbox 783 1589 928 1672; x_wconf 86' lang='lat' dir='ltr'>pignus</span> <span class='ocrx_word' id='word_1_95' title='bbox 957 1588 1059 1655; x_wconf 84' lang='lat' dir='ltr'>fidei</span> <span class='ocrx_word' id='word_1_96' title='bbox 1089 1610 1223 1655; x_wconf 91' lang='lat' dir='ltr'>secum</span> <span class='ocrx_word' id='word_1_97' title='bbox 1250 1589 1372 1656; x_wconf 83' lang='lat' dir='ltr'>ferre.</span> 
     </span>
     <span class='ocr_line' id='line_1_13' title="bbox 213 1696 1375 1780; baseline -0.003 -15"><span class='ocrx_word' id='word_1_98' title='bbox 213 1699 248 1765; x_wconf 88' lang='lat' dir='ltr'>Si</span> <span class='ocrx_word' id='word_1_99' title='bbox 270 1699 333 1763; x_wconf 91' lang='lat' dir='ltr'>hoc</span> <span class='ocrx_word' id='word_1_100' title='bbox 355 1699 371 1763; x_wconf 84' lang='lat' dir='ltr'><strong>s</strong></span> <span class='ocrx_word' id='word_1_101' title='bbox 377 1719 466 1762; x_wconf 90' lang='lat' dir='ltr'>erre</span> <span class='ocrx_word' id='word_1_102' title='bbox 489 1719 509 1761; x_wconf 91' lang='lat' dir='ltr'>a</span> <span class='ocrx_word' id='word_1_103' title='bbox 532 1696 652 1760; x_wconf 86' lang='lat' dir='ltr'>malle</span> <span class='ocrx_word' id='word_1_104' title='bbox 674 1697 819 1780; x_wconf 89' lang='lat' dir='ltr'>pendere</span> <span class='ocrx_word' id='word_1_105' title='bbox 841 1696 1005 1776; x_wconf 85' lang='lat' dir='ltr'>volumus,</span> <span class='ocrx_word' id='word_1_106' title='bbox 1035 1698 1223 1764; x_wconf 89' lang='lat' dir='ltr'>necessario</span> <span class='ocrx_word' id='word_1_107' title='bbox 1245 1697 1375 1764; x_wconf 88' lang='lat' dir='ltr'>adden·</span> 
     </span>
     <span class='ocr_line' id='line_1_14' title="bbox 212 1804 1373 1892; baseline -0.002 -19"><span class='ocrx_word' id='word_1_108' title='bbox 212 1808 291 1873; x_wconf 85' lang='lat' dir='ltr'>duur</span> <span class='ocrx_word' id='word_1_109' title='bbox 314 1812 366 1872; x_wconf 88' lang='lat' dir='ltr'>est</span> <span class='ocrx_word' id='word_1_110' title='bbox 388 1813 427 1870; x_wconf 89' lang='lat' dir='ltr'>et</span> <span class='ocrx_word' id='word_1_111' title='bbox 449 1804 502 1887; x_wconf 90' lang='lat' dir='ltr'>(et</span> <span class='ocrx_word' id='word_1_112' title='bbox 524 1805 564 1869; x_wconf 89' lang='lat' dir='ltr'>id</span> <span class='ocrx_word' id='word_1_113' title='bbox 587 1804 766 1888; x_wconf 65' lang='lat' dir='ltr'>pignus),</span> <span class='ocrx_word' id='word_1_114' title='bbox 801 1806 948 1888; x_wconf 91' lang='lat' dir='ltr'>alioquin</span> <span class='ocrx_word' id='word_1_115' title='bbox 976 1806 1038 1871; x_wconf 93' lang='lat' dir='ltr'>hoc</span> <span class='ocrx_word' id='word_1_116' title='bbox 1067 1827 1107 1871; x_wconf 88' lang='lat' dir='ltr'>ex</span> <span class='ocrx_word' id='word_1_117' title='bbox 1135 1828 1229 1892; x_wconf 84' lang='lat' dir='ltr'>aequo</span> <span class='ocrx_word' id='word_1_118' title='bbox 1252 1805 1373 1872; x_wconf 87' lang='lat' dir='ltr'>adiun-</span> 
     </span>
     <span class='ocr_line' id='line_1_15' title="bbox 210 1913 1376 2000; baseline -0.001 -19"><span class='ocrx_word' id='word_1_119' title='bbox 210 1917 301 2000; x_wconf 86' lang='lat' dir='ltr'>gitur</span> <span class='ocrx_word' id='word_1_120' title='bbox 335 1916 497 1999; x_wconf 89' lang='lat' dir='ltr'>superiori</span> <span class='ocrx_word' id='word_1_121' title='bbox 532 1913 714 1994; x_wconf 80' lang='lat' dir='ltr'>(malunt3</span> <span class='ocrx_word' id='word_1_122' title='bbox 747 1949 791 1958; x_wconf 89' lang='lat'><em>-</em></span> <span class='ocrx_word' id='word_1_123' title='bbox 825 1914 1162 1997; x_wconf 76' lang='lat' dir='ltr'>secumferunt),</span> <span class='ocrx_word' id='word_1_124' title='bbox 1196 1915 1267 1980; x_wconf 91' lang='lat' dir='ltr'>sine</span> <span class='ocrx_word' id='word_1_125' title='bbox 1300 1913 1376 1980; x_wconf 85' lang='lat' dir='ltr'>nlla</span> 
     </span>
     <span class='ocr_line' id='line_1_16' title="bbox 211 2023 1374 2107; baseline -0.002 -16"><span class='ocrx_word' id='word_1_126' title='bbox 211 2025 384 2091; x_wconf 87' lang='lat' dir='ltr'>sententia.</span> <span class='ocrx_word' id='word_1_127' title='bbox 440 2023 564 2088; x_wconf 87' lang='lat' dir='ltr'>Verum</span> <span class='ocrx_word' id='word_1_128' title='bbox 597 2023 782 2106; x_wconf 83' lang='lat' dir='ltr'>perinepte,</span> <span class='ocrx_word' id='word_1_129' title='bbox 818 2024 874 2103; x_wconf 91' lang='lat' dir='ltr'>qui</span> <span class='ocrx_word' id='word_1_130' title='bbox 903 2023 1042 2088; x_wconf 88' lang='lat' dir='ltr'>alicuius</span> <span class='ocrx_word' id='word_1_131' title='bbox 1071 2023 1229 2088; x_wconf 87' lang='lat' dir='ltr'>dextram</span> <span class='ocrx_word' id='word_1_132' title='bbox 1250 2023 1374 2107; x_wconf 81' lang='lat' dir='ltr'>attige-</span> 
     </span>
     <span class='ocr_line' id='line_1_17' title="bbox 210 2130 1373 2216; baseline -0.002 -17"><span class='ocrx_word' id='word_1_133' title='bbox 210 2140 302 2213; x_wconf 89' lang='lat' dir='ltr'>runt,</span> <span class='ocrx_word' id='word_1_134' title='bbox 341 2133 374 2197; x_wconf 93' lang='lat' dir='ltr'>id</span> <span class='ocrx_word' id='word_1_135' title='bbox 412 2132 532 2216; x_wconf 84' lang='lat' dir='ltr'>pignus</span> <span class='ocrx_word' id='word_1_136' title='bbox 567 2151 701 2196; x_wconf 90' lang='lat' dir='ltr'>secum</span> <span class='ocrx_word' id='word_1_137' title='bbox 734 2130 841 2195; x_wconf 84' lang='lat' dir='ltr'>ferre</span> <span class='ocrx_word' id='word_1_138' title='bbox 877 2130 1046 2212; x_wconf 88' lang='lat' dir='ltr'>dicuntur;</span> <span class='ocrx_word' id='word_1_139' title='bbox 1086 2153 1161 2196; x_wconf 92' lang='lat' dir='ltr'>nam</span> <span class='ocrx_word' id='word_1_140' title='bbox 1196 2131 1373 2197; x_wconf 86' lang='lat' dir='ltr'>nobiscum</span> 
     </span>
     <span class='ocr_line' id='line_1_18' title="bbox 210 2240 1372 2324; baseline -0.003 -16"><span class='ocrx_word' id='word_1_141' title='bbox 210 2243 344 2309; x_wconf 83' lang='lat' dir='ltr'>ferimus</span> <span class='ocrx_word' id='word_1_142' title='bbox 374 2263 413 2307; x_wconf 90' lang='lat' dir='ltr'>ea</span> <span class='ocrx_word' id='word_1_143' title='bbox 436 2241 508 2306; x_wconf 86' lang='lat' dir='ltr'>sola</span> <span class='ocrx_word' id='word_1_144' title='bbox 530 2240 681 2324; x_wconf 85' lang='lat' dir='ltr'>pignora,</span> <span class='ocrx_word' id='word_1_145' title='bbox 710 2260 782 2320; x_wconf 85' lang='lat' dir='ltr'>quae</span> <span class='ocrx_word' id='word_1_146' title='bbox 806 2240 839 2303; x_wconf 91' lang='lat' dir='ltr'>iu</span> <span class='ocrx_word' id='word_1_147' title='bbox 862 2262 995 2305; x_wconf 90' lang='lat' dir='ltr'>manum</span> <span class='ocrx_word' id='word_1_148' title='bbox 1018 2240 1105 2305; x_wconf 89' lang='lat' dir='ltr'>tradi</span> <span class='ocrx_word' id='word_1_149' title='bbox 1129 2245 1275 2324; x_wconf 85' lang='lat' dir='ltr'>possunt.</span> <span class='ocrx_word' id='word_1_150' title='bbox 1326 2240 1372 2306; x_wconf 87' lang='lat' dir='ltr'>Ni</span> 
     </span>
     <span class='ocr_line' id='line_1_19' title="bbox 210 2334 1386 2431; baseline -0.004 -14"><span class='ocrx_word' id='word_1_151' title='bbox 210 2351 321 2430; x_wconf 85' lang='lat' dir='ltr'>fallor,</span> <span class='ocrx_word' id='word_1_152' title='bbox 357 2350 467 2414; x_wconf 80' lang='lat' dir='ltr'>Liuius</span> <span class='ocrx_word' id='word_1_153' title='bbox 498 2351 690 2431; x_wconf 87' lang='lat' dir='ltr'>scripserat:</span> <span class='ocrx_word' id='word_1_154' title='bbox 725 2348 763 2411; x_wconf 91' lang='lat' dir='ltr'>id</span> <span class='ocrx_word' id='word_1_155' title='bbox 797 2350 945 2431; x_wconf 85' lang='lat' dir='ltr'>pignus</span> <span class='ocrx_word' id='word_1_156' title='bbox 980 2346 1083 2414; x_wconf 87' lang='lat' dir='ltr'>fidei</span> <span class='ocrx_word' id='word_1_157' title='bbox 1112 2369 1246 2423; x_wconf 86' lang='lat' dir='ltr'>secum</span> <span class='ocrx_word' id='word_1_158' title='bbox 1273 2334 1386 2414; x_wconf 49' lang='lat' dir='ltr'>iera*</span> 
     </span>
     <span class='ocr_line' id='line_1_20' title="bbox 211 2455 1372 2543; baseline -0.003 -19"><span class='ocrx_word' id='word_1_159' title='bbox 211 2460 321 2542; x_wconf 87' lang='lat' dir='ltr'>(Fere</span> <span class='ocrx_word' id='word_1_160' title='bbox 349 2480 408 2543; x_wconf 94' lang='lat' dir='ltr'>pro</span> <span class='ocrx_word' id='word_1_161' title='bbox 437 2457 521 2523; x_wconf 88' lang='lat' dir='ltr'>fore</span> <span class='ocrx_word' id='word_1_162' title='bbox 544 2456 569 2520; x_wconf 93' lang='lat' dir='ltr'>P</span> <span class='ocrx_word' id='word_1_163' title='bbox 592 2456 713 2534; x_wconf 86' lang='lat' dir='ltr'>XXVI,</span> <span class='ocrx_word' id='word_1_164' title='bbox 743 2461 798 2536; x_wconf 74' lang='lat'>32,</span> <span class='ocrx_word' id='word_1_165' title='bbox 830 2457 874 2540; x_wconf 84' lang='grc'>6.)</span> <span class='ocrx_word' id='word_1_166' title='bbox 926 2456 1038 2540; x_wconf 90' lang='lat' dir='ltr'>[Initio</span> <span class='ocrx_word' id='word_1_167' title='bbox 1063 2456 1280 2542; x_wconf 82' lang='lat' dir='ltr'>paragraphi,</span> <span class='ocrx_word' id='word_1_168' title='bbox 1309 2455 1372 2521; x_wconf 91' lang='lat' dir='ltr'>ubi</span> 
     </span>
     <span class='ocr_line' id='line_1_21' title="bbox 211 2565 1371 2655; baseline -0.004 -22"><span class='ocrx_word' id='word_1_169' title='bbox 211 2568 387 2633; x_wconf 89' lang='lat' dir='ltr'>edebatur:</span> <span class='ocrx_word' id='word_1_170' title='bbox 433 2567 514 2631; x_wconf 81' lang='lat' dir='ltr'>haec</span> <span class='ocrx_word' id='word_1_171' title='bbox 549 2566 596 2630; x_wconf 88' lang='lat' dir='ltr'>ab</span> <span class='ocrx_word' id='word_1_172' title='bbox 625 2587 665 2630; x_wconf 92' lang='lat' dir='ltr'>se</span> <span class='ocrx_word' id='word_1_173' title='bbox 702 2565 829 2645; x_wconf 88' lang='lat' dir='ltr'>dicta,</span> <span class='ocrx_word' id='word_1_174' title='bbox 858 2587 876 2631; x_wconf 92' lang='lat' dir='ltr'>e</span> <span class='ocrx_word' id='word_1_175' title='bbox 910 2566 1057 2648; x_wconf 83' lang='lat' dir='ltr'>vestigiis</span> <span class='ocrx_word' id='word_1_176' title='bbox 1094 2565 1133 2630; x_wconf 92' lang='lat' dir='ltr'>P:</span> <span class='ocrx_word' id='word_1_177' title='bbox 1180 2565 1371 2655; x_wconf 83' lang='lat' dir='ltr'>absesin·</span> 
     </span>
     <span class='ocr_line' id='line_1_22' title="bbox 212 2673 1371 2758; baseline -0.002 -18"><span class='ocrx_word' id='word_1_178' title='bbox 212 2676 325 2740; x_wconf 90' lang='lat' dir='ltr'>dicta</span> <span class='ocrx_word' id='word_1_179' title='bbox 358 2674 502 2738; x_wconf 81' lang='lat' dir='ltr'>efficitur</span> <span class='ocrx_word' id='word_1_180' title='bbox 536 2674 583 2738; x_wconf 92' lang='lat' dir='ltr'>ab</span> <span class='ocrx_word' id='word_1_181' title='bbox 618 2695 657 2738; x_wconf 90' lang='lat' dir='ltr'>se</span> <span class='ocrx_word' id='word_1_182' title='bbox 691 2675 775 2739; x_wconf 89' lang='lat' dir='ltr'>suis</span> <span class='ocrx_word' id='word_1_183' title='bbox 809 2675 940 2754; x_wconf 87' lang='lat' dir='ltr'>diota,</span> <span class='ocrx_word' id='word_1_184' title='bbox 976 2673 1094 2739; x_wconf 88' lang='lat' dir='ltr'>saltem</span> <span class='ocrx_word' id='word_1_185' title='bbox 1129 2674 1240 2758; x_wconf 86' lang='lat' dir='ltr'>aptius</span> <span class='ocrx_word' id='word_1_186' title='bbox 1268 2693 1371 2757; x_wconf 85' lang='lat' dir='ltr'>quam</span> 
     </span>
     <span class='ocr_line' id='line_1_23' title="bbox 212 2781 1371 2866; baseline -0.001 -17"><span class='ocrx_word' id='word_1_187' title='bbox 212 2785 269 2850; x_wconf 90' lang='lat' dir='ltr'>sic</span> <span class='ocrx_word' id='word_1_188' title='bbox 298 2783 421 2847; x_wconf 88' lang='lat' dir='ltr'>dicta.</span> <span class='ocrx_word' id='word_1_189' title='bbox 470 2782 575 2866; x_wconf 68' lang='lat'>1872]</span> <span class='ocrx_word' id='word_1_190' title='bbox 627 2782 711 2847; x_wconf 87' lang='lat' dir='ltr'>Tum</span> <span class='ocrx_word' id='word_1_191' title='bbox 740 2789 886 2847; x_wconf 86' lang='lat' dir='ltr'>extremo</span> <span class='ocrx_word' id='word_1_192' title='bbox 910 2784 1020 2866; x_wconf 88' lang='lat' dir='ltr'>capite</span> <span class='ocrx_word' id='word_1_193' title='bbox 1044 2781 1076 2865; x_wconf 63' lang='grc' dir='ltr'>(ἓ</span> <span class='ocrx_word' id='word_1_194' title='bbox 1099 2787 1139 2847; x_wconf 76' lang='lat'>25</span> <span class='ocrx_word' id='word_1_195' title='bbox 1162 2802 1303 2846; x_wconf 89' lang='lat' dir='ltr'>-nam</span> <span class='ocrx_word' id='word_1_196' title='bbox 1327 2781 1371 2848; x_wconf 87' lang='lat' dir='ltr'>de</span> 
     </span>
     <span class='ocr_line' id='line_1_24' title="bbox 212 2889 1370 2976; baseline -0.002 -20"><span class='ocrx_word' id='word_1_197' title='bbox 212 2892 452 2976; x_wconf 76' lang='lat' dir='ltr'>praecipitat</span> <span class='ocrx_word' id='word_1_198' title='bbox 483 2892 516 2954; x_wconf 90' lang='lat' dir='ltr'>in</span> <span class='ocrx_word' id='word_1_199' title='bbox 551 2889 567 2973; x_wconf 60' lang='grc' dir='ltr'>ᾖ</span> <span class='ocrx_word' id='word_1_200' title='bbox 604 2895 641 2955; x_wconf 80' lang='grc'>15</span> <span class='ocrx_word' id='word_1_201' title='bbox 675 2889 882 2955; x_wconf 90' lang='lat' dir='ltr'>restituendo</span> <span class='ocrx_word' id='word_1_202' title='bbox 918 2891 985 2955; x_wconf 86' lang='lat' dir='ltr'>dixi</span> <span class='ocrx_word' id='word_1_203' title='bbox 1019 2891 1063 2955; x_wconf 89' lang='lat' dir='ltr'>ad</span> <span class='ocrx_word' id='word_1_204' title='bbox 1097 2890 1172 2971; x_wconf 88' lang='lat' dir='ltr'>VII,</span> <span class='ocrx_word' id='word_1_205' title='bbox 1213 2895 1247 2970; x_wconf 90' lang='grc'>6,</span> <span class='ocrx_word' id='word_1_206' title='bbox 1282 2894 1300 2954; x_wconf 89' lang='grc'><strong>9</strong></span> <span class='ocrx_word' id='word_1_207' title='bbox 1335 2912 1370 2974; x_wconf 91' lang='lat' dir='ltr'>p.</span> 
     </span>
     <span class='ocr_line' id='line_1_25' title="bbox 214 2998 1373 3084; baseline 0 -19"><span class='ocrx_word' id='word_1_208' title='bbox 214 3006 273 3065; x_wconf 83' lang='grc'>143</span> <span class='ocrx_word' id='word_1_209' title='bbox 308 2999 377 3081; x_wconf 85' lang='grc'>-),</span> <span class='ocrx_word' id='word_1_210' title='bbox 417 2999 474 3064; x_wconf 90' lang='lat' dir='ltr'>ubi</span> <span class='ocrx_word' id='word_1_211' title='bbox 509 3000 635 3078; x_wconf 87' lang='lat' dir='ltr'>Livius,</span> <span class='ocrx_word' id='word_1_212' title='bbox 676 2999 720 3065; x_wconf 89' lang='lat' dir='ltr'>ad</span> <span class='ocrx_word' id='word_1_213' title='bbox 757 2998 856 3064; x_wconf 90' lang='lat' dir='ltr'>finem</span> <span class='ocrx_word' id='word_1_214' title='bbox 896 2999 1058 3084; x_wconf 87' lang='lat' dir='ltr'>perducta</span> <span class='ocrx_word' id='word_1_215' title='bbox 1097 3001 1287 3066; x_wconf 87' lang='lat' dir='ltr'>narratione</span> <span class='ocrx_word' id='word_1_216' title='bbox 1326 2998 1373 3065; x_wconf 87' lang='lat' dir='ltr'>de</span> 
     </span>
     <span class='ocr_line' id='line_1_26' title="bbox 212 3107 1372 3193; baseline -0.001 -19"><span class='ocrx_word' id='word_1_217' title='bbox 212 3109 362 3175; x_wconf 87' lang='lat' dir='ltr'>Graccho</span> <span class='ocrx_word' id='word_1_218' title='bbox 385 3131 445 3193; x_wconf 89' lang='lat' dir='ltr'>per</span> <span class='ocrx_word' id='word_1_219' title='bbox 467 3109 603 3173; x_wconf 88' lang='lat' dir='ltr'>insidias</span> <span class='ocrx_word' id='word_1_220' title='bbox 627 3107 922 3187; x_wconf 62' lang='lat' dir='ltr'>interfectorem</span> <span class='ocrx_word' id='word_1_221' title='bbox 945 3108 986 3173; x_wconf 91' lang='lat' dir='ltr'>de</span> <span class='ocrx_word' id='word_1_222' title='bbox 1009 3114 1113 3173; x_wconf 89' lang='lat' dir='ltr'>morte</span> <span class='ocrx_word' id='word_1_223' title='bbox 1138 3107 1278 3173; x_wconf 86' lang='lat' dir='ltr'>Gracchi</span> <span class='ocrx_word' id='word_1_224' title='bbox 1300 3113 1372 3173; x_wconf 77' lang='lat' dir='ltr'>tra·</span> 
     </span>
     <span class='ocr_line' id='line_1_27' title="bbox 1078 3215 1095 3280; baseline 0 0"><span class='ocrx_word' id='word_1_225' title='bbox 1078 3215 1095 3280; x_wconf 81' lang='lat' dir='ltr'><strong>f</strong></span> 
     </span>
     <span class='ocr_line' id='line_1_28' title="bbox 212 3322 1369 3409; baseline -0.002 -18"><span class='ocrx_word' id='word_1_226' title='bbox 212 3326 318 3391; x_wconf 90' lang='lat' dir='ltr'>ditum</span> <span class='ocrx_word' id='word_1_227' title='bbox 341 3348 414 3392; x_wconf 86' lang='lat' dir='ltr'>esse</span> <span class='ocrx_word' id='word_1_228' title='bbox 437 3327 587 3409; x_wconf 88' lang='lat' dir='ltr'>exponit,</span> <span class='ocrx_word' id='word_1_229' title='bbox 615 3327 662 3390; x_wconf 92' lang='lat' dir='ltr'>sic</span> <span class='ocrx_word' id='word_1_230' title='bbox 685 3324 856 3389; x_wconf 90' lang='lat' dir='ltr'>scribitur:</span> <span class='ocrx_word' id='word_1_231' title='bbox 891 3323 983 3389; x_wconf 85' lang='lat' dir='ltr'>Haec</span> <span class='ocrx_word' id='word_1_232' title='bbox 1007 3344 1157 3406; x_wconf 83' lang='lat' dir='ltr'>quaere</span> <span class='ocrx_word' id='word_1_233' title='bbox 1180 3323 1242 3404; x_wconf 87' lang='lat' dir='ltr'>(sic</span> <span class='ocrx_word' id='word_1_234' title='bbox 1263 3323 1306 3404; x_wconf 91' lang='lat' dir='ltr'>P;</span> <span class='ocrx_word' id='word_1_235' title='bbox 1334 3322 1369 3389; x_wconf 82' lang='lat' dir='ltr'>M</span> 
     </span>
     <span class='ocr_line' id='line_1_29' title="bbox 210 3431 1370 3516; baseline -0.004 -16"><span class='ocrx_word' id='word_1_236' title='bbox 210 3435 301 3500; x_wconf 80' lang='lat' dir='ltr'>Haec</span> <span class='ocrx_word' id='word_1_237' title='bbox 335 3435 438 3514; x_wconf 87' lang='lat' dir='ltr'>fera,</span> <span class='ocrx_word' id='word_1_238' title='bbox 474 3433 530 3499; x_wconf 89' lang='lat' dir='ltr'>alii</span> <span class='ocrx_word' id='word_1_239' title='bbox 562 3434 652 3498; x_wconf 73' lang='lat' dir='ltr'>Hac</span> <span class='ocrx_word' id='word_1_240' title='bbox 681 3453 787 3513; x_wconf 88' lang='lat' dir='ltr'>sera,</span> <span class='ocrx_word' id='word_1_241' title='bbox 823 3432 895 3498; x_wconf 86' lang='lat' dir='ltr'>edd.</span> <span class='ocrx_word' id='word_1_242' title='bbox 926 3433 1112 3516; x_wconf 85' lang='lat' dir='ltr'>superiores</span> <span class='ocrx_word' id='word_1_243' title='bbox 1141 3431 1234 3496; x_wconf 81' lang='lat' dir='ltr'>Haec</span> <span class='ocrx_word' id='word_1_244' title='bbox 1263 3452 1370 3510; x_wconf 79' lang='lat' dir='ltr'>vara,</span> 
     </span>
     <span class='ocr_line' id='line_1_30' title="bbox 211 3539 1368 3624; baseline -0.002 -18"><span class='ocrx_word' id='word_1_245' title='bbox 211 3544 327 3609; x_wconf 90' lang='lat' dir='ltr'>Weiss.</span> <span class='ocrx_word' id='word_1_246' title='bbox 352 3543 444 3608; x_wconf 83' lang='lat' dir='ltr'>Hoec</span> <span class='ocrx_word' id='word_1_247' title='bbox 472 3541 571 3624; x_wconf 86' lang='lat' dir='ltr'>fere)</span> <span class='ocrx_word' id='word_1_248' title='bbox 595 3541 703 3607; x_wconf 87' lang='lat' dir='ltr'>fama</span> <span class='ocrx_word' id='word_1_249' title='bbox 726 3548 804 3606; x_wconf 86' lang='lat' dir='ltr'>est:</span> <span class='ocrx_word' id='word_1_250' title='bbox 828 3539 1036 3607; x_wconf 88' lang='lat' dir='ltr'>Gracchus</span> <span class='ocrx_word' id='word_1_251' title='bbox 1059 3541 1099 3604; x_wconf 94' lang='lat' dir='ltr'>in</span> <span class='ocrx_word' id='word_1_252' title='bbox 1122 3539 1296 3605; x_wconf 88' lang='lat' dir='ltr'>Lucanis</span> <span class='ocrx_word' id='word_1_253' title='bbox 1319 3539 1368 3605; x_wconf 86' lang='lat' dir='ltr'>ad</span> 
     </span>
     <span class='ocr_line' id='line_1_31' title="bbox 211 3645 1371 3735; baseline -0.004 -20"><span class='ocrx_word' id='word_1_254' title='bbox 211 3672 387 3735; x_wconf 89' lang='lat' dir='ltr'>campos,</span> <span class='ocrx_word' id='word_1_255' title='bbox 427 3653 494 3735; x_wconf 86' lang='lat' dir='ltr'>qui</span> <span class='ocrx_word' id='word_1_256' title='bbox 530 3650 699 3714; x_wconf 86' lang='lat' dir='ltr'>Veteres</span> <span class='ocrx_word' id='word_1_257' title='bbox 733 3655 947 3728; x_wconf 82' lang='lat' dir='ltr'>vocantur,</span> <span class='ocrx_word' id='word_1_258' title='bbox 988 3649 1122 3732; x_wconf 88' lang='lat' dir='ltr'>periit.</span> <span class='ocrx_word' id='word_1_259' title='bbox 1174 3645 1265 3731; x_wconf 87' lang='lat' dir='ltr'>(Gap.</span> <span class='ocrx_word' id='word_1_260' title='bbox 1304 3645 1371 3728; x_wconf 78' lang='lat'>17.)</span> 
     </span>
    </p>
   </div>
   <div class='ocr_carea' id='block_1_4' title="bbox 241 3918 1372 4248">
    <p class='ocr_par' dir='ltr' id='par_1_5' title="bbox 241 3918 1372 4248">
     <span class='ocr_line' id='line_1_32' title="bbox 241 3918 1369 3992; baseline -0.003 -16"><span class='ocrx_word' id='word_1_261' title='bbox 241 3925 263 3988; x_wconf 84' lang='lat'>¹)</span> <span class='ocrx_word' id='word_1_262' title='bbox 282 3923 346 3976; x_wconf 82' lang='lat' dir='ltr'>Non</span> <span class='ocrx_word' id='word_1_263' title='bbox 372 3927 486 3992; x_wconf 88' lang='lat' dir='ltr'>poterat</span> <span class='ocrx_word' id='word_1_264' title='bbox 508 3921 617 3977; x_wconf 77' lang='lat' dir='ltr'>infinite</span> <span class='ocrx_word' id='word_1_265' title='bbox 642 3920 709 3975; x_wconf 89' lang='lat' dir='ltr'>dici:</span> <span class='ocrx_word' id='word_1_266' title='bbox 737 3920 883 3974; x_wconf 88' lang='lat' dir='ltr'>deducit</span> <span class='ocrx_word' id='word_1_267' title='bbox 913 3921 947 3975; x_wconf 91' lang='lat' dir='ltr'>in</span> <span class='ocrx_word' id='word_1_268' title='bbox 975 3922 1187 3987; x_wconf 82' lang='lat' dir='ltr'>locum,·non</span> <span class='ocrx_word' id='word_1_269' title='bbox 1210 3918 1308 3974; x_wconf 88' lang='lat' dir='ltr'>addito</span> <span class='ocrx_word' id='word_1_270' title='bbox 1333 3919 1369 3973; x_wconf 87' lang='lat' dir='ltr'>ad</span> 
     </span>
     <span class='ocr_line' id='line_1_33' title="bbox 627 4021 1065 4060; baseline -0.007 0"><span class='ocrx_word' id='word_1_271' title='bbox 627 4034 632 4060; x_wconf 87' lang='grc'>;</span> <span class='ocrx_word' id='word_1_272' title='bbox 843 4026 846 4031; x_wconf 95' lang='grc'><strong>’</strong></span> <span class='ocrx_word' id='word_1_273' title='bbox 1048 4021 1065 4057; x_wconf 73' lang='lat' dir='ltr'>a</span> 
     </span>
     <span class='ocr_line' id='line_1_34' title="bbox 280 4004 1372 4164; baseline -0.005 -16"><span class='ocrx_word' id='word_1_274' title='bbox 280 4008 627 4164; x_wconf 59' lang='lat' dir='ltr'>htttttstttt</span> <span class='ocrx_word' id='word_1_275' title='bbox 645 4004 1372 4163; x_wconf 61' lang='lat' dir='ltr'>...tt‘tttdttzttt‘&#39;fihtfftnt‘:</span> 
     </span>
     <span class='ocr_line' id='line_1_35' title="bbox 280 4173 1315 4248; baseline -0.005 -15"><span class='ocrx_word' id='word_1_276' title='bbox 280 4185 428 4247; x_wconf 85' lang='lat' dir='ltr'>utrumque</span> <span class='ocrx_word' id='word_1_277' title='bbox 448 4180 526 4233; x_wconf 78' lang='lat' dir='ltr'>dixit.</span> <span class='ocrx_word' id='word_1_278' title='bbox 565 4177 631 4247; x_wconf 91' lang='lat' dir='ltr'>[Sed</span> <span class='ocrx_word' id='word_1_279' title='bbox 651 4183 745 4233; x_wconf 85' lang='lat' dir='ltr'>tamen</span> <span class='ocrx_word' id='word_1_280' title='bbox 763 4178 933 4248; x_wconf 84' lang='lat' dir='ltr'>permitto</span> <span class='ocrx_word' id='word_1_281' title='bbox 951 4177 1064 4233; x_wconf 84' lang='lat' dir='ltr'>iacere</span> <span class='ocrx_word' id='word_1_282' title='bbox 1082 4176 1181 4245; x_wconf 81' lang='lat' dir='ltr'>XXIV,</span> <span class='ocrx_word' id='word_1_283' title='bbox 1204 4177 1242 4242; x_wconf 85' lang='grc'>16,</span> <span class='ocrx_word' id='word_1_284' title='bbox 1265 4173 1315 4244; x_wconf 83' lang='grc'><strong>17.]</strong></span> 
     </span>
    </p>
   </div>
   <div class='ocr_carea' id='block_1_5' title="bbox 0 0 1534 5272">
    <p class='ocr_par' dir='ltr' id='par_1_6' title="bbox 0 0 1534 5272">
     <span class='ocr_line' id='line_1_36' title="bbox 0 0 1534 5272; baseline 0 0"><span class='ocrx_word' id='word_1_285' title='bbox 0 0 1534 5272; x_wconf 95' lang='lat' dir='ltr'> </span> 
     </span>
    </p>
   </div>
  </div>
 </body>
</html>
