3060 5272
456 1783 628 1866 Prsietio
656 1785 812 1867 elterim
838 1786 1023 1869 editionis.

248 1972 431 2039 Divenditis
455 1981 531 2038 ante
549 1975 734 2059 complures
751 1997 853 2041 anuos
871 1977 1022 2042 omnibus
1045 1978 1203 2062 exemplis
1226 1980 1313 2062 prio·

160 2092 208 2157 ris
230 2091 328 2158 buius
352 2094 430 2159 libri
452 2094 623 2175 editionis,
647 2116 747 2178 quum
770 2096 960 2179 redemptor
981 2097 1101 2162 iterum
1131 2119 1205 2162 eum
1227 2065 1314 2182 typis

159 2211 302 2277 describi
331 2222 482 2298 cuperet,
512 2214 716 2296 aliquamdiu
739 2217 887 2280 recusavi
910 2222 944 2280 et
966 2216 1202 2298 tergiversatus
1226 2240 1313 2298 sum;

159 2330 279 2398 deinde
302 2353 402 2415 quum
425 2333 566 2401 aliorum
589 2355 720 2418 quoque
744 2334 1021 2400 admonitionibus
1050 2356 1090 2400 sc
1112 2358 1213 2421 prope
1236 2358 1313 2402 con-

158 2452 242 2518 vicio
263 2460 429 2520 extortum
447 2462 544 2534 esset,
566 2461 604 2518 ut
625 2475 710 2520 noos
732 2453 827 2520 fieret
849 2455 960 2534 editio,
984 2455 1151 2539 descripto
1170 2457 1241 2522 eius
1263 2457 1313 2521 in·

158 2572 333 2638 stituendae
366 2574 503 2640 consilio
536 2573 750 2660 perfectaque
784 2574 827 2640 sd
859 2575 1045 2671 institutam
1078 2575 1217 2641 formam
1244 2576 1312 2642 lere

157 2694 229 2757 eius
251 2694 376 2776 partis,
400 2715 473 2778 ques
495 2694 538 2760 sd
560 2696 685 2778 primos
708 2695 821 2760 decem
843 2694 927 2759 Livii
948 2694 1051 2760 libros
1072 2696 1232 2778 pertinet,
1261 2717 1312 2760 re-

155 2814 358 2894 cognitione,
382 2834 493 2879 mense
517 2813 612 2879 Iunio
632 2815 710 2879 anni
728 2813 989 2884 MDGCGLXXV
1009 2814 1052 2879 ad
1070 2813 1312 2898 typographum

155 2933 239 2998 itum
261 2941 375 2999 estes
397 2954 466 3017 spe,
488 2939 526 2999 ut
548 2933 719 3018 eliquanto
741 2935 831 3000 intra
857 2934 935 3000 anni
958 2935 1102 3018 spatium
1124 2955 1193 2999 rem
1216 2933 1312 2998 abso-

156 3050 262 3117 lutum
295 3054 336 3118 iri
358 3061 521 3137 putarem.
556 3055 674 3119 Verum
703 3061 738 3119 et
770 3053 844 3120 aliae
873 3056 1121 3119 intervenerunt
1153 3075 1252 3119 morae
1280 3060 1313 3118 et

157 3193 224 3237 una
247 3172 480 3239 molestissima
513 3181 546 3239 et
573 3196 647 3239 cum
676 3175 868 3257 gravissimo
895 3195 969 3239 meo
999 3173 1205 3239 incommodo
1235 3194 1311 3238 con-

156 3292 284 3371 iuncta,
314 3315 387 3377 quae
410 3294 555 3359 instituti
577 3296 688 3379 operis
715 3294 960 3361 absolutionem
982 3295 1110 3377 magnis
1134 3293 1310 3358 difficulta-

156 3411 246 3477 tibus
268 3412 457 3497 implicaoit.
502 3413 615 3480 Mense
638 3417 725 3479 enim
749 3413 934 3499 Septembri
962 3413 1106 3479 eiusdem
1134 3414 1211 3478 anni
1234 3433 1310 3477 oon-

156 3531 263 3597 lorum
285 3554 431 3598 meorum
454 3534 543 3599 acies
565 3535 631 3599 iam
653 3534 781 3618 pridem
803 3534 934 3599 infirma
952 3533 1061 3599 subito
1083 3534 1133 3598 ite
1155 3531 1312 3598 hebetata

156 3656 223 3730 est,
246 3657 284 3717 ut
305 3652 347 3717 ab
371 3673 409 3718 eo
437 3653 513 3718 iude
540 3659 688 3738 tempore
717 3675 822 3736 neque
850 3652 959 3736 legere
990 3651 1169 3736 quidquam
1191 3658 1311 3735 prseter

155 3792 278 3854 paucos
300 3772 481 3838 versiculos
503 3774 597 3838 bonis
619 3795 659 3839 ac
685 3774 871 3857 perspicuis
897 3772 1019 3836 litteris
1047 3790 1221 3854 expressos
1253 3791 1310 3834 ne·

155 3910 218 3972 que
250 3892 394 3958 scribere
427 3901 548 3976 praeter
587 3914 753 3978 perpauca
792 3894 863 3976 ipse
900 3891 1081 3974 potuerim,
1124 3889 1158 3951 in
1192 3888 1311 3952 ceteris

156 4011 296 4078 aliorum
317 4014 512 4079 recitatione
536 4021 569 4079 et
590 4014 742 4079 menibus
760 4013 811 4077 uti
833 4032 940 4095 cogar.
974 4010 1089 4091 ltaque
1111 4028 1309 4090 quamquem

155 4131 188 4195 in
219 4132 281 4198 beo
303 4133 494 4201 calamitate
523 4154 629 4215 neque
651 4139 744 4199 vetus
772 4131 954 4216 multisque
982 4131 1015 4194 in
1044 4128 1144 4194 rebus
1174 4134 1310 4212 experts

155 4250 343 4337 Siesbyei
366 4256 430 4321 mei
448 4255 596 4321 amicitis
613 4254 692 4319 mihi
715 4252 833 4331 defuit,
856 4273 962 4335 neque
985 4249 1125 4314 aliorum
1152 4248 1312 4313 benevola

155 4379 189 4437 et
212 4372 351 4459 diligens
375 4397 485 4459 opera,
504 4397 544 4441 ex
563 4374 683 4457 quibus
701 4374 725 4438 1.
748 4372 815 4437 Th.
839 4371 1067 4448 lensenius,
1091 4389 1191 4451 quom
1213 4373 1308 4452 typo·

153 4495 272 4578 graphi
305 4518 433 4561 errores
456 4497 648 4578 corrigeret,
676 4515 742 4558 nou
765 4512 871 4576 pauca
897 4490 1024 4555 utiliter
1051 4487 1235 4565 admonuit,
1258 4494 1308 4552 ta·

155 4637 228 4683 men
262 4617 450 4683 necessario
473 4615 596 4680 factum
630 4621 694 4692 eet,
729 4619 766 4676 nt
794 4619 828 4675 et
856 4608 985 4675 tardius
1013 4607 1250 4691 procederetur
1278 4611 1311 4670 et
