3060 5272
140 330 143 337 '
225 355 288 413 aa.
305 356 388 412 mv.
771 343 834 404 ras

228 528 270 595 ab
305 529 403 594 editis
436 527 627 595 notabiliter
661 527 853 612 discrepans
887 520 920 594 et
958 525 1104 608 (defectu
1136 529 1378 611 praepositionis

225 635 454 720 particulaque
477 634 565 720 que)
587 635 740 700 lacunam
761 635 922 701 indicans.
967 634 1069 700 Valde
1097 656 1226 714 vereor,
1255 659 1296 703 ne
1317 659 1378 703 vo·

226 751 320 810 cant
346 744 450 809 hunc
481 742 641 808 debeatur
669 744 779 810 studio
808 743 937 810 librarii
959 764 999 809 ex
1021 744 1076 823 iis,
1099 764 1173 828 quae
1195 766 1261 811 non
1281 746 1377 812 intel·

224 852 371 936 legebat,
394 852 515 918 Latina
543 850 660 916 saltem
683 851 843 917 vocabula
871 850 1034 923 afficiendi
1060 851 1229 936 lateatque
1257 853 1321 920 loci
1344 861 1378 920 at

156 938 159 951 Ι
225 967 341 1046 portus
381 958 578 1044 significatio
619 980 659 1024 ex
696 957 816 1023 littaris
855 957 1057 1024 canthuno
1096 960 1250 1026 eruenda.
1294 962 1377 1028 Mihi

226 1067 358 1152 quidem
376 1065 584 1134 scribendum
602 1067 747 1132 videtur:
769 1073 913 1150 portus
937 1066 984 1131 ad
1002 1065 1186 1133 Toronen
1210 1090 1254 1135 ao
1275 1091 1377 1135 mon·

224 1184 304 1243 tem
326 1175 458 1241 Athon
485 1181 526 1241 et
556 1175 772 1250 Acanthu,
807 1173 856 1239 ad
878 1174 1040 1258 AEgeum
1067 1196 1176 1241 mare
1211 1177 1286 1242 alii
1323 1179 1377 1243 in·

226 1284 433 1367 aulamque
463 1281 681 1361 Euboeam,
715 1282 787 1347 alii
814 1282 863 1347 ad
891 1281 1207 1378 Hellespontum
1235 1306 1376 1370 oppor-

225 1376 462 1459 tune'versi.
495 1390 711 1474 Hellesponto
734 1411 800 1455 una
822 1391 932 1456 insula
946 1390 1081 1456 Euboea
1103 1413 1143 1457 ne
1167 1413 1225 1476 per
1248 1395 1378 1479 sequi·

225 1500 299 1567 dem
317 1505 408 1566 recte
425 1500 594 1565 contraria
610 1499 689 1583 poni
706 1497 845 1563 videtur.
869 1499 1066 1565 Accusativo
1077 1498 1183 1565 Atho
1201 1500 1376 1584 Vergilius,

223 1607 411 1685 utvidetur,
424 1627 527 1672 ausus
539 1613 590 1672 est
602 1627 661 1690 pro
673 1606 791 1671 hatino
804 1607 867 1686 uti;
891 1605 1003 1673 Cicero
1015 1606 1211 1673 Athonem
1229 1607 1310 1674 dixit
1327 1608 1376 1691 (et

224 1715 408 1797 Athone),
431 1713 582 1780 Valerius
605 1713 692 1779 Max.
711 1713 749 1796 (I,
772 1718 790 1778 6
815 1721 880 1780 ext.
902 1713 942 1795 1),
966 1714 1062 1794 Mela,
1085 1714 1210 1782 Plinius
1233 1715 1376 1796 Athon,

226 1822 346 1908 quibus
359 1824 488 1889 Livium
505 1842 578 1888 mea
595 1823 785 1888 coniectura
802 1823 960 1906 adiungit.
972 1822 1095 1907 {Apud
1114 1823 1256 1890 Plinium
1274 1824 1377 1891 Dath-

223 1931 381 1998 lefsenius
400 1931 500 1997 semel
522 1929 654 1996 Athon
670 1930 722 1996 bis
745 1930 865 2012 Atho,
883 1930 1046 2014 edidit.]¹)
1070 1931 1107 1995 ln
1124 1933 1280 2016 proximis
1293 1931 1324 2015 (ἓ
1341 1933 1375 2015 5)

223 2062 284 2126 pro
306 2041 420 2124 ignota
442 2039 628 2105 Vettiorum
650 2045 757 2122 gente,
781 2059 853 2121 quae
874 2041 908 2112 in
930 2041 1032 2105 tertia
1053 2038 1253 2106 Macedoniae
1283 2048 1377 2125 parte

224 2149 310 2215 inter
326 2149 444 2213 Axium
463 2155 496 2213 et
512 2146 655 2213 Pe'neum
673 2148 818 2231 ponitur,
840 2149 951 2213 nescio
973 2169 1015 2213 an
1039 2148 1268 2217 substituenda
1289 2148 1378 2215 Bot-

223 2257 407 2322 tiaeorum
429 2257 488 2335 sit3
512 2262 600 2321 certe
623 2257 657 2320 in
681 2276 720 2321 ea
741 2257 873 2340 regione
895 2255 945 2320 illi
966 2254 1109 2321 fuerunt.
1149 2255 1218 2338 [Sic
1240 2257 1377 2323 Dederi-

224 2363 316 2430 chius
359 2368 440 2430 1855
479 2365 514 2430 in
558 2364 751 2449 praefatione
789 2363 940 2429 Frontini
976 2387 1008 2448 p.
1047 2364 1090 2443 ll;
1129 2366 1195 2430 iam
1232 2364 1377 2431 Niebuh-

223 2473 292 2538 rius
324 2470 620 2554 Bottiorum.]²)
665 2471 822 2536 Extrema
845 2492 929 2560 ¹pars
964 2473 1082 2555 capitis
1116 2471 1146 2554 (ἕ
1186 2474 1219 2554 8)
1260 2475 1294 2538 in
1322 2495 1377 2539 co·

248 2692 271 2758 ¹)
290 2689 431 2760 [Aliormn
449 2695 568 2746 conatus
587 2695 666 2745 reeta
684 2689 869 2759 reprehendi,
887 2690 937 2744 sed
955 2690 1124 2746 emendandi
1148 2692 1193 2746 via
1216 2693 1276 2764 ipse
1299 2693 1377 2748 aber·
1419 2725 1422 2729 .

291 2776 364 2842 ravi,
396 2776 451 2831 etsi
481 2776 608 2831 intellexi
639 2781 704 2843 ante
736 2776 805 2830 alii
837 2777 1053 2845 insulamque
1079 2776 1253 2832 Euboeam
1280 2777 1376 2833 deesse

291 2861 407 2930 aliquid,
435 2861 511 2930 quod
537 2878 600 2915 oum
619 2861 736 2916 Euboea
753 2863 981 2931 coniungeretur.
1018 2861 1073 2916 Sed
1091 2869 1120 2916 et
1136 2863 1295 2918 Acanthum
1315 2863 1377 2918 sine
1428 2857 1431 2862 ’

290 2947 453 3002 testimonio
477 2946 579 3002 idoneo
603 2946 668 3002 huic
686 2952 821 3018 portuum
845 2948 984 3002 mentioni
1003 2948 1158 3018 interposui
1186 2955 1215 3004 et
1241 2966 1305 3002 cum
1331 2948 1375 3001 in·

219 3016 225 3028 ’
291 3033 454 3101 aequahtate
486 3033 599 3102 ingrata
624 3033 679 3100 (ad
710 3031 871 3088 Toronen
896 3061 930 3071 -
957 3032 998 3086 ad
1025 3040 1176 3088 montem
1201 3034 1317 3088 Athon
1344 3038 1378 3088 et

290 3116 498 3186 Acanthum)
526 3124 554 3172 st
581 3118 617 3172 ad
643 3118 772 3173 lacunam
799 3117 903 3172 frustm
928 3118 1056 3188 coniugi,
1085 3137 1169 3189 quum
1187 3120 1249 3189 ipsa
1267 3118 1315 3173 illa
1332 3118 1373 3172 in·

291 3202 437 3272 aeqnalitas
456 3203 606 3257 admonere
624 3203 770 3273 potuisset,
789 3203 841 3258 sub
859 3203 1039 3271 illislittsris,
1055 3205 1203 3274 exquibus
1222 3209 1256 3259 et
1269 3205 1377 3259 Acan-

289 3288 386 3343 thum
400 3288 487 3356 effeci,
502 3288 532 3342 id
546 3289 641 3354 latere,
655 3288 730 3357 quod
741 3289 907 3357 querebam.
925 3289 970 3343 Ex
984 3291 1215 3344 athoeneaeuo
1233 3288 1267 3343 lit
1284 3289 1376 3344 Atho

290 3373 324 3426 in
349 3373 448 3439 iano;
475 3373 552 3442 quod
579 3373 659 3428 deest
685 3374 750 3428 huic
778 3374 855 3439 voci,
881 3375 990 3441 nium,
1018 3393 1053 3429 ex
1075 3393 1107 3430 eo
1126 3375 1269 3442 librarius,
1292 3380 1376 3443 capto

291 3459 374 3512 initio
393 3475 427 3512 ex
445 3458 551 3528 syllaba
569 3477 611 3513 uo
630 3466 658 3514 st
676 3460 729 3514 hac
748 3460 883 3528 adhibita,
902 3460 995 3515 affecit
1013 3468 1142 3518 uocant
1158 3459 1199 3514 hu
1206 3477 1254 3514 nc.
1290 3459 1327 3513 Id
1339 3475 1376 3513 ne

290 3543 335 3598 eui
353 3543 518 3598 incredibile
537 3543 677 3611 videatur,
702 3545 813 3601 attendi
831 3545 917 3599 velim
940 3545 1055 3615 (praeter
1078 3564 1123 3614 ea,
1142 3563 1204 3615 quse
1223 3562 1310 3615 supra
1325 3561 1376 3615 po·

290 3630 334 3682 sui
360 3645 386 3697 p.
411 3629 462 3683 597
488 3631 569 3698 not),
598 3630 719 3700 primum
746 3648 769 3685 o.
792 3633 834 3699 34,
863 3634 895 3684 10
921 3648 956 3684 ex
973 3629 1171 3686 finiendum
1194 3629 1298 3686 iactum
1315 3643 1376 3685 esse

289 3712 396 3769 linem
422 3713 514 3783 dum,
541 3713 658 3782 deinde,
686 3715 762 3784 quod
779 3716 932 3771 notabilius
950 3721 993 3771 est
1011 3722 1040 3772 et
1057 3717 1139 3773 huius
1156 3717 1213 3771 loci
1231 3716 1320 3771 errori
1336 3716 1374 3770 si·

288 3799 361 3867 mile,
380 3816 402 3854 o.
421 3802 463 3868 89,
484 3803 516 3854 18
534 3817 569 3854 ex
587 3805 733 3857 auctore
752 3802 871 3856 seruio
893 3802 993 3871 galba
1011 3803 1143 3858 effaetum
1161 3808 1308 3858 auctore
1327 3818 1375 3855 se·

288 3890 372 3939 runt
389 3886 446 3939 ulo
464 3885 577 3954 galba
612 3886 706 3954 Atque
733 3903 768 3942 er
785 3887 884 3942 eodem
901 3904 1005 3957 genere
1031 3896 1075 3944 est
1096 3887 1168 3942 illud
1185 3888 1215 3942 in
1233 3904 1257 3941 c.
1277 3888 1320 3955 89,
1343 3886 1374 3940 lt

289 3970 446 4026 exhodio
464 3976 559 4025 natum
579 3970 643 4025 hoc
663 3970 789 4027 dicere.
828 3971 987 4042 scripserat
1004 3973 1091 4044 igitur
1112 3973 1222 4027 Livius:
1247 3976 1375 4041 portus

290 4055 468 4110 aTorons
492 4074 528 4112 ac
548 4061 661 4110 monte
680 4052 826 4112 Aaho'in
851 4056 1042 4113 Favonium
1068 4059 1130 4113 alii
1156 4058 1375 4126 insulamque

288 4140 474 4209 Euboeam,
494 4150 592 4211 estque
609 4142 640 4196 id
658 4141 693 4195 ad
710 4160 770 4198 rem
788 4145 970 4215 aptissimum.
1001 4143 1085 4213 1864]

244 4225 269 4293 ²)
289 4224 316 4295 [ᾗ
335 4229 351 4279 7
370 4225 404 4280 de
422 4228 523 4281 ritibus
541 4245 598 4283 non
613 4227 724 4296 agitur3
743 4229 866 4284 subsitns
885 4228 970 4297 aliud,
989 4234 1071 4299 atqua
1090 4228 1121 4283 in
1139 4228 1263 4284 editione
1280 4228 1372 4297 posui,

288 4328 401 4366 mores
419 4329 516 4380 suos,
533 4311 651 4381 nescia]
