3060 5272
732 822 791 883 361
1173 836 1236 890 Lib.
1255 835 1339 890 XXV.

184 1010 303 1090 Sunt,
343 1009 411 1095 qui
450 1009 491 1072 in
530 1027 626 1091 agro
666 1008 954 1074 Beneventano
994 1029 1119 1094 prope
1159 1006 1341 1076 Calorem

181 1119 353 1184 fluvium
383 1116 605 1183 ostendant
632 1116 710 1197 (scr.
733 1119 987 1184 contendant
1010 1141 1083 1183 cum
1105 1120 1195 1203 aliis)
1221 1157 1261 1166 —
1282 1122 1341 1187 in·

183 1226 423 1306 terfectum3
457 1232 568 1291 sunt.
604 1227 673 1309 qui
700 1227 812 1292 -ab
834 1263 879 1274 —
901 1230 1047 1295 turmis
1081 1231 1342 1296 Numidarum

183 1339 507 1403 circumventum
530 1334 727 1401 scribant.
778 1337 885 1403 Adeo
908 1360 981 1404 nec
1001 1338 1117 1405 locus
1139 1362 1211 1405 nec
1232 1342 1341 1405 ratio

181 1445 330 1512 mortis
359 1444 397 1509 in
426 1444 514 1509 viro
536 1450 615 1508 tam
639 1444 751 1509 claro
775 1453 815 1511 et
837 1448 992 1529 insigni
1015 1455 1186 1514 constat.
1237 1448 1342 1513 Mani·

181 1555 303 1621 festum
333 1559 399 1632 est,
435 1552 561 1617 Livium
589 1572 696 1634 neque
723 1554 757 1618 in
787 1560 882 1620 tanta
908 1557 1069 1621 varietate
1093 1559 1342 1637 sententiarum,

183 1685 284 1748 quum
316 1662 387 1745 ipse
416 1667 514 1745 neget
542 1660 724 1745 quidquam
760 1669 929 1743 constare,
961 1666 1068 1748 ipsam
1096 1665 1265 1730 varietatis
1288 1687 1343 1730 ex-

157 1756 382 1857 positionem
409 1776 478 1833 tam
507 1768 709 1841 confidenter
739 1792 851 1836 orsum
881 1794 968 1838 esse:
1004 1772 1092 1837 Haec
1121 1795 1214 1838 vora
1237 1771 1343 1838 lama

183 1891 259 1960 est,
292 1899 413 1962 neque,
448 1878 476 1943 si
504 1876 697 1944 dubitanter
724 1879 858 1964 scripsit
885 1879 988 1962 (Haec
1015 1879 1099 1946 fere
1129 1879 1341 1962 lanceat),

184 1986 354 2055 addidisse
388 1985 541 2051 absolute
575 1993 745 2068 tamquam
774 1986 814 2050 do
838 2009 872 2052 re
896 1990 1096 2054 certissima:
1136 1989 1341 2056 Gracchus

181 2133 225 2144 -
246 2096 390 2182 periit3
424 2094 598 2159 dicendum
626 2101 713 2159 erat:
747 2095 837 2160 Haec
866 2095 951 2163 fere
980 2096 1085 2162 fama
1113 2103 1189 2177 est,
1219 2098 1342 2163 Grac·

183 2209 303 2275 chum
323 2239 368 2250 —-
389 2204 562 2288 perisse3
586 2223 787 2284 quamquam
810 2227 851 2269 ne
874 2206 944 2270 haec
967 2205 1098 2287 quidem
1122 2207 1229 2270 oratio
1251 2212 1341 2271 recte

188 2317 384 2393 cohareret3
411 2333 488 2377 nam
517 2311 598 2376 hacc
625 2308 731 2376 larua
759 2315 925 2396 pertinere
948 2313 1048 2378 debet
1071 2313 1113 2378 ad
1137 2316 1342 2398 superiorem

181 2427 230 2490 rei
259 2431 342 2489 actae
372 2421 611 2499 narrationem
639 2420 713 2484 illa:
749 2420 957 2486 Gracchus
979 2458 1021 2466 —
1044 2422 1169 2505 periit
1199 2422 1239 2486 de
1267 2423 1340 2488 loco

183 2533 281 2599 credis
304 2530 486 2607 adduntur,
514 2527 555 2592 de
578 2548 643 2612 quo
665 2527 746 2593 nihil
769 2530 894 2594 dictum
917 2537 979 2607 est,
1002 2536 1132 2594 tanturn
1155 2531 1202 2594 sic
1224 2550 1339 2594 narra·
1357 2533 1428 2602 (296)

182 2648 268 2720 turn,
303 2644 341 2704 nt
373 2638 407 2701 in
436 2637 579 2701 Lucanis
614 2656 733 2701 casum
764 2637 946 2703 Gracchum
982 2643 1167 2721 appareret.
1224 2635 1342 2702 Omnia

180 2758 263 2833 apta
291 2753 327 2813 et
353 2753 445 2810 recta
475 2751 586 2824 erunt,
619 2766 659 2809 ex
688 2765 787 2827 pravo
816 2767 835 2822 q
859 2746 922 2829 (qu
931 2745 1039 2826 aera)
1063 2744 1192 2810 duabus
1221 2744 1341 2810 litteris

148 2864 158 2879 ⁰
184 2856 324 2924 affectis:
354 2855 443 2920 Haec
465 2853 498 2915 sl
521 2851 743 2951 veraufama
765 2860 840 2934 est,
870 2853 1139 2920 Gracchus.in
1164 2853 1340 2919 Lucanis

183 2966 232 3031 ad
266 2984 444 3046 campos,
478 2962 547 3046 qui
579 2962 746 3026 Veteres
780 2969 993 3041 vocantur,
1028 2962 1165 3046 periit.
1229 2960 1340 3040 Sunt,

184 3073 254 3159 qui
281 3073 320 3137 in
349 3091 444 3155 agro
468 3070 755 3135 Beneventano
779 3077 841 3136 cet.
892 3071 1054 3150 Quoniam
1077 3077 1110 3135 et
1132 3072 1165 3134 in
1187 3070 1342 3136 modoet

184 3182 360 3248 occasione
394 3177 492 3243 caedis
527 3185 561 3242 et
594 3179 626 3242 in
660 3179 733 3243 loco
766 3180 973 3258 variabatur,
1009 3180 1118 3244 Livius
1152 3200 1207 3258 ea,
1243 3200 1341 3261 quarn

184 3291 253 3375 ipse
276 3294 410 3354 secutus
433 3288 493 3364 sit,
522 3287 710 3351 narratione
739 3287 848 3352 locum
876 3289 925 3351 rei
948 3294 1048 3370 gestae
1071 3286 1237 3370 adsignari
1261 3287 1342 3352 dicit

184 3399 218 3463 in
241 3397 387 3462 Lucania
409 3416 544 3479 campos
569 3395 719 3475 Veteres3
752 3395 834 3460 alios
863 3402 896 3460 et
924 3394 1032 3459 locum
1061 3395 1162 3459 alium
1186 3401 1220 3460 et
1242 3396 1341 3461 aliam

185 3504 285 3571 cadis
317 3505 480 3570 rationem
509 3504 649 3567 tradere.
701 3501 785 3585 [Iam
814 3502 957 3567 Gobetus
984 3503 1065 3567 Nov.
1091 3503 1183 3568 Leot.
1208 3526 1238 3586 p.
1265 3508 1340 3568 186:

184 3614 225 3681 Si
258 3612 339 3678 haec
371 3632 467 3677 vera
499 3610 605 3674 fama
638 3618 698 3676 est
730 3647 781 3673 -.
816 3609 832 3693 ἓ
862 3614 902 3673 22
931 3611 1042 3674 notavi
1077 3610 1273 3692 particulam
1302 3616 1342 3675 et

185 3742 323 3807 prorsus
352 3740 454 3805 prave
481 3719 690 3802 praepositam
718 3739 842 3797 causa,
872 3739 930 3782 cur
959 3716 1078 3783 iaculis
1107 3719 1247 3782 maxime
1276 3719 1340 3782 Ro·

186 3830 276 3896 mani
299 3828 451 3894 transfixi
474 3829 550 3905 sint,
575 3826 799 3892 declarationi.
853 3822 958 3907 lasa]

275 3936 355 4022 Gap.
382 3941 436 4017 19,
469 3940 506 4001 13
531 3935 586 4016 (de
608 3935 651 3999 M.
676 3934 866 4015 Centenio):
896 3934 1001 3997 Data
1023 3968 1066 3977 —
1089 3939 1181 3998 octo
1210 3932 1343 3997 millia

184 4045 380 4123 militurn,
412 4066 472 4128 -;
507 4051 544 4109 et
589 4044 675 4127 ipse
720 4044 987 4127 aliquantum·
1016 4041 1341 4106 voluntariorum

185 4155 338 4220 itinere
366 4155 405 4218 in
433 4154 544 4236 agris
574 4153 759 4216 concivit.
811 4149 1028 4215 Scribendum
1051 4171 1122 4214 esse
1146 4149 1252 4230 (utin
1276 4170 1341 4214 uno

185 4269 219 4329 et
242 4263 350 4328 altero
374 4262 555 4327 recentiore
579 4260 691 4325 codice
709 4259 798 4343 apud
815 4258 915 4323 Dralr.
935 4258 1105 4336 scribitur)
1126 4258 1163 4321 in
1183 4257 1341 4337 itinere,

184 4377 274 4437 recte
314 4368 602 4436 Weissenbornius
643 4368 822 4447 intellexit3
871 4389 982 4433 verum
1028 4367 1067 4431 in
1108 4367 1260 4430 itinere
1300 4365 1341 4429 in

185 4481 297 4563 agris
337 4479 515 4544 concivit
553 4476 829 4556 inelegantissime
869 4474 990 4539 dicitur
1028 4494 1088 4537 nec
1129 4473 1260 4537 omnino
1299 4473 1340 4536 in
1415 4507 1418 4514 ·

185 4589 294 4670 agris
322 4586 443 4652 milites
466 4606 487 4649 a
510 4585 591 4649 dirce
620 4583 771 4648 celeriter
799 4589 991 4647 transeunte
1014 4582 1215 4645 concientur.
1260 4580 1340 4644 Reo-

185 4702 256 4761 tum
292 4696 369 4760 erit:
405 4695 443 4759 in
478 4694 629 4758 itinere
664 4712 708 4754 ex
742 4691 853 4773 agris
888 4689 1078 4753 concivit.
1135 4688 1266 4753 Excidit
1295 4709 1341 4754 ex
