3060 5272
200 322 263 378 Lib.
281 322 395 378 XXVII.
691 412 700 425 ,
747 313 809 374 394

200 503 378 573 venerat,
396 494 533 560 urbem
551 497 671 580 oepit,
689 502 727 560 ut
738 496 791 559 vix
803 497 890 560 inter
901 478 1252 577 quattuorquinqueve
1263 493 1353 560 loeoa

112 618 186 688 (aaa)
203 623 304 666 unum
325 603 465 685 perfecti
487 604 672 687 exemplum
693 604 851 687 reperias.
885 601 982 685 Apud
999 600 1125 665 Livium
1143 600 1204 680 his,
1227 603 1354 685 opinor,

199 709 282 774 loeis
304 708 487 794 perfeetum
509 713 543 775 in
565 711 628 776 hao
651 710 757 775 forma
779 711 959 793 reperitur:
982 708 1035 786 IV,
1055 713 1083 786 7,
1102 711 1120 772 3
1146 706 1352 790 (inierunt,

200 816 257 880 sed
280 815 297 898 ἓ
323 823 337 881 1
364 819 531 883 condita
554 818 666 899 erat),
695 816 842 895 XXVIII,
875 820 922 894 16,
948 821 987 879 14
1010 815 1210 898 (aceepit),
1234 816 1352 898 XXXI,

203 930 250 1003 14,
274 929 303 1003 2,
326 925 474 1003 XXXVI,
499 929 549 1004 39,
575 936 602 990 5.
653 925 778 990 Eadem
799 926 886 990 ratio
910 930 970 1003 est,
993 944 1093 1005 quum
1117 922 1240 988 dieitur
1261 934 1353 1009 post

200 1031 337 1114 (intra)
361 1033 462 1097 diem
485 1034 671 1117 quintum
689 1016 816 1115 quam.
869 1031 965 1110 Quod
992 1031 1041 1096 ad
1068 1037 1144 1096 ante
1167 1031 1352 1100 Siciliam

200 1138 256 1204 alii
279 1140 352 1205 tolli
374 1140 497 1220 volunt,
527 1140 585 1205 alii
609 1162 682 1207 oum
704 1142 743 1205 in
765 1146 1004 1225 permutarunt,
1032 1139 1143 1204 neseio
1167 1159 1211 1204 an
1233 1149 1369 1208 neutro-

201 1269 282 1331 opus
305 1249 357 1312 sit.
409 1248 548 1313 Videtur
570 1249 658 1313 enim
680 1249 791 1313 Livius
815 1249 955 1331 primum
977 1247 1128 1311 universe
1151 1269 1239 1313 mare
1263 1251 1353 1316 oiroa

200 1353 348 1420 Siciliam
370 1356 570 1437 significare,
601 1356 718 1421 deinde
741 1362 859 1440 portus
881 1355 1012 1418 nomine
1036 1353 1267 1438 (Lilybaeum
1289 1378 1353 1422 re·

199 1462 350 1544 vectus)
373 1464 413 1527 in
436 1464 581 1529 Siciliam
602 1471 795 1548 perventum
818 1461 1014 1544 significare.

285 1567 363 1654 Cap.
394 1575 428 1650 6,
466 1577 520 1635 15:
556 1570 591 1635 C.
615 1570 816 1636 Servilius
846 1567 1036 1653 pontifex
1064 1569 1198 1636 iaetus
1227 1572 1267 1635 in
1295 1572 1349 1638 lo·

200 1697 288 1741 oum
316 1678 351 1742 T.
382 1677 552 1743 Otacilii
580 1677 735 1757 Crassi,
769 1678 822 1742 Ti.
858 1676 1119 1759 Sempronius
1153 1678 1205 1742 Ti.
1234 1678 1350 1746 filius

199 1784 357 1868 Longus
392 1806 518 1868 augur
548 1784 684 1850 iaetus
713 1787 752 1849 iu
779 1785 911 1850 locum
939 1785 975 1849 T.
999 1784 1169 1850 Otacilii
1200 1783 1350 1853 Crassi.

75 1948 77 1953 ,
200 1892 358 1958 Extrema
387 1893 488 1958 verba
516 1893 664 1973 (faetus
687 1928 731 1939 -
754 1892 904 1973 Crassi)
928 1891 1102 1957 manifesto
1126 1894 1241 1975 spuria
1263 1901 1350 1960 sunt.

198 1999 271 2064 Non
307 2000 412 2065 solum
451 2001 538 2065 enim
573 2022 732 2085 perquam
764 2000 967 2082 ineleganter
994 2000 1045 2064 bis
1075 2007 1255 2083 ponuntur,
1292 2002 1351 2068 sed

197 2107 442 2173 vitiosissimam
469 2107 591 2174 habent
619 2109 778 2174 orationis
805 2107 960 2185 formam,
989 2108 1084 2190 quasi
1114 2106 1179 2172 duo
1201 2108 1350 2175 homines

198 2215 231 2277 in
261 2215 311 2279 sui
333 2211 478 2298 'quisque
506 2216 646 2281 hominis
674 2216 783 2282 looum
806 2215 936 2281 suffecti
959 2216 1024 2279 sint
1047 2235 1086 2278 ae
1108 2236 1173 2280 non
1195 2217 1229 2280 in
1251 2219 1349 2283 unius

199 2328 347 2403 uterque.
393 2321 582 2388 Offenderat
604 2325 704 2389 etiam
727 2322 910 2406 Ussingius.
956 2321 1079 2403 (1863.)

285 2426 363 2511 Cap.
388 2434 417 2506 7,
442 2434 478 2493 3:
512 2431 551 2495 iu
574 2429 755 2511 Italiam,
783 2432 847 2495 vix
869 2428 1092 2494 Hannibali
1115 2437 1236 2512 atque
1259 2432 1346 2498 eius

199 2536 320 2599 armis
344 2536 649 2602 subsistentem.
705 2538 822 2616 Recte,
858 2538 992 2619 opinor,
1026 2538 1202 2602 Ascensius
1225 2541 1349 2605 armis

199 2640 482 2722 obsistentem,
507 2665 546 2708 ex
569 2665 633 2725 quo
656 2647 821 2726 geminato
843 2664 857 2705 s
880 2644 962 2708 illud
980 2651 1094 2709 natum
1112 2647 1278 2711 contrario
1299 2667 1349 2711 er·

198 2768 272 2812 rore
306 2750 351 2827 ei,
392 2771 490 2832 quem
522 2752 635 2816 notavi
662 2774 692 2835 p.
725 2756 796 2815 218.
853 2750 1093 2816 Subsistere
1127 2772 1202 2816 oum
1236 2753 1347 2820 dativo

199 2876 294 2921 nemo
322 2857 493 2922 meliorum
516 2857 614 2938 dixit3
643 2879 719 2922 nam
747 2860 780 2923 iu
809 2858 951 2942 epistula
972 2859 1068 2924 Bruti
1096 2859 1185 2942 apud
1215 2858 1282 2925 cio.
1306 2861 1350 2926 ad

199 2961 289 3027 Fam.
312 2963 373 3043 XI,
407 2969 459 3043 10,
488 2969 506 3029 5
530 2972 563 3029 et
586 2966 816 3031 subsistere
845 2974 879 3031 et
906 2966 1113 3031 absistere
1136 2987 1274 3049 pravum
1295 2974 1349 3034 est

199 3070 471 3155 seribendumque
508 3080 558 3137 est
593 3072 789 3139 sufficere
821 3074 1015 3157 sumptui,
1050 3073 1138 3156 apud
1168 3072 1345 3154 Tibullum,

146 3196 149 3201 ·
201 3178 230 3242 si
262 3178 411 3243 Tibullus
445 3187 511 3259 est,
545 3180 605 3259 IV,
643 3185 676 3260 l,
718 3185 778 3245 195
814 3180 925 3245 solus
962 3180 1101 3246 densis
1139 3180 1348 3248 obsistere

198 3287 343 3350 turmis
373 3293 485 3351 tuetur
508 3308 683 3353 cousensus
707 3288 858 3353 oodioum
881 3287 1018 3352 alterius
1039 3288 1182 3370 generis,
1215 3287 1348 3354 subsi-

198 3399 307 3457 stere
329 3399 445 3457 natum
468 3401 519 3459 est
541 3396 745 3477 corrigendo,
773 3416 874 3477 quum
896 3395 1024 3460 inverso
1049 3394 1164 3459 ordine
1187 3396 1347 3478 seriptum

197 3506 284 3564 esset
313 3499 450 3566 densis
479 3502 601 3567 solus.
659 3502 892 3568 Subsistere
922 3521 995 3566 oum
1024 3503 1210 3568 accusativo
1237 3502 1349 3568 Livius

196 3605 247 3670 bis
276 3606 385 3672 habet.
427 3606 549 3690 (1863.)
605 3607 622 3691 5
654 3614 707 3673 16:
742 3609 929 3692 Triginta
962 3610 1278 3691 quinqueremes
1305 3645 1350 3656 —

197 3715 307 3779 mitti
340 3716 476 3794 iussae3
511 3722 647 3780 cetera
681 3717 815 3781 classe
848 3714 1068 3799 praeatum
1103 3717 1144 3780 in
1172 3717 1349 3783 Africam

197 3829 266 3885 aut
293 3823 423 3905 ipsum
450 3821 493 3886 M.
518 3821 725 3887 Valerium
754 3821 1102 3888 Messallaffiisere
1131 3845 1202 3889 seu
1224 3822 1349 3889 LCin·

197 3929 292 3994 lium
315 3951 383 3995 seu
401 3929 444 3994 Μ.
463 3929 664 3995 Valerium
688 3930 932 3995 Messallam.
962 3929 1016 3996 Sio
1033 3930 1059 3995 P
1077 3951 1151 3995 oum
1174 3931 1349 3998 manifesto

84 4100 96 4117 ,
198 4036 343 4117 defectu;
362 4037 483 4102 editur:
504 4046 572 4103 aut
590 4039 719 4121 ipsum
738 4037 781 4103 M.
795 4037 1001 4117 Valerium
1020 4038 1219 4105 Laeviuum
1237 4041 1349 4105 traii-

198 4166 287 4211 oere
316 4153 385 4210 aut
414 4146 579 4210 mittere
608 4166 678 4210 seu
701 4145 736 4211 L.
762 4144 943 4210 Cincium
971 4151 1032 4210 oet.
1083 4142 1148 4210 Sed
1170 4142 1203 4208 h.
1226 4143 1247 4208 l.
1271 4141 1351 4207 ierri
