3060 5272
714 865 752 928 11

152 1049 274 1118 codem
296 1049 402 1134 capite
426 1045 444 1131 ἓ
470 1052 509 1114 13
532 1047 573 1115 de
596 1070 633 1115 re
656 1048 800 1132 eadem);
823 1071 900 1116 nam
922 1054 1042 1118 omisso
1065 1073 1094 1114 ιι
1116 1073 1157 1117 ex
1178 1051 1310 1117 mcdiu

156 1167 271 1227 natum
292 1163 343 1224 est
366 1157 507 1237 medio,
538 1157 768 1241 contrarioque
791 1179 911 1241 errore,
934 1159 1048 1226 addito
1071 1182 1109 1241 ι,
1131 1160 1189 1240 111,
1212 1164 1262 1241 36,
1286 1164 1304 1224 5
1323 1160 1378 1230 (10)

160 1275 268 1336 ortum
296 1266 334 1331 in
362 1273 513 1332 senatu
541 1266 671 1332 autin
694 1265 889 1352 populum
911 1270 1096 1335 misisset
1118 1269 1221 1352 (quod
1242 1275 1310 1334 tres

159 1377 207 1443 illi
228 1375 371 1442 editores
394 1373 597 1456 tenuerunt),
625 1374 688 1440 nisi
710 1375 799 1457 quod
821 1374 868 1441 ibi
890 1379 1004 1463 nocuit
1027 1379 1126 1444 etiam
1148 1398 1177 1439 ιι
1198 1376 1311 1442 littera
1403 1430 1407 1437 .

153 1505 299 1568 *sequens
326 1482 379 1564 (ut
406 1482 444 1562 V,
473 1485 528 1562 33,
559 1485 588 1563 3,
618 1481 659 1548 de
687 1503 753 1567 quc
780 1480 853 1549 loco
882 1484 1013 1567 dIcam).
1024 1486 1048 1566 ¹)
1104 1486 1240 1564 Verum,
1274 1491 1311 1549 ut

155 1593 237 1672 dixi,
280 1591 344 1658 boc
382 1589 493 1657 mendi
530 1606 649 1675 genere
688 1591 854 1657 sententia
891 1592 960 1659 lere
999 1616 1065 1659 non
1099 1593 1311 1671 obscuratum

153 1703 286 1786 gratim
309 1684 458 1766 alterum-
474 1705 526 1764 est
547 1720 661 1784 genus,
684 1697 774 1781 quod
796 1699 830 1763 in
851 1699 934 1766 Livii
953 1701 1102 1767 codicum
1119 1701 1309 1785 archetypo,

155 1818 193 1876 ut
224 1811 260 1876 in
286 1808 361 1874 aliis
390 1806 559 1873 codicibus
586 1806 733 1889 antiquis
762 1805 875 1889 (etiam
905 1807 1042 1890 Graecis)
1069 1809 1136 1874 late
1165 1809 1311 1893 putuisse

156 1917 354 2002 significavi,
383 1921 420 1982 ut
442 1936 537 1981 voces
560 1935 654 1994 casm
683 1934 817 1997 genere,
846 1937 982 1983 numero
1005 1939 1105 2002 prave
1128 1938 1310 1983 accommo-

157 2027 319 2093 darentur
345 2023 389 2090 ad
414 2023 554 2102 vicinas,
588 2022 680 2108 quod
706 2031 765 2089 aut
792 2023 946 2090 librarius
969 2046 1026 2090 eas
1049 2026 1211 2091 cumillis
1235 2045 1311 2092 con·

157 2137 290 2201 iunctas
335 2138 468 2217 putaret
508 2136 567 2197 ant
607 2131 726 2198 saltem
765 2131 904 2198 obscure
935 2134 971 2198 in
1004 2135 1114 2200 animo
1148 2134 1311 2199 calamum
1376 2182 1378 2187 <

158 2243 287 2328 regenti
324 2240 466 2306 beteret
503 2239 617 2305 forma
654 2241 875 2322 grammaticae
913 2242 1061 2326 proxime
1094 2241 1312 2326 precedentis

157 2351 316 2418 memoria
346 2349 531 2434 proximeve
561 2348 728 2431 sequentis
751 2349 910 2432 cogitatio
933 2350 1177 2434 preciperetur.
1231 2348 1311 2432 [cfr.

158 2459 239 2525 Adv.
257 2457 381 2538 (britl,
404 2460 445 2521 52
463 2454 549 2540 sqq.]
583 2456 690 2522 Huius
712 2457 841 2540 generis
863 2478 880 2523 e
903 2456 991 2523 libro
1013 2459 1113 2524 tertio
1136 2465 1170 2524 et
1191 2463 1311 2542 quarto

157 2566 310 2652 exempla
330 2564 401 2631 hoec
424 2571 516 2629 eunt:
540 2563 598 2645 111,
618 2569 648 2642 6,
668 2568 687 2629 3
705 2585 750 2630 ea
772 2563 1010 2632 colluvione
1033 2565 1107 2651 (pro
1131 2566 1312 2632 colluvio

156 2683 293 2762 propter
317 2679 493 2757 sequentes
515 2671 708 2754 ablativos),
739 2677 768 2753 9,
800 2677 839 2737 10
861 2695 941 2739 non
963 2673 1073 2739 illud
1095 2673 1312 2740 consulare

155 2784 369 2869 imperium
397 2781 488 2863 (non
516 2780 659 2864 illum),
696 2785 749 2863 13,
778 2785 799 2846 8
827 2780 950 2847 vades
980 2781 1172 2866 publicos
1200 2782 1313 2848 dedit

158 2892 343 2978 (publico
372 2894 464 2955 recte
489 2888 672 2956 Gronovius
699 2891 829 2958 restitui
857 2889 977 2970 voluit3
1007 2889 1165 2975 publici
1192 2889 1314 2956 vades

158 3006 269 3067 essent
291 3020 312 3065 a
333 2997 457 3084 populo
480 2996 565 3078 dati,
593 3020 658 3064 non
681 2997 828 3083 populo),
859 3002 907 3079 18,
937 3002 956 3062 3
979 2997 1223 3065 demerendo
1246 2999 1315 3064 be·

158 3108 311 3175 neficio
333 3106 614 3189 (demerendi),
643 3111 694 3187 34,
725 3111 744 3172 6
767 3107 1022 3173 adnumeres
1044 3107 1247 3173 hominum
1269 3106 1315 3173 de

159 3236 402 3301 unoquoque
432 3213 568 3299 legum
596 3215 735 3299 capite
766 3215 875 3282 edito
906 3215 1056 3297 (editos
1079 3216 1234 3282 Dukerus
1263 3237 1315 3282 re·

158 3326 252 3393 atitui
281 3325 353 3391 iure
380 3322 500 3404 voluit3
533 3325 647 3390 nocuit
673 3325 815 3392 fortasse
845 3325 944 3391 etiam
972 3346 1113 3407 sequens
1140 3324 1253 3390 littera
1274 3325 1314 3408 e),

159 3438 211 3512 40,
240 3438 259 3498 7
283 3452 547 3517 quoscunque
569 3434 837 3516 magistratus
860 3432 1157 3516 (quodcunque,
1187 3432 1227 3498 de
1249 3453 1315 3516 quo

160 3542 233 3611 loco
256 3561 405 3607 seorsum
427 3538 560 3622 dicam),
587 3540 654 3606 ibd.
680 3546 716 3604 ll
741 3541 788 3608 de
812 3563 856 3608 eo
879 3562 956 3626 quo
979 3541 1170 3608 Valerius
1193 3541 1315 3607 Hora·

159 3652 333 3733 tinsque
365 3648 684 3716 -insimulent
724 3649 785 3731 (de
824 3671 884 3731 eo,
925 3649 1049 3733 qu0d;
1089 3670 1227 3734 pravum
1259 3646 1316 3713 ul-

159 3757 351 3837 scbeislrius,
370 3755 665 3835 Weissenboruius,
683 3757 838 3824 Hertzius
856 3759 961 3824 secuti
979 3757 1079 3839 sunt),
1099 3761 1149 3834 50,
1168 3756 1316 3838 ouilia

164 3914 270 3921 --——
279 3914 290 3919 -
299 3912 388 3920 »α’-..ο

193 3978 210 4043 ¹)
228 3977 270 4031 De
289 3975 388 4030 eodem
406 3976 509 4031 erroris
527 3993 632 4047 genere
650 3977 679 4032 in
698 3975 796 4032 codIce
815 3975 933 4030 Pntenni
951 3981 980 4031 et
998 3976 1083 4031 tertie
1101 3974 1207 4031 decede
1225 3976 1317 4031 dicem

228 4061 354 4118 breviter
371 4060 408 4116 ed
424 4060 526 4128 XXIII,
548 4064 574 4130 3,
598 4065 622 4118 3.
665 4061 730 4118 Non
746 4077 820 4132 nego
837 4060 899 4116 lieri
916 4062 1056 4131 potuisse,
1079 4068 1112 4117 ut
1128 4061 1210 4116 Liuio
1228 4062 1315 4117 semel

229 4147 372 4203 iterumve
386 4147 438 4203 sub
452 4166 572 4204 acumen
586 4148 643 4204 stili
659 4148 769 4204 venerit
785 4148 821 4203 in
837 4151 1057 4218 potestatem,
1075 4148 1110 4202 in
1128 4146 1317 4202 amicitiem

230 4232 379 4288 alicuius
397 4250 486 4301 esse;
505 4238 534 4289 et
550 4239 647 4290 temen
664 4233 726 4290 bac
744 4234 835 4290 multo
853 4234 959 4290 rectius
977 4252 1013 4288 ex
1031 4235 1156 4303 antiqme
1170 4231 1316 4288 codicibus

229 4319 360 4375 adnotari
377 4336 461 4388 quam
480 4320 509 4376 in
527 4326 689 4376 nostrerum
707 4319 864 4375 editionum
881 4326 1015 4376 contextu
1029 4336 1088 4375 nno
1102 4325 1130 4375 et
1147 4318 1238 4373 altero
1253 4319 1316 4376 loco

229 4405 299 4475 poni
319 4408 405 4475 puto,
432 4405 546 4474 quando
569 4403 682 4475 quidem
705 4405 735 4461 in
758 4405 886 4476 pluribus
905 4406 976 4462 locis
993 4407 1146 4461 retinemus
1164 4405 1198 4460 in
1216 4410 1314 4475 pote·

229 4495 331 4546 stete
372 4489 467 4546 Codex
488 4489 602 4559 quIdem
621 4489 767 4547 Medicam
788 4492 874 4562 longe
892 4493 995 4563 sapius
1014 4508 1098 4561 quam
1117 4491 1217 4559 ceteri,
1240 4493 1316 4561 quod

230 4576 345 4646 quidem
363 4581 483 4643 constet,
501 4590 524 4630 ιι
543 4592 628 4647 preve
647 4575 774 4632 additum
793 4576 887 4643 hebet
906 4595 941 4633 ex
958 4594 1015 4648 qno
1033 4594 1090 4631 nno
1108 4595 1170 4647 quse
1187 4584 1316 4634 monstra

229 4661 424 4718 Alschefskius
447 4661 477 4717 in
497 4661 572 4717 Livii
593 4663 750 4719 orationem
772 4661 899 4717 intulerit
922 4664 1010 4732 (velut
1027 4662 1106 4732 VIII,
1137 4667 1176 4732 13,
1203 4666 1315 4734 bpar-

231 4749 317 4803 tium
335 4747 455 4802 iurem
473 4746 650 4817 publicam
668 4744 853 4814 memores),
871 4748 960 4816 pudet
977 4748 1080 4804 dicere.
