<?xml version="1.0" encoding="UTF-8"?>
<!DOCTYPE html PUBLIC "-//W3C//DTD XHTML 1.0 Transitional//EN"
    "http://www.w3.org/TR/xhtml1/DTD/xhtml1-transitional.dtd">
<html xmlns="http://www.w3.org/1999/xhtml" xml:lang="en" lang="en">
 <head>
  <title>
</title>
<meta http-equiv="Content-Type" content="text/html;charset=utf-8" />
  <meta name='ocr-system' content='tesseract 3.04.00' />
  <meta name='ocr-capabilities' content='ocr_page ocr_carea ocr_par ocr_line ocrx_word'/>
</head>
<body>
  <div class='ocr_page' id='page_1' title='image "./emendationesliv01madvgoog_0258.png"; bbox 0 0 3060 5272; ppageno 0'>
   <div class='ocr_carea' id='block_1_1' title="bbox 662 814 724 876">
    <p class='ocr_par' dir='ltr' id='par_1_1' title="bbox 662 814 724 876">
     <span class='ocr_line' id='line_1_1' title="bbox 662 814 724 876; baseline 0.032 -2"><span class='ocrx_word' id='word_1_1' title='bbox 662 814 724 876; x_wconf 80' lang='lat'><strong>249</strong></span> 
     </span>
    </p>
   </div>
   <div class='ocr_carea' id='block_1_2' title="bbox 115 995 1356 4200">
    <p class='ocr_par' dir='ltr' id='par_1_2' title="bbox 115 995 1356 3664">
     <span class='ocr_line' id='line_1_2' title="bbox 115 995 1270 1083; baseline 0.002 -21"><span class='ocrx_word' id='word_1_2' title='bbox 115 1002 169 1079; x_wconf 79' lang='lat'><strong>95,</strong></span> <span class='ocrx_word' id='word_1_3' title='bbox 197 1001 217 1062; x_wconf 80' lang='lat'><strong>9</strong></span> <span class='ocrx_word' id='word_1_4' title='bbox 240 996 427 1063; x_wconf 87' lang='lat' dir='ltr'><strong>Gronovius</strong></span> <span class='ocrx_word' id='word_1_5' title='bbox 449 995 644 1079; x_wconf 84' lang='lat' dir='ltr'><strong>(fecisse),</strong></span> <span class='ocrx_word' id='word_1_6' title='bbox 672 997 780 1078; x_wconf 86' lang='lat' dir='ltr'>XXX,</span> <span class='ocrx_word' id='word_1_7' title='bbox 808 1001 864 1078; x_wconf 78' lang='grc'><strong>27,</strong></span> <span class='ocrx_word' id='word_1_8' title='bbox 894 1003 913 1064; x_wconf 86' lang='lat'><strong>5</strong></span> <span class='ocrx_word' id='word_1_9' title='bbox 937 996 1108 1064; x_wconf 84' lang='lat' dir='ltr'><strong>Creverius</strong></span> <span class='ocrx_word' id='word_1_10' title='bbox 1131 997 1270 1083; x_wconf 91' lang='lat' dir='ltr'><strong>(impe-</strong></span> 
     </span>
     <span class='ocr_line' id='line_1_3' title="bbox 115 1104 1271 1189; baseline -0.001 -17"><span class='ocrx_word' id='word_1_11' title='bbox 115 1104 261 1187; x_wconf 74' lang='lat' dir='ltr'><strong>rator),</strong></span> <span class='ocrx_word' id='word_1_12' title='bbox 295 1104 403 1184; x_wconf 89' lang='lat' dir='ltr'>XXX,</span> <span class='ocrx_word' id='word_1_13' title='bbox 432 1107 488 1184; x_wconf 81' lang='lat' dir='ltr'><strong>al,</strong></span> <span class='ocrx_word' id='word_1_14' title='bbox 517 1108 536 1169; x_wconf 88' lang='grc'><strong>9</strong></span> <span class='ocrx_word' id='word_1_15' title='bbox 561 1104 647 1186; x_wconf 89' lang='lat' dir='ltr'><strong>(nec</strong></span> <span class='ocrx_word' id='word_1_16' title='bbox 675 1126 767 1171; x_wconf 86' lang='lat' dir='ltr'><strong>esse</strong></span> <span class='ocrx_word' id='word_1_17' title='bbox 794 1104 890 1185; x_wconf 84' lang='lat' dir='ltr'><strong>fuit,</strong></span> <span class='ocrx_word' id='word_1_18' title='bbox 925 1108 992 1188; x_wconf 91' lang='lat' dir='ltr'><strong>qui</strong></span> <span class='ocrx_word' id='word_1_19' title='bbox 1022 1107 1106 1170; x_wconf 90' lang='lat' dir='ltr'><strong>deis</strong></span> <span class='ocrx_word' id='word_1_20' title='bbox 1134 1112 1271 1189; x_wconf 84' lang='lat' dir='ltr'><strong>grates</strong></span> 
     </span>
     <span class='ocr_line' id='line_1_4' title="bbox 116 1212 1271 1298; baseline -0.001 -19"><span class='ocrx_word' id='word_1_21' title='bbox 116 1212 295 1298; x_wconf 85' lang='lat' dir='ltr'><strong>agendas</strong></span> <span class='ocrx_word' id='word_1_22' title='bbox 318 1212 526 1293; x_wconf 82' lang='lat' dir='ltr'><strong>censeant)</strong></span> <span class='ocrx_word' id='word_1_23' title='bbox 548 1213 614 1276; x_wconf 90' lang='lat' dir='ltr'><strong>iam</strong></span> <span class='ocrx_word' id='word_1_24' title='bbox 637 1213 671 1277; x_wconf 92' lang='lat' dir='ltr'><strong>in</strong></span> <span class='ocrx_word' id='word_1_25' title='bbox 693 1213 932 1278; x_wconf 89' lang='lat' dir='ltr'><strong>recentioribus</strong></span> <span class='ocrx_word' id='word_1_26' title='bbox 954 1214 1082 1298; x_wconf 82' lang='lat' dir='ltr'>aliquot</span> <span class='ocrx_word' id='word_1_27' title='bbox 1104 1212 1271 1279; x_wconf 83' lang='lat' dir='ltr'><strong>codicibus</strong></span> 
     </span>
     <span class='ocr_line' id='line_1_5' title="bbox 118 1318 1271 1403; baseline -0.001 -16"><span class='ocrx_word' id='word_1_28' title='bbox 118 1320 283 1387; x_wconf 83' lang='lat' dir='ltr'><strong>abiectum</strong></span> <span class='ocrx_word' id='word_1_29' title='bbox 313 1324 365 1386; x_wconf 88' lang='lat' dir='ltr'><strong>est</strong></span> <span class='ocrx_word' id='word_1_30' title='bbox 391 1319 486 1400; x_wconf 84' lang='lat' dir='ltr'><strong>luit,</strong></span> <span class='ocrx_word' id='word_1_31' title='bbox 521 1318 669 1385; x_wconf 89' lang='lat' dir='ltr'><strong>additum</strong></span> <span class='ocrx_word' id='word_1_32' title='bbox 691 1319 948 1401; x_wconf 90' lang='lat' dir='ltr'><strong>inconsiderate,</strong></span> <span class='ocrx_word' id='word_1_33' title='bbox 982 1342 1083 1403; x_wconf 91' lang='lat' dir='ltr'><strong>quum</strong></span> <span class='ocrx_word' id='word_1_34' title='bbox 1104 1342 1271 1386; x_wconf 90' lang='lat' dir='ltr'><strong>necesse</strong></span> 
     </span>
     <span class='ocr_line' id='line_1_6' title="bbox 117 1427 1273 1514; baseline -0.002 -20"><span class='ocrx_word' id='word_1_35' title='bbox 117 1450 176 1514; x_wconf 90' lang='lat' dir='ltr'><strong>pro</strong></span> <span class='ocrx_word' id='word_1_36' title='bbox 208 1449 276 1494; x_wconf 90' lang='lat' dir='ltr'><strong>una</strong></span> <span class='ocrx_word' id='word_1_37' title='bbox 309 1447 389 1492; x_wconf 91' lang='lat' dir='ltr'><strong>voce</strong></span> <span class='ocrx_word' id='word_1_38' title='bbox 422 1428 638 1511; x_wconf 76' lang='lat' dir='ltr'><strong>acciperetur.</strong></span> <span class='ocrx_word' id='word_1_39' title='bbox 702 1427 856 1509; x_wconf 88' lang='lat' dir='ltr'><strong>(Frustra</strong></span> <span class='ocrx_word' id='word_1_40' title='bbox 888 1428 1174 1493; x_wconf 88' lang='lat' dir='ltr'><strong>Weissenbornius</strong></span> <span class='ocrx_word' id='word_1_41' title='bbox 1206 1428 1273 1492; x_wconf 87' lang='lat' dir='ltr'><strong>alia</strong></span> 
     </span>
     <span class='ocr_line' id='line_1_7' title="bbox 118 1533 1271 1620; baseline 0.001 -19"><span class='ocrx_word' id='word_1_42' title='bbox 118 1536 286 1620; x_wconf 88' lang='lat' dir='ltr'><strong>anquirit.)</strong></span> <span class='ocrx_word' id='word_1_43' title='bbox 343 1533 513 1617; x_wconf 75' lang='lat' dir='ltr'>[XXVIIL</span> <span class='ocrx_word' id='word_1_44' title='bbox 541 1538 600 1614; x_wconf 91' lang='grc'><strong>40,</strong></span> <span class='ocrx_word' id='word_1_45' title='bbox 629 1538 647 1599; x_wconf 84' lang='grc'><strong>5</strong></span> <span class='ocrx_word' id='word_1_46' title='bbox 677 1544 817 1618; x_wconf 89' lang='lat' dir='ltr'><strong>apparet</strong></span> <span class='ocrx_word' id='word_1_47' title='bbox 840 1535 1034 1601; x_wconf 89' lang='lat' dir='ltr'><strong>Rhenanum</strong></span> <span class='ocrx_word' id='word_1_48' title='bbox 1062 1536 1096 1599; x_wconf 91' lang='lat' dir='ltr'><strong>in</strong></span> <span class='ocrx_word' id='word_1_49' title='bbox 1125 1535 1271 1602; x_wconf 93' lang='lat' dir='ltr'><strong>tollendo</strong></span> 
     </span>
     <span class='ocr_line' id='line_1_8' title="bbox 118 1640 1271 1727; baseline -0.001 -18"><span class='ocrx_word' id='word_1_50' title='bbox 118 1644 233 1709; x_wconf 91' lang='lat' dir='ltr'><strong>modo</strong></span> <span class='ocrx_word' id='word_1_51' title='bbox 255 1648 407 1708; x_wconf 89' lang='lat' dir='ltr'><strong>secutum</strong></span> <span class='ocrx_word' id='word_1_52' title='bbox 429 1663 501 1708; x_wconf 84' lang='lat' dir='ltr'><strong>esse</strong></span> <span class='ocrx_word' id='word_1_53' title='bbox 525 1640 572 1725; x_wconf 83' lang='lat' dir='ltr'><strong>S]</strong></span> <span class='ocrx_word' id='word_1_54' title='bbox 622 1642 691 1707; x_wconf 88' lang='lat' dir='ltr'><strong>Nec</strong></span> <span class='ocrx_word' id='word_1_55' title='bbox 714 1642 942 1722; x_wconf 89' lang='lat' dir='ltr'><strong>dubitandum,</strong></span> <span class='ocrx_word' id='word_1_56' title='bbox 966 1644 1046 1727; x_wconf 92' lang='lat' dir='ltr'><strong>quin</strong></span> <span class='ocrx_word' id='word_1_57' title='bbox 1068 1642 1154 1722; x_wconf 87' lang='lat' dir='ltr'>XXI,</span> <span class='ocrx_word' id='word_1_58' title='bbox 1180 1647 1227 1721; x_wconf 87' lang='grc'><strong>19,</strong></span> <span class='ocrx_word' id='word_1_59' title='bbox 1252 1648 1271 1708; x_wconf 89' lang='grc'><strong>9</strong></span> 
     </span>
     <span class='ocr_line' id='line_1_9' title="bbox 119 1750 1272 1834; baseline -0.002 -16"><span class='ocrx_word' id='word_1_60' title='bbox 119 1750 336 1834; x_wconf 83' lang='lat' dir='ltr'><strong>Saguntini</strong></span> <span class='ocrx_word' id='word_1_61' title='bbox 365 1756 399 1814; x_wconf 91' lang='lat' dir='ltr'><strong>et</strong></span> <span class='ocrx_word' id='word_1_62' title='bbox 421 1753 477 1830; x_wconf 82' lang='lat'><strong>25,</strong></span> <span class='ocrx_word' id='word_1_63' title='bbox 513 1755 531 1814; x_wconf 86' lang='grc'>5</span> <span class='ocrx_word' id='word_1_64' title='bbox 554 1750 759 1815; x_wconf 89' lang='lat' dir='ltr'><strong>incertum</strong></span> <span class='ocrx_word' id='word_1_65' title='bbox 789 1751 889 1815; x_wconf 87' lang='lat' dir='ltr'><strong>etiam</strong></span> <span class='ocrx_word' id='word_1_66' title='bbox 916 1752 950 1815; x_wconf 92' lang='lat' dir='ltr'><strong>in</strong></span> <span class='ocrx_word' id='word_1_67' title='bbox 973 1751 998 1814; x_wconf 91' lang='lat' dir='ltr'>P</span> <span class='ocrx_word' id='word_1_68' title='bbox 1021 1751 1158 1830; x_wconf 84' lang='lat' dir='ltr'><strong>luerint,</strong></span> <span class='ocrx_word' id='word_1_69' title='bbox 1191 1772 1272 1834; x_wconf 94' lang='lat' dir='ltr'><strong>quo·</strong></span> 
     </span>
     <span class='ocr_line' id='line_1_10' title="bbox 120 1856 1272 1942; baseline -0.002 -17"><span class='ocrx_word' id='word_1_70' title='bbox 120 1860 207 1925; x_wconf 91' lang='lat' dir='ltr'><strong>niam</strong></span> <span class='ocrx_word' id='word_1_71' title='bbox 230 1856 347 1925; x_wconf 83' lang='grc' dir='ltr'><strong>04οΜ</strong></span> <span class='ocrx_word' id='word_1_72' title='bbox 370 1863 404 1922; x_wconf 93' lang='lat' dir='ltr'><strong>et</strong></span> <span class='ocrx_word' id='word_1_73' title='bbox 426 1859 527 1922; x_wconf 90' lang='lat' dir='ltr'><strong>ceteri</strong></span> <span class='ocrx_word' id='word_1_74' title='bbox 549 1863 674 1937; x_wconf 89' lang='lat' dir='ltr'><strong>tenent,</strong></span> <span class='ocrx_word' id='word_1_75' title='bbox 702 1857 765 1922; x_wconf 93' lang='lat' dir='ltr'><strong>hoc</strong></span> <span class='ocrx_word' id='word_1_76' title='bbox 788 1857 920 1941; x_wconf 90' lang='lat' dir='ltr'><strong>quidem</strong></span> <span class='ocrx_word' id='word_1_77' title='bbox 943 1858 1109 1942; x_wconf 89' lang='lat' dir='ltr'><strong>posterius</strong></span> <span class='ocrx_word' id='word_1_78' title='bbox 1132 1864 1166 1923; x_wconf 89' lang='lat' dir='ltr'><strong>et</strong></span> <span class='ocrx_word' id='word_1_79' title='bbox 1188 1859 1272 1923; x_wconf 89' lang='lat' dir='ltr'><strong>alte-</strong></span> 
     </span>
     <span class='ocr_line' id='line_1_11' title="bbox 120 1964 1272 2049; baseline 0.001 -18"><span class='ocrx_word' id='word_1_80' title='bbox 120 1988 193 2032; x_wconf 88' lang='lat' dir='ltr'><strong>mm</strong></span> <span class='ocrx_word' id='word_1_81' title='bbox 226 1966 260 2030; x_wconf 93' lang='lat' dir='ltr'><strong>in</strong></span> <span class='ocrx_word' id='word_1_82' title='bbox 293 1966 409 2031; x_wconf 90' lang='lat' dir='ltr'><strong>eodem</strong></span> <span class='ocrx_word' id='word_1_83' title='bbox 440 1964 526 2030; x_wconf 92' lang='lat' dir='ltr'><strong>libro</strong></span> <span class='ocrx_word' id='word_1_84' title='bbox 563 1985 590 2030; x_wconf 86' lang='lat' dir='ltr'><strong>c.</strong></span> <span class='ocrx_word' id='word_1_85' title='bbox 620 1971 677 2045; x_wconf 93' lang='grc'><strong>44,</strong></span> <span class='ocrx_word' id='word_1_86' title='bbox 712 1970 730 2030; x_wconf 84' lang='grc'>9</span> <span class='ocrx_word' id='word_1_87' title='bbox 760 1964 1035 2047; x_wconf 87' lang='lat' dir='ltr'><strong>(destinatum)</strong></span> <span class='ocrx_word' id='word_1_88' title='bbox 1064 1987 1199 2049; x_wconf 89' lang='lat' dir='ltr'><strong>prorsus</strong></span> <span class='ocrx_word' id='word_1_89' title='bbox 1232 1989 1272 2032; x_wconf 87' lang='lat' dir='ltr'><strong>ex</strong></span> 
     </span>
     <span class='ocr_line' id='line_1_12' title="bbox 122 2071 1272 2156; baseline 0 -17"><span class='ocrx_word' id='word_1_90' title='bbox 122 2074 237 2140; x_wconf 89' lang='lat' dir='ltr'><strong>eodem</strong></span> <span class='ocrx_word' id='word_1_91' title='bbox 270 2093 405 2156; x_wconf 82' lang='lat' dir='ltr'><strong>genere,</strong></span> <span class='ocrx_word' id='word_1_92' title='bbox 440 2095 481 2138; x_wconf 86' lang='lat' dir='ltr'><strong>ex</strong></span> <span class='ocrx_word' id='word_1_93' title='bbox 514 2094 578 2156; x_wconf 92' lang='lat' dir='ltr'><strong>quo</strong></span> <span class='ocrx_word' id='word_1_94' title='bbox 611 2079 694 2137; x_wconf 90' lang='lat' dir='ltr'><strong>nata</strong></span> <span class='ocrx_word' id='word_1_95' title='bbox 727 2079 822 2137; x_wconf 87' lang='lat' dir='ltr'><strong>erant</strong></span> <span class='ocrx_word' id='word_1_96' title='bbox 855 2071 919 2137; x_wconf 87' lang='lat' dir='ltr'><strong>illae</strong></span> <span class='ocrx_word' id='word_1_97' title='bbox 952 2074 986 2137; x_wconf 91' lang='lat' dir='ltr'><strong>in</strong></span> <span class='ocrx_word' id='word_1_98' title='bbox 1015 2074 1121 2156; x_wconf 92' lang='lat' dir='ltr'><strong>prima</strong></span> <span class='ocrx_word' id='word_1_99' title='bbox 1149 2073 1272 2140; x_wconf 86' lang='lat' dir='ltr'><strong>decade</strong></span> 
     </span>
     <span class='ocr_line' id='line_1_13' title="bbox 120 2178 1272 2265; baseline -0.001 -18"><span class='ocrx_word' id='word_1_100' title='bbox 120 2181 266 2265; x_wconf 86' lang='lat' dir='ltr'><strong>duplices</strong></span> <span class='ocrx_word' id='word_1_101' title='bbox 293 2182 480 2264; x_wconf 76' lang='lat' dir='ltr'><strong>scripturas,</strong></span> <span class='ocrx_word' id='word_1_102' title='bbox 509 2178 571 2245; x_wconf 93' lang='lat' dir='ltr'><strong>hoc</strong></span> <span class='ocrx_word' id='word_1_103' title='bbox 594 2186 659 2260; x_wconf 90' lang='lat' dir='ltr'><strong>est,</strong></span> <span class='ocrx_word' id='word_1_104' title='bbox 687 2201 727 2246; x_wconf 85' lang='lat' dir='ltr'><strong>ex</strong></span> <span class='ocrx_word' id='word_1_105' title='bbox 749 2179 900 2244; x_wconf 82' lang='lat' dir='ltr'><strong>vocabuli</strong></span> <span class='ocrx_word' id='word_1_106' title='bbox 922 2201 943 2244; x_wconf 91' lang='lat' dir='ltr'><strong>a</strong></span> <span class='ocrx_word' id='word_1_107' title='bbox 965 2180 1054 2245; x_wconf 91' lang='lat' dir='ltr'><strong>Livio</strong></span> <span class='ocrx_word' id='word_1_108' title='bbox 1077 2182 1177 2265; x_wconf 88' lang='lat' dir='ltr'><strong>positi</strong></span> <span class='ocrx_word' id='word_1_109' title='bbox 1199 2202 1272 2247; x_wconf 92' lang='lat' dir='ltr'><strong>cum</strong></span> 
     </span>
     <span class='ocr_line' id='line_1_14' title="bbox 118 2286 1272 2373; baseline 0 -19"><span class='ocrx_word' id='word_1_110' title='bbox 118 2290 412 2373; x_wconf 87' lang='lat' dir='ltr'><strong>interpretamento</strong></span> <span class='ocrx_word' id='word_1_111' title='bbox 436 2287 710 2369; x_wconf 89' lang='lat' dir='ltr'><strong>coniunctione.¹)</strong></span> <span class='ocrx_word' id='word_1_112' title='bbox 766 2286 959 2352; x_wconf 87' lang='lat' dir='ltr'><strong>Mutationis</strong></span> <span class='ocrx_word' id='word_1_113' title='bbox 994 2288 1131 2354; x_wconf 91' lang='lat' dir='ltr'><strong>consilio</strong></span> <span class='ocrx_word' id='word_1_114' title='bbox 1160 2295 1194 2354; x_wconf 92' lang='lat' dir='ltr'><strong>et</strong></span> <span class='ocrx_word' id='word_1_115' title='bbox 1222 2311 1272 2354; x_wconf 90' lang='lat' dir='ltr'><strong>er·</strong></span> 
     </span>
     <span class='ocr_line' id='line_1_15' title="bbox 117 2395 1356 2479; baseline -0.002 -18"><span class='ocrx_word' id='word_1_116' title='bbox 117 2418 190 2463; x_wconf 89' lang='lat' dir='ltr'><strong>rore</strong></span> <span class='ocrx_word' id='word_1_117' title='bbox 219 2396 316 2461; x_wconf 74' lang='lat' dir='ltr'><strong>factae</strong></span> <span class='ocrx_word' id='word_1_118' title='bbox 344 2398 409 2460; x_wconf 91' lang='lat' dir='ltr'><strong>iam</strong></span> <span class='ocrx_word' id='word_1_119' title='bbox 439 2395 624 2479; x_wconf 85' lang='lat' dir='ltr'><strong>exemplum</strong></span> <span class='ocrx_word' id='word_1_120' title='bbox 653 2401 726 2459; x_wconf 90' lang='lat' dir='ltr'><strong>erat</strong></span> <span class='ocrx_word' id='word_1_121' title='bbox 752 2396 785 2458; x_wconf 95' lang='lat' dir='ltr'><strong>in</strong></span> <span class='ocrx_word' id='word_1_122' title='bbox 814 2395 887 2460; x_wconf 93' lang='lat' dir='ltr'><strong>loco</strong></span> <span class='ocrx_word' id='word_1_123' title='bbox 910 2397 1141 2479; x_wconf 89' lang='lat' dir='ltr'><strong>supraposito</strong></span> <span class='ocrx_word' id='word_1_124' title='bbox 1165 2396 1356 2478; x_wconf 80' lang='lat' dir='ltr'><strong>xxl1‚(aoc)</strong></span> 
     </span>
     <span class='ocr_line' id='line_1_16' title="bbox 122 2502 1273 2586; baseline 0 -17"><span class='ocrx_word' id='word_1_125' title='bbox 122 2509 174 2584; x_wconf 88' lang='grc'><strong>16,</strong></span> <span class='ocrx_word' id='word_1_126' title='bbox 202 2509 223 2568; x_wconf 86' lang='grc'><strong>4</strong></span> <span class='ocrx_word' id='word_1_127' title='bbox 248 2502 442 2585; x_wconf 79' lang='lat' dir='ltr'><strong>(fortuna,</strong></span> <span class='ocrx_word' id='word_1_128' title='bbox 473 2523 573 2584; x_wconf 91' lang='lat' dir='ltr'><strong>quum</strong></span> <span class='ocrx_word' id='word_1_129' title='bbox 601 2502 700 2568; x_wconf 87' lang='lat' dir='ltr'><strong>semel</strong></span> <span class='ocrx_word' id='word_1_130' title='bbox 724 2503 884 2586; x_wconf 88' lang='lat' dir='ltr'><strong>scriptum</strong></span> <span class='ocrx_word' id='word_1_131' title='bbox 908 2509 994 2567; x_wconf 87' lang='lat' dir='ltr'><strong>esset</strong></span> <span class='ocrx_word' id='word_1_132' title='bbox 1016 2504 1172 2586; x_wconf 78' lang='lat' dir='ltr'><strong>minas),</strong></span> <span class='ocrx_word' id='word_1_133' title='bbox 1206 2504 1273 2570; x_wconf 90' lang='lat' dir='ltr'><strong>alia</strong></span> 
     </span>
     <span class='ocr_line' id='line_1_17' title="bbox 120 2609 1273 2696; baseline -0.003 -18"><span class='ocrx_word' id='word_1_134' title='bbox 120 2612 219 2696; x_wconf 89' lang='lat' dir='ltr'><strong>paulo</strong></span> <span class='ocrx_word' id='word_1_135' title='bbox 248 2610 433 2676; x_wconf 87' lang='lat' dir='ltr'><strong>occultiora</strong></span> <span class='ocrx_word' id='word_1_136' title='bbox 460 2611 607 2694; x_wconf 90' lang='lat' dir='ltr'><strong>aperiam</strong></span> <span class='ocrx_word' id='word_1_137' title='bbox 629 2609 721 2688; x_wconf 90' lang='lat' dir='ltr'>XXI,</span> <span class='ocrx_word' id='word_1_138' title='bbox 756 2613 811 2688; x_wconf 80' lang='lat'><strong>57,</strong></span> <span class='ocrx_word' id='word_1_139' title='bbox 845 2613 922 2674; x_wconf 81' lang='lat' dir='ltr'><strong>9et</strong></span> <span class='ocrx_word' id='word_1_140' title='bbox 946 2613 963 2673; x_wconf 90' lang='lat'><strong>3</strong></span> <span class='ocrx_word' id='word_1_141' title='bbox 988 2610 1073 2691; x_wconf 90' lang='lat' dir='ltr'><strong>(ubi,</strong></span> <span class='ocrx_word' id='word_1_142' title='bbox 1107 2617 1273 2676; x_wconf 88' lang='lat' dir='ltr'><strong>structura</strong></span> 
     </span>
     <span class='ocr_line' id='line_1_18' title="bbox 118 2717 1272 2802; baseline -0.003 -17"><span class='ocrx_word' id='word_1_143' title='bbox 118 2741 184 2785; x_wconf 94' lang='lat' dir='ltr'><strong>uou</strong></span> <span class='ocrx_word' id='word_1_144' title='bbox 217 2718 402 2799; x_wconf 89' lang='lat' dir='ltr'><strong>intellecta,</strong></span> <span class='ocrx_word' id='word_1_145' title='bbox 441 2740 502 2802; x_wconf 94' lang='lat' dir='ltr'><strong>pro</strong></span> <span class='ocrx_word' id='word_1_146' title='bbox 536 2719 734 2783; x_wconf 82' lang='lat' dir='ltr'><strong>accusativis</strong></span> <span class='ocrx_word' id='word_1_147' title='bbox 770 2718 899 2783; x_wconf 91' lang='lat' dir='ltr'><strong>duobus</strong></span> <span class='ocrx_word' id='word_1_148' title='bbox 933 2718 1069 2782; x_wconf 88' lang='lat' dir='ltr'><strong>ablativi</strong></span> <span class='ocrx_word' id='word_1_149' title='bbox 1102 2717 1272 2783; x_wconf 90' lang='lat' dir='ltr'><strong>substituti</strong></span> 
     </span>
     <span class='ocr_line' id='line_1_19' title="bbox 118 2825 1272 2910; baseline -0.003 -17"><span class='ocrx_word' id='word_1_150' title='bbox 118 2827 208 2910; x_wconf 89' lang='lat' dir='ltr'><strong>sunt)</strong></span> <span class='ocrx_word' id='word_1_151' title='bbox 231 2831 266 2892; x_wconf 91' lang='lat' dir='ltr'><strong>et</strong></span> <span class='ocrx_word' id='word_1_152' title='bbox 288 2827 362 2891; x_wconf 90' lang='lat' dir='ltr'><strong>aliis</strong></span> <span class='ocrx_word' id='word_1_153' title='bbox 385 2825 475 2892; x_wconf 92' lang='lat' dir='ltr'><strong>locis.</strong></span> <span class='ocrx_word' id='word_1_154' title='bbox 533 2826 575 2890; x_wconf 85' lang='lat' dir='ltr'><strong>Et</strong></span> <span class='ocrx_word' id='word_1_155' title='bbox 602 2831 713 2890; x_wconf 84' lang='lat' dir='ltr'><strong>tamen</strong></span> <span class='ocrx_word' id='word_1_156' title='bbox 740 2825 812 2890; x_wconf 88' lang='lat' dir='ltr'><strong>haec</strong></span> <span class='ocrx_word' id='word_1_157' title='bbox 840 2846 901 2889; x_wconf 91' lang='lat' dir='ltr'><strong>nec</strong></span> <span class='ocrx_word' id='word_1_158' title='bbox 928 2826 1032 2889; x_wconf 89' lang='lat' dir='ltr'><strong>multa</strong></span> <span class='ocrx_word' id='word_1_159' title='bbox 1054 2830 1130 2890; x_wconf 90' lang='lat' dir='ltr'><strong>sunt</strong></span> <span class='ocrx_word' id='word_1_160' title='bbox 1152 2831 1200 2906; x_wconf 90' lang='lat' dir='ltr'><strong>et,</strong></span> <span class='ocrx_word' id='word_1_161' title='bbox 1234 2830 1272 2890; x_wconf 91' lang='lat' dir='ltr'><strong>ut</strong></span> 
     </span>
     <span class='ocr_line' id='line_1_20' title="bbox 120 2932 1272 3017; baseline -0.003 -16"><span class='ocrx_word' id='word_1_162' title='bbox 120 2941 197 3001; x_wconf 90' lang='lat' dir='ltr'><strong>ante</strong></span> <span class='ocrx_word' id='word_1_163' title='bbox 230 2935 314 3014; x_wconf 84' lang='lat' dir='ltr'><strong>dixi,</strong></span> <span class='ocrx_word' id='word_1_164' title='bbox 355 2933 531 3017; x_wconf 73' lang='lat' dir='ltr'><strong>simplicia,</strong></span> <span class='ocrx_word' id='word_1_165' title='bbox 570 2953 646 2997; x_wconf 89' lang='lat' dir='ltr'><strong>nam</strong></span> <span class='ocrx_word' id='word_1_166' title='bbox 678 2932 834 2997; x_wconf 88' lang='lat' dir='ltr'><strong>librarius</strong></span> <span class='ocrx_word' id='word_1_167' title='bbox 867 2932 917 3012; x_wconf 92' lang='lat' dir='ltr'><strong>id,</strong></span> <span class='ocrx_word' id='word_1_168' title='bbox 958 2932 1046 3016; x_wconf 93' lang='lat' dir='ltr'><strong>quod</strong></span> <span class='ocrx_word' id='word_1_169' title='bbox 1079 2932 1272 3015; x_wconf 88' lang='lat' dir='ltr'><strong>offenderat,</strong></span> 
     </span>
     <span class='ocr_line' id='line_1_21' title="bbox 117 3039 1274 3126; baseline 0 -19"><span class='ocrx_word' id='word_1_170' title='bbox 117 3043 267 3126; x_wconf 86' lang='lat' dir='ltr'><strong>proximo</strong></span> <span class='ocrx_word' id='word_1_171' title='bbox 301 3047 335 3106; x_wconf 90' lang='lat' dir='ltr'><strong>et</strong></span> <span class='ocrx_word' id='word_1_172' title='bbox 366 3041 441 3106; x_wconf 90' lang='lat' dir='ltr'><strong>rudi</strong></span> <span class='ocrx_word' id='word_1_173' title='bbox 474 3041 620 3106; x_wconf 89' lang='lat' dir='ltr'><strong>remedio</strong></span> <span class='ocrx_word' id='word_1_174' title='bbox 654 3041 835 3124; x_wconf 83' lang='lat' dir='ltr'><strong>expedivit,</strong></span> <span class='ocrx_word' id='word_1_175' title='bbox 875 3040 915 3105; x_wconf 91' lang='lat' dir='ltr'><strong>de</strong></span> <span class='ocrx_word' id='word_1_176' title='bbox 955 3047 1027 3106; x_wconf 83' lang='lat' dir='ltr'><strong>tota</strong></span> <span class='ocrx_word' id='word_1_177' title='bbox 1066 3041 1130 3106; x_wconf 93' lang='lat' dir='ltr'><strong>loci</strong></span> <span class='ocrx_word' id='word_1_178' title='bbox 1168 3039 1274 3107; x_wconf 79' lang='lat' dir='ltr'><strong>forma</strong></span> 
     </span>
     <span class='ocr_line' id='line_1_22' title="bbox 118 3148 1273 3233; baseline -0.001 -18"><span class='ocrx_word' id='word_1_179' title='bbox 118 3170 235 3233; x_wconf 87' lang='lat' dir='ltr'><strong>parum</strong></span> <span class='ocrx_word' id='word_1_180' title='bbox 257 3150 422 3233; x_wconf 86' lang='lat' dir='ltr'><strong>cogitans;</strong></span> <span class='ocrx_word' id='word_1_181' title='bbox 453 3149 651 3214; x_wconf 86' lang='lat' dir='ltr'><strong>eruditiores</strong></span> <span class='ocrx_word' id='word_1_182' title='bbox 680 3148 728 3214; x_wconf 93' lang='lat' dir='ltr'><strong>illi</strong></span> <span class='ocrx_word' id='word_1_183' title='bbox 750 3149 915 3228; x_wconf 89' lang='lat' dir='ltr'><strong>homines,</strong></span> <span class='ocrx_word' id='word_1_184' title='bbox 944 3149 1001 3231; x_wconf 95' lang='lat' dir='ltr'><strong>qui</strong></span> <span class='ocrx_word' id='word_1_185' title='bbox 1023 3150 1273 3214; x_wconf 87' lang='lat' dir='ltr'><strong>renascentibus</strong></span> 
     </span>
     <span class='ocr_line' id='line_1_23' title="bbox 118 3255 1273 3339; baseline 0 -17"><span class='ocrx_word' id='word_1_186' title='bbox 118 3256 302 3323; x_wconf 88' lang='lat' dir='ltr'><strong>litterarum</strong></span> <span class='ocrx_word' id='word_1_187' title='bbox 341 3256 458 3322; x_wconf 89' lang='lat' dir='ltr'><strong>studiis</strong></span> <span class='ocrx_word' id='word_1_188' title='bbox 497 3256 617 3321; x_wconf 90' lang='lat' dir='ltr'><strong>menda</strong></span> <span class='ocrx_word' id='word_1_189' title='bbox 656 3258 722 3321; x_wconf 90' lang='lat' dir='ltr'><strong>iam</strong></span> <span class='ocrx_word' id='word_1_190' title='bbox 761 3256 888 3339; x_wconf 91' lang='lat' dir='ltr'><strong>longius</strong></span> <span class='ocrx_word' id='word_1_191' title='bbox 929 3255 1060 3321; x_wconf 84' lang='lat' dir='ltr'><strong>detorta</strong></span> <span class='ocrx_word' id='word_1_192' title='bbox 1098 3257 1273 3322; x_wconf 89' lang='lat' dir='ltr'><strong>emendare</strong></span> 
     </span>
     <span class='ocr_line' id='line_1_24' title="bbox 120 3363 1273 3448; baseline -0.001 -18"><span class='ocrx_word' id='word_1_193' title='bbox 120 3364 341 3443; x_wconf 86' lang='lat' dir='ltr'><strong>conabantur,</strong></span> <span class='ocrx_word' id='word_1_194' title='bbox 381 3369 419 3429; x_wconf 90' lang='lat' dir='ltr'><strong>ut</strong></span> <span class='ocrx_word' id='word_1_195' title='bbox 450 3364 515 3448; x_wconf 86' lang='lat' dir='ltr'><strong>legi</strong></span> <span class='ocrx_word' id='word_1_196' title='bbox 549 3371 583 3429; x_wconf 92' lang='lat' dir='ltr'><strong>et</strong></span> <span class='ocrx_word' id='word_1_197' title='bbox 615 3365 761 3446; x_wconf 87' lang='lat' dir='ltr'><strong>intellegi</strong></span> <span class='ocrx_word' id='word_1_198' title='bbox 796 3363 926 3428; x_wconf 89' lang='lat' dir='ltr'><strong>codices</strong></span> <span class='ocrx_word' id='word_1_199' title='bbox 959 3371 1110 3447; x_wconf 90' lang='lat' dir='ltr'><strong>possent,</strong></span> <span class='ocrx_word' id='word_1_200' title='bbox 1143 3364 1273 3430; x_wconf 79' lang='lat' dir='ltr'><strong>facilius</strong></span> 
     </span>
     <span class='ocr_line' id='line_1_25' title="bbox 120 3470 1273 3555; baseline -0.001 -18"><span class='ocrx_word' id='word_1_201' title='bbox 120 3470 288 3553; x_wconf 77' lang='lat' dir='ltr'><strong>fallerent,</strong></span> <span class='ocrx_word' id='word_1_202' title='bbox 327 3472 392 3537; x_wconf 89' lang='lat' dir='ltr'><strong>nisi</strong></span> <span class='ocrx_word' id='word_1_203' title='bbox 431 3472 655 3555; x_wconf 90' lang='lat' dir='ltr'><strong>antiquiorum</strong></span> <span class='ocrx_word' id='word_1_204' title='bbox 689 3472 838 3537; x_wconf 91' lang='lat' dir='ltr'><strong>codicum</strong></span> <span class='ocrx_word' id='word_1_205' title='bbox 872 3473 1069 3536; x_wconf 90' lang='lat' dir='ltr'><strong>testimoniis</strong></span> <span class='ocrx_word' id='word_1_206' title='bbox 1103 3473 1273 3537; x_wconf 91' lang='lat' dir='ltr'><strong>convince-</strong></span> 
     </span>
     <span class='ocr_line' id='line_1_26' title="bbox 120 3579 910 3664; baseline -0.003 -19"><span class='ocrx_word' id='word_1_207' title='bbox 120 3586 252 3661; x_wconf 66' lang='lat' dir='ltr'><strong>rentum</strong></span> <span class='ocrx_word' id='word_1_208' title='bbox 274 3584 309 3645; x_wconf 88' lang='lat' dir='ltr'><strong>et</strong></span> <span class='ocrx_word' id='word_1_209' title='bbox 329 3580 387 3645; x_wconf 91' lang='lat' dir='ltr'><strong>diu</strong></span> <span class='ocrx_word' id='word_1_210' title='bbox 409 3579 587 3664; x_wconf 90' lang='lat' dir='ltr'><strong>multisque</strong></span> <span class='ocrx_word' id='word_1_211' title='bbox 610 3579 691 3645; x_wconf 89' lang='lat' dir='ltr'><strong>locis</strong></span> <span class='ocrx_word' id='word_1_212' title='bbox 713 3579 910 3645; x_wconf 84' lang='lat' dir='ltr'><strong>fefellerunt.</strong></span> 
     </span>
    </p>

    <p class='ocr_par' dir='ltr' id='par_1_3' title="bbox 118 3685 1275 4200">
     <span class='ocr_line' id='line_1_27' title="bbox 204 3685 1273 3772; baseline -0.003 -18"><span class='ocrx_word' id='word_1_213' title='bbox 204 3687 284 3772; x_wconf 89' lang='lat' dir='ltr'><strong>[Sed</strong></span> <span class='ocrx_word' id='word_1_214' title='bbox 306 3687 410 3753; x_wconf 85' lang='lat' dir='ltr'><strong>codex</strong></span> <span class='ocrx_word' id='word_1_215' title='bbox 422 3687 619 3766; x_wconf 87' lang='lat' dir='ltr'><strong>Puteaneus,</strong></span> <span class='ocrx_word' id='word_1_216' title='bbox 643 3688 768 3751; x_wconf 90' lang='lat' dir='ltr'><strong>utiam</strong></span> <span class='ocrx_word' id='word_1_217' title='bbox 791 3687 867 3765; x_wconf 82' lang='lat' dir='ltr'><strong>dixi,</strong></span> <span class='ocrx_word' id='word_1_218' title='bbox 890 3688 922 3750; x_wconf 93' lang='lat' dir='ltr'><strong>in</strong></span> <span class='ocrx_word' id='word_1_219' title='bbox 946 3687 1091 3769; x_wconf 90' lang='lat' dir='ltr'><strong>quinque</strong></span> <span class='ocrx_word' id='word_1_220' title='bbox 1109 3685 1273 3769; x_wconf 91' lang='lat' dir='ltr'><strong>prioribus</strong></span> 
     </span>
     <span class='ocr_line' id='line_1_28' title="bbox 118 3794 1274 3879; baseline -0.004 -18"><span class='ocrx_word' id='word_1_221' title='bbox 118 3794 211 3861; x_wconf 88' lang='lat' dir='ltr'><strong>libris</strong></span> <span class='ocrx_word' id='word_1_222' title='bbox 233 3796 322 3861; x_wconf 88' lang='lat' dir='ltr'><strong>solus</strong></span> <span class='ocrx_word' id='word_1_223' title='bbox 344 3801 477 3879; x_wconf 81' lang='lat' dir='ltr'><strong>regnat3</strong></span> <span class='ocrx_word' id='word_1_224' title='bbox 500 3796 533 3859; x_wconf 95' lang='lat' dir='ltr'><strong>in</strong></span> <span class='ocrx_word' id='word_1_225' title='bbox 556 3795 791 3879; x_wconf 87' lang='lat' dir='ltr'><strong>posterioribus</strong></span> <span class='ocrx_word' id='word_1_226' title='bbox 808 3813 944 3875; x_wconf 86' lang='lat' dir='ltr'><strong>regnum</strong></span> <span class='ocrx_word' id='word_1_227' title='bbox 961 3814 1097 3876; x_wconf 85' lang='lat' dir='ltr'><strong>prorsus</strong></span> <span class='ocrx_word' id='word_1_228' title='bbox 1115 3794 1274 3877; x_wconf 86' lang='lat' dir='ltr'><strong>partitum</strong></span> 
     </span>
     <span class='ocr_line' id='line_1_29' title="bbox 119 3901 1273 3986; baseline -0.003 -18"><span class='ocrx_word' id='word_1_229' title='bbox 119 3901 258 3969; x_wconf 87' lang='lat' dir='ltr'><strong>haberet</strong></span> <span class='ocrx_word' id='word_1_230' title='bbox 285 3924 360 3968; x_wconf 92' lang='lat' dir='ltr'><strong>cum</strong></span> <span class='ocrx_word' id='word_1_231' title='bbox 388 3904 502 3968; x_wconf 91' lang='lat' dir='ltr'><strong>codice</strong></span> <span class='ocrx_word' id='word_1_232' title='bbox 526 3903 688 3986; x_wconf 86' lang='lat' dir='ltr'><strong>Spirensi,</strong></span> <span class='ocrx_word' id='word_1_233' title='bbox 723 3903 750 3967; x_wconf 91' lang='lat' dir='ltr'><strong>si</strong></span> <span class='ocrx_word' id='word_1_234' title='bbox 779 3902 808 3966; x_wconf 94' lang='lat' dir='ltr'><strong>is</strong></span> <span class='ocrx_word' id='word_1_235' title='bbox 838 3906 985 3966; x_wconf 85' lang='lat' dir='ltr'><strong>exstaret</strong></span> <span class='ocrx_word' id='word_1_236' title='bbox 1013 3901 1173 3984; x_wconf 88' lang='lat' dir='ltr'><strong>pleneque</strong></span> <span class='ocrx_word' id='word_1_237' title='bbox 1197 3920 1273 3965; x_wconf 92' lang='lat' dir='ltr'><strong>con·</strong></span> 
     </span>
     <span class='ocr_line' id='line_1_30' title="bbox 118 4007 1273 4096; baseline -0.001 -21"><span class='ocrx_word' id='word_1_238' title='bbox 118 4009 197 4077; x_wconf 79' lang='lat' dir='ltr'><strong>ferri</strong></span> <span class='ocrx_word' id='word_1_239' title='bbox 213 4019 340 4095; x_wconf 83' lang='lat' dir='ltr'><strong>posset3</strong></span> <span class='ocrx_word' id='word_1_240' title='bbox 358 4031 446 4076; x_wconf 89' lang='lat' dir='ltr'><strong>nuuc</strong></span> <span class='ocrx_word' id='word_1_241' title='bbox 462 4011 616 4096; x_wconf 87' lang='lat' dir='ltr'><strong>partitur,</strong></span> <span class='ocrx_word' id='word_1_242' title='bbox 633 4009 689 4074; x_wconf 95' lang='lat' dir='ltr'><strong>ubi</strong></span> <span class='ocrx_word' id='word_1_243' title='bbox 708 4009 748 4074; x_wconf 90' lang='lat' dir='ltr'><strong>de</strong></span> <span class='ocrx_word' id='word_1_244' title='bbox 767 4008 912 4092; x_wconf 88' lang='lat' dir='ltr'><strong>Spirensi</strong></span> <span class='ocrx_word' id='word_1_245' title='bbox 931 4014 1071 4074; x_wconf 88' lang='lat' dir='ltr'><strong>constat.</strong></span> <span class='ocrx_word' id='word_1_246' title='bbox 1095 4008 1142 4074; x_wconf 89' lang='lat' dir='ltr'><strong>Eo</strong></span> <span class='ocrx_word' id='word_1_247' title='bbox 1161 4007 1273 4074; x_wconf 86' lang='lat' dir='ltr'><strong>codice</strong></span> 
     </span>
     <span class='ocr_line' id='line_1_31' title="bbox 118 4115 1275 4200; baseline -0.003 -16"><span class='ocrx_word' id='word_1_248' title='bbox 118 4118 163 4185; x_wconf 90' lang='lat' dir='ltr'><strong>ab</strong></span> <span class='ocrx_word' id='word_1_249' title='bbox 189 4119 283 4185; x_wconf 92' lang='lat' dir='ltr'><strong>initio</strong></span> <span class='ocrx_word' id='word_1_250' title='bbox 310 4124 345 4184; x_wconf 92' lang='grc'><strong>04</strong></span> <span class='ocrx_word' id='word_1_251' title='bbox 372 4120 406 4184; x_wconf 92' lang='lat' dir='ltr'><strong>in</strong></span> <span class='ocrx_word' id='word_1_252' title='bbox 428 4118 493 4184; x_wconf 87' lang='lat' dir='ltr'><strong>fine</strong></span> <span class='ocrx_word' id='word_1_253' title='bbox 515 4118 633 4183; x_wconf 93' lang='lat' dir='ltr'><strong>mutilo</strong></span> <span class='ocrx_word' id='word_1_254' title='bbox 656 4117 718 4199; x_wconf 90' lang='lat' dir='ltr'><strong>(ita</strong></span> <span class='ocrx_word' id='word_1_255' title='bbox 740 4123 777 4182; x_wconf 93' lang='lat' dir='ltr'><strong>ut</strong></span> <span class='ocrx_word' id='word_1_256' title='bbox 798 4117 874 4181; x_wconf 89' lang='lat' dir='ltr'><strong>libri</strong></span> <span class='ocrx_word' id='word_1_257' title='bbox 896 4117 1039 4182; x_wconf 88' lang='lat' dir='ltr'><strong>vicesimi</strong></span> <span class='ocrx_word' id='word_1_258' title='bbox 1062 4115 1145 4180; x_wconf 85' lang='lat' dir='ltr'><strong>sexti</strong></span> <span class='ocrx_word' id='word_1_259' title='bbox 1167 4136 1275 4200; x_wconf 91' lang='lat' dir='ltr'><strong>pauca</strong></span> 
     </span>
    </p>
   </div>
   <div class='ocr_carea' id='block_1_3' title="bbox 118 4223 1275 4419">
    <p class='ocr_par' dir='ltr' id='par_1_4' title="bbox 118 4223 1275 4419">
     <span class='ocr_line' id='line_1_32' title="bbox 118 4223 1275 4312; baseline -0.003 -21"><span class='ocrx_word' id='word_1_260' title='bbox 118 4225 213 4307; x_wconf 84' lang='lat' dir='ltr'><strong>folia,</strong></span> <span class='ocrx_word' id='word_1_261' title='bbox 245 4248 384 4312; x_wconf 90' lang='lat' dir='ltr'><strong>quorum</strong></span> <span class='ocrx_word' id='word_1_262' title='bbox 414 4227 554 4309; x_wconf 91' lang='lat' dir='ltr'><strong>primum</strong></span> <span class='ocrx_word' id='word_1_263' title='bbox 582 4247 608 4291; x_wconf 92' lang='lat' dir='ltr'><strong>c.</strong></span> <span class='ocrx_word' id='word_1_264' title='bbox 634 4229 688 4305; x_wconf 90' lang='grc'><strong>30,</strong></span> <span class='ocrx_word' id='word_1_265' title='bbox 723 4231 742 4290; x_wconf 85' lang='grc'><strong>9</strong></span> <span class='ocrx_word' id='word_1_266' title='bbox 771 4223 814 4289; x_wconf 92' lang='lat' dir='ltr'><strong>ad</strong></span> <span class='ocrx_word' id='word_1_267' title='bbox 838 4228 893 4305; x_wconf 90' lang='lat'><strong>31,</strong></span> <span class='ocrx_word' id='word_1_268' title='bbox 927 4228 946 4288; x_wconf 78' lang='lat'><strong>2</strong></span> <span class='ocrx_word' id='word_1_269' title='bbox 976 4223 1179 4304; x_wconf 88' lang='lat' dir='ltr'><strong>continebat,</strong></span> <span class='ocrx_word' id='word_1_270' title='bbox 1213 4244 1275 4289; x_wconf 89' lang='lat' dir='ltr'><strong>nec</strong></span> 
     </span>
     <span class='ocr_line' id='line_1_33' title="bbox 120 4330 1274 4419; baseline -0.004 -18"><span class='ocrx_word' id='word_1_271' title='bbox 120 4335 278 4401; x_wconf 84' lang='lat' dir='ltr'><strong>contiuua</strong></span> <span class='ocrx_word' id='word_1_272' title='bbox 305 4340 529 4419; x_wconf 86' lang='lat' dir='ltr'><strong>superessent,</strong></span> <span class='ocrx_word' id='word_1_273' title='bbox 563 4333 719 4398; x_wconf 89' lang='lat' dir='ltr'><strong>tricesimi</strong></span> <span class='ocrx_word' id='word_1_274' title='bbox 754 4331 836 4397; x_wconf 92' lang='lat' dir='ltr'><strong>nihil</strong></span> <span class='ocrx_word' id='word_1_275' title='bbox 865 4339 940 4416; x_wconf 86' lang='lat' dir='ltr'><strong>post</strong></span> <span class='ocrx_word' id='word_1_276' title='bbox 967 4333 1095 4396; x_wconf 90' lang='lat' dir='ltr'><strong>initium</strong></span> <span class='ocrx_word' id='word_1_277' title='bbox 1124 4352 1193 4416; x_wconf 92' lang='lat' dir='ltr'><strong>cap.</strong></span> <span class='ocrx_word' id='word_1_278' title='bbox 1220 4330 1274 4413; x_wconf 87' lang='grc'><strong>16)</strong></span> 
     </span>
    </p>
   </div>
   <div class='ocr_carea' id='block_1_4' title="bbox 147 4585 1272 4742">
    <p class='ocr_par' dir='ltr' id='par_1_5' title="bbox 147 4585 1272 4742">
     <span class='ocr_line' id='line_1_34' title="bbox 147 4585 1272 4657; baseline -0.005 -14"><span class='ocrx_word' id='word_1_279' title='bbox 147 4588 172 4653; x_wconf 87' lang='lat'><strong>¹)</strong></span> <span class='ocrx_word' id='word_1_280' title='bbox 188 4586 274 4642; x_wconf 78' lang='lat' dir='ltr'><strong>Aliud</strong></span> <span class='ocrx_word' id='word_1_281' title='bbox 292 4603 382 4657; x_wconf 82' lang='lat' dir='ltr'><strong>genua</strong></span> <span class='ocrx_word' id='word_1_282' title='bbox 399 4585 523 4656; x_wconf 87' lang='lat' dir='ltr'><strong>duplicis</strong></span> <span class='ocrx_word' id='word_1_283' title='bbox 541 4586 700 4656; x_wconf 77' lang='lat' dir='ltr'><strong>scripturae,</strong></span> <span class='ocrx_word' id='word_1_284' title='bbox 728 4602 783 4654; x_wconf 89' lang='lat' dir='ltr'><strong>quo</strong></span> <span class='ocrx_word' id='word_1_285' title='bbox 805 4585 938 4639; x_wconf 87' lang='lat' dir='ltr'><strong>librarius</strong></span> <span class='ocrx_word' id='word_1_286' title='bbox 961 4601 1084 4638; x_wconf 88' lang='lat' dir='ltr'><strong>errorem</strong></span> <span class='ocrx_word' id='word_1_287' title='bbox 1107 4603 1188 4640; x_wconf 84' lang='lat' dir='ltr'><strong>suum</strong></span> <span class='ocrx_word' id='word_1_288' title='bbox 1210 4600 1272 4641; x_wconf 86' lang='lat' dir='ltr'><strong>cor·</strong></span> 
     </span>
     <span class='ocr_line' id='line_1_35' title="bbox 185 4669 776 4742; baseline -0.01 -12"><span class='ocrx_word' id='word_1_289' title='bbox 185 4669 263 4742; x_wconf 71' lang='lat' dir='ltr'><strong>tigit,</strong></span> <span class='ocrx_word' id='word_1_290' title='bbox 281 4672 511 4727; x_wconf 83' lang='lat' dir='ltr'><strong>commemorabo</strong></span> <span class='ocrx_word' id='word_1_291' title='bbox 529 4671 567 4726; x_wconf 91' lang='lat' dir='ltr'><strong>ad</strong></span> <span class='ocrx_word' id='word_1_292' title='bbox 583 4670 674 4738; x_wconf 83' lang='lat' dir='ltr'>XXII,</span> <span class='ocrx_word' id='word_1_293' title='bbox 692 4673 734 4738; x_wconf 79' lang='lat'><strong>98,</strong></span> <span class='ocrx_word' id='word_1_294' title='bbox 751 4673 776 4726; x_wconf 90' lang='lat'><strong>9.</strong></span> 
     </span>
    </p>
   </div>
   <div class='ocr_carea' id='block_1_5' title="bbox 0 0 1537 5272">
    <p class='ocr_par' dir='ltr' id='par_1_6' title="bbox 0 0 1537 5272">
     <span class='ocr_line' id='line_1_36' title="bbox 0 0 1537 5272; baseline 0 0"><span class='ocrx_word' id='word_1_295' title='bbox 0 0 1537 5272; x_wconf 95' lang='lat' dir='ltr'><strong> </strong></span> 
     </span>
    </p>
   </div>
  </div>
 </body>
</html>
