<?xml version="1.0" encoding="UTF-8"?>
<!DOCTYPE html PUBLIC "-//W3C//DTD XHTML 1.0 Transitional//EN"
    "http://www.w3.org/TR/xhtml1/DTD/xhtml1-transitional.dtd">
<html xmlns="http://www.w3.org/1999/xhtml" xml:lang="en" lang="en">
 <head>
  <title>
</title>
<meta http-equiv="Content-Type" content="text/html;charset=utf-8" />
  <meta name='ocr-system' content='tesseract 3.04.00' />
  <meta name='ocr-capabilities' content='ocr_page ocr_carea ocr_par ocr_line ocrx_word'/>
</head>
<body>
  <div class='ocr_page' id='page_1' title='image "./emendationesliv01madvgoog_0273.png"; bbox 0 0 3060 5272; ppageno 0'>
   <div class='ocr_carea' id='block_1_1' title="bbox 157 301 770 371">
    <p class='ocr_par' dir='ltr' id='par_1_1' title="bbox 157 301 770 371">
     <span class='ocr_line' id='line_1_1' title="bbox 157 301 770 371; baseline -0.007 -4"><span class='ocrx_word' id='word_1_1' title='bbox 157 311 223 371; x_wconf 85' lang='lat' dir='ltr'>Lib.</span> <span class='ocrx_word' id='word_1_2' title='bbox 242 310 315 365; x_wconf 86' lang='lat' dir='ltr'>XXI.</span> <span class='ocrx_word' id='word_1_3' title='bbox 708 301 770 363; x_wconf 78' lang='lat'><strong>264</strong></span> 
     </span>
    </p>
   </div>
   <div class='ocr_carea' id='block_1_2' title="bbox 155 482 1403 3579">
    <p class='ocr_par' dir='ltr' id='par_1_2' title="bbox 155 482 1403 3579">
     <span class='ocr_line' id='line_1_2' title="bbox 161 482 1322 570; baseline 0.003 -23"><span class='ocrx_word' id='word_1_4' title='bbox 161 504 296 566; x_wconf 88' lang='lat' dir='ltr'><strong>prorsus</strong></span> <span class='ocrx_word' id='word_1_5' title='bbox 335 504 395 566; x_wconf 92' lang='lat' dir='ltr'><strong>pro</strong></span> <span class='ocrx_word' id='word_1_6' title='bbox 434 482 597 549; x_wconf 85' lang='lat' dir='ltr'><strong>adiectivo</strong></span> <span class='ocrx_word' id='word_1_7' title='bbox 636 490 687 549; x_wconf 90' lang='lat' dir='ltr'><strong>est</strong></span> <span class='ocrx_word' id='word_1_8' title='bbox 725 491 758 549; x_wconf 93' lang='lat' dir='ltr'><strong>et</strong></span> <span class='ocrx_word' id='word_1_9' title='bbox 797 487 996 570; x_wconf 90' lang='lat' dir='ltr'><strong>interposito</strong></span> <span class='ocrx_word' id='word_1_10' title='bbox 1035 483 1204 551; x_wconf 84' lang='lat' dir='ltr'><strong>videbat</strong></span> <span class='ocrx_word' id='word_1_11' title='bbox 1238 483 1322 551; x_wconf 87' lang='lat' dir='ltr'><strong>diri·</strong></span> 
     </span>
     <span class='ocr_line' id='line_1_3' title="bbox 161 590 1323 678; baseline 0.004 -24"><span class='ocrx_word' id='word_1_12' title='bbox 161 593 270 656; x_wconf 90' lang='lat' dir='ltr'><strong>mitur.</strong></span> <span class='ocrx_word' id='word_1_13' title='bbox 321 590 407 677; x_wconf 78' lang='lat' dir='ltr'><strong>Huic</strong></span> <span class='ocrx_word' id='word_1_14' title='bbox 436 590 656 675; x_wconf 72' lang='lat' dir='ltr'>copulationis</span> <span class='ocrx_word' id='word_1_15' title='bbox 684 592 814 657; x_wconf 80' lang='lat' dir='ltr'><strong>formae:</strong></span> <span class='ocrx_word' id='word_1_16' title='bbox 847 593 991 678; x_wconf 88' lang='lat' dir='ltr'><strong>lapsus</strong></span> <span class='ocrx_word' id='word_1_17' title='bbox 1021 600 1060 659; x_wconf 88' lang='lat' dir='ltr'><strong>et</strong></span> <span class='ocrx_word' id='word_1_18' title='bbox 1083 628 1125 639; x_wconf 93' lang='lat'>-</span> <span class='ocrx_word' id='word_1_19' title='bbox 1146 591 1323 678; x_wconf 77' lang='lat' dir='ltr'><strong>emergit</strong></span> 
     </span>
     <span class='ocr_line' id='line_1_4' title="bbox 161 696 1322 784; baseline 0.005 -23"><span class='ocrx_word' id='word_1_20' title='bbox 161 699 317 781; x_wconf 82' lang='lat' dir='ltr'><strong>(lapsus</strong></span> <span class='ocrx_word' id='word_1_21' title='bbox 366 696 574 783; x_wconf 84' lang='lat' dir='ltr'><strong>facileque</strong></span> <span class='ocrx_word' id='word_1_22' title='bbox 618 699 817 782; x_wconf 82' lang='lat' dir='ltr'><strong>emergit),</strong></span> <span class='ocrx_word' id='word_1_23' title='bbox 870 721 970 782; x_wconf 89' lang='lat' dir='ltr'><strong>quam</strong></span> <span class='ocrx_word' id='word_1_24' title='bbox 1008 700 1198 784; x_wconf 80' lang='lat' dir='ltr'><strong>coarguisse</strong></span> <span class='ocrx_word' id='word_1_25' title='bbox 1236 698 1322 767; x_wconf 85' lang='lat' dir='ltr'><strong>mibi</strong></span> 
     </span>
     <span class='ocr_line' id='line_1_5' title="bbox 160 804 1320 892; baseline 0.005 -25"><span class='ocrx_word' id='word_1_26' title='bbox 160 806 274 871; x_wconf 85' lang='lat' dir='ltr'><strong>videor</strong></span> <span class='ocrx_word' id='word_1_27' title='bbox 296 828 361 871; x_wconf 92' lang='lat' dir='ltr'><strong>non</strong></span> <span class='ocrx_word' id='word_1_28' title='bbox 384 827 447 870; x_wconf 92' lang='lat' dir='ltr'><strong>usu</strong></span> <span class='ocrx_word' id='word_1_29' title='bbox 469 813 637 889; x_wconf 78' lang='lat' dir='ltr'><strong>receptam</strong></span> <span class='ocrx_word' id='word_1_30' title='bbox 658 804 769 886; x_wconf 87' lang='lat' dir='ltr'><strong>fuisse,</strong></span> <span class='ocrx_word' id='word_1_31' title='bbox 796 807 977 892; x_wconf 81' lang='lat' dir='ltr'><strong>respondet</strong></span> <span class='ocrx_word' id='word_1_32' title='bbox 1000 829 1018 873; x_wconf 94' lang='lat' dir='ltr'><strong>e</strong></span> <span class='ocrx_word' id='word_1_33' title='bbox 1040 808 1208 874; x_wconf 87' lang='lat' dir='ltr'><strong>contrario</strong></span> <span class='ocrx_word' id='word_1_34' title='bbox 1229 807 1320 874; x_wconf 75' lang='lat' dir='ltr'><strong>hae:</strong></span> 
     </span>
     <span class='ocr_line' id='line_1_6' title="bbox 161 913 1321 1000; baseline 0.003 -22"><span class='ocrx_word' id='word_1_35' title='bbox 161 921 301 978; x_wconf 91' lang='lat' dir='ltr'><strong>castra</strong></span> <span class='ocrx_word' id='word_1_36' title='bbox 322 914 448 978; x_wconf 86' lang='lat' dir='ltr'><strong>movit</strong></span> <span class='ocrx_word' id='word_1_37' title='bbox 471 921 568 978; x_wconf 89' lang='lat' dir='ltr'><strong>et-</strong></span> <span class='ocrx_word' id='word_1_38' title='bbox 585 913 800 996; x_wconf 85' lang='lat' dir='ltr'><strong>proiectus</strong></span> <span class='ocrx_word' id='word_1_39' title='bbox 824 913 1062 999; x_wconf 87' lang='lat' dir='ltr'><strong>(statimque</strong></span> <span class='ocrx_word' id='word_1_40' title='bbox 1084 913 1321 1000; x_wconf 86' lang='lat' dir='ltr'><strong>proiectus)</strong></span> 
     </span>
     <span class='ocr_line' id='line_1_7' title="bbox 159 1020 1320 1105; baseline 0.003 -19"><span class='ocrx_word' id='word_1_41' title='bbox 159 1042 232 1105; x_wconf 86' lang='lat' dir='ltr'><strong>quae</strong></span> <span class='ocrx_word' id='word_1_42' title='bbox 260 1021 399 1086; x_wconf 86' lang='lat' dir='ltr'><strong>eundem</strong></span> <span class='ocrx_word' id='word_1_43' title='bbox 423 1020 524 1086; x_wconf 91' lang='lat' dir='ltr'><strong>habet</strong></span> <span class='ocrx_word' id='word_1_44' title='bbox 546 1020 821 1102; x_wconf 70' lang='lat' dir='ltr'><strong>inequalitatem,</strong></span> <span class='ocrx_word' id='word_1_45' title='bbox 854 1023 889 1086; x_wconf 93' lang='lat' dir='ltr'><strong>in</strong></span> <span class='ocrx_word' id='word_1_46' title='bbox 912 1022 1019 1089; x_wconf 89' lang='lat' dir='ltr'><strong>altero</strong></span> <span class='ocrx_word' id='word_1_47' title='bbox 1042 1022 1189 1089; x_wconf 89' lang='lat' dir='ltr'><strong>membro</strong></span> <span class='ocrx_word' id='word_1_48' title='bbox 1211 1029 1320 1104; x_wconf 72' lang='lat' dir='ltr'><strong>curta,</strong></span> 
     </span>
     <span class='ocr_line' id='line_1_8' title="bbox 160 1129 1320 1214; baseline 0.003 -20"><span class='ocrx_word' id='word_1_49' title='bbox 160 1139 194 1195; x_wconf 90' lang='lat' dir='ltr'><strong>et</strong></span> <span class='ocrx_word' id='word_1_50' title='bbox 225 1129 390 1194; x_wconf 89' lang='lat' dir='ltr'><strong>interdum</strong></span> <span class='ocrx_word' id='word_1_51' title='bbox 426 1129 683 1212; x_wconf 84' lang='lat' dir='ltr'><strong>exspectationis</strong></span> <span class='ocrx_word' id='word_1_52' title='bbox 710 1129 975 1210; x_wconf 85' lang='lat' dir='ltr'><strong>frustrationem,</strong></span> <span class='ocrx_word' id='word_1_53' title='bbox 1009 1150 1224 1214; x_wconf 89' lang='lat' dir='ltr'><strong>quamquam,</strong></span> <span class='ocrx_word' id='word_1_54' title='bbox 1259 1130 1320 1197; x_wconf 90' lang='lat' dir='ltr'><strong>ubi</strong></span> 
     </span>
     <span class='ocr_line' id='line_1_9' title="bbox 159 1235 1321 1322; baseline 0.001 -20"><span class='ocrx_word' id='word_1_55' title='bbox 159 1237 316 1322; x_wconf 87' lang='lat' dir='ltr'><strong>perbreve</strong></span> <span class='ocrx_word' id='word_1_56' title='bbox 356 1243 390 1300; x_wconf 93' lang='lat' dir='ltr'><strong>et</strong></span> <span class='ocrx_word' id='word_1_57' title='bbox 422 1235 561 1320; x_wconf 76' lang='lat' dir='ltr'><strong>simplex</strong></span> <span class='ocrx_word' id='word_1_58' title='bbox 595 1236 736 1301; x_wconf 91' lang='lat' dir='ltr'><strong>alterum</strong></span> <span class='ocrx_word' id='word_1_59' title='bbox 768 1238 951 1303; x_wconf 89' lang='lat' dir='ltr'><strong>membrum</strong></span> <span class='ocrx_word' id='word_1_60' title='bbox 984 1246 1036 1303; x_wconf 91' lang='lat' dir='ltr'><strong>est</strong></span> <span class='ocrx_word' id='word_1_61' title='bbox 1069 1237 1174 1317; x_wconf 84' lang='lat' dir='ltr'><strong>(velut</strong></span> <span class='ocrx_word' id='word_1_62' title='bbox 1204 1237 1321 1303; x_wconf 90' lang='lat' dir='ltr'><strong>huius·</strong></span> 
     </span>
     <span class='ocr_line' id='line_1_10' title="bbox 158 1342 1320 1429; baseline 0.002 -19"><span class='ocrx_word' id='word_1_63' title='bbox 158 1345 262 1411; x_wconf 89' lang='lat' dir='ltr'><strong>modi:</strong></span> <span class='ocrx_word' id='word_1_64' title='bbox 291 1346 516 1426; x_wconf 86' lang='lat' dir='ltr'><strong>statimque</strong></span> <span class='ocrx_word' id='word_1_65' title='bbox 544 1345 582 1408; x_wconf 90' lang='lat' dir='ltr'><strong>in</strong></span> <span class='ocrx_word' id='word_1_66' title='bbox 613 1342 872 1428; x_wconf 85' lang='lat' dir='ltr'><strong>Campaniam</strong></span> <span class='ocrx_word' id='word_1_67' title='bbox 900 1343 1149 1429; x_wconf 82' lang='lat' dir='ltr'><strong>proiectus),</strong></span> <span class='ocrx_word' id='word_1_68' title='bbox 1178 1343 1320 1413; x_wconf 83' lang='lat' dir='ltr'><strong>offensio</strong></span> 
     </span>
     <span class='ocr_line' id='line_1_11' title="bbox 157 1451 1319 1537; baseline 0.002 -19"><span class='ocrx_word' id='word_1_69' title='bbox 157 1456 264 1518; x_wconf 92' lang='lat' dir='ltr'><strong>minor</strong></span> <span class='ocrx_word' id='word_1_70' title='bbox 287 1459 347 1517; x_wconf 90' lang='lat' dir='ltr'><strong>est.</strong></span> <span class='ocrx_word' id='word_1_71' title='bbox 398 1451 513 1534; x_wconf 88' lang='lat' dir='ltr'><strong>ltaque</strong></span> <span class='ocrx_word' id='word_1_72' title='bbox 540 1473 581 1516; x_wconf 93' lang='lat' dir='ltr'><strong>ue</strong></span> <span class='ocrx_word' id='word_1_73' title='bbox 611 1473 683 1517; x_wconf 88' lang='lat' dir='ltr'><strong>eam</strong></span> <span class='ocrx_word' id='word_1_74' title='bbox 710 1453 843 1537; x_wconf 91' lang='lat' dir='ltr'><strong>quidem</strong></span> <span class='ocrx_word' id='word_1_75' title='bbox 872 1454 1060 1536; x_wconf 86' lang='lat' dir='ltr'><strong>suspicione</strong></span> <span class='ocrx_word' id='word_1_76' title='bbox 1090 1453 1181 1519; x_wconf 89' lang='lat' dir='ltr'><strong>iusta</strong></span> <span class='ocrx_word' id='word_1_77' title='bbox 1203 1473 1319 1520; x_wconf 86' lang='lat' dir='ltr'><strong>carere</strong></span> 
     </span>
     <span class='ocr_line' id='line_1_12' title="bbox 160 1559 1319 1645; baseline 0.002 -20"><span class='ocrx_word' id='word_1_78' title='bbox 160 1568 257 1645; x_wconf 92' lang='lat' dir='ltr'><strong>puto,</strong></span> <span class='ocrx_word' id='word_1_79' title='bbox 293 1581 394 1645; x_wconf 92' lang='lat' dir='ltr'><strong>quum</strong></span> <span class='ocrx_word' id='word_1_80' title='bbox 422 1560 607 1642; x_wconf 86' lang='lat' dir='ltr'><strong>praesertim</strong></span> <span class='ocrx_word' id='word_1_81' title='bbox 635 1560 708 1624; x_wconf 81' lang='lat' dir='ltr'><strong>alise</strong></span> <span class='ocrx_word' id='word_1_82' title='bbox 737 1578 867 1644; x_wconf 91' lang='lat' dir='ltr'><strong>quoque</strong></span> <span class='ocrx_word' id='word_1_83' title='bbox 897 1562 930 1624; x_wconf 91' lang='lat' dir='ltr'><strong>in</strong></span> <span class='ocrx_word' id='word_1_84' title='bbox 959 1560 1124 1625; x_wconf 83' lang='lat' dir='ltr'><strong>nonnullis</strong></span> <span class='ocrx_word' id='word_1_85' title='bbox 1151 1559 1233 1626; x_wconf 90' lang='lat' dir='ltr'><strong>locis</strong></span> <span class='ocrx_word' id='word_1_86' title='bbox 1262 1581 1319 1627; x_wconf 78' lang='lat' dir='ltr'><strong>sc·</strong></span> 
     </span>
     <span class='ocr_line' id='line_1_13' title="bbox 158 1666 1317 1752; baseline 0.002 -20"><span class='ocrx_word' id='word_1_87' title='bbox 158 1668 280 1733; x_wconf 89' lang='lat' dir='ltr'><strong>cedant</strong></span> <span class='ocrx_word' id='word_1_88' title='bbox 312 1666 487 1731; x_wconf 83' lang='lat' dir='ltr'><strong>dubitandi</strong></span> <span class='ocrx_word' id='word_1_89' title='bbox 520 1687 626 1732; x_wconf 88' lang='lat' dir='ltr'><strong>causae</strong></span> <span class='ocrx_word' id='word_1_90' title='bbox 661 1676 695 1732; x_wconf 92' lang='lat' dir='ltr'><strong>et</strong></span> <span class='ocrx_word' id='word_1_91' title='bbox 727 1669 887 1733; x_wconf 90' lang='lat' dir='ltr'><strong>correctio</strong></span> <span class='ocrx_word' id='word_1_92' title='bbox 921 1668 1113 1752; x_wconf 90' lang='lat' dir='ltr'><strong>plerumque</strong></span> <span class='ocrx_word' id='word_1_93' title='bbox 1147 1668 1317 1751; x_wconf 74' lang='lat' dir='ltr'><strong>perfacilis</strong></span> 
     </span>
     <span class='ocr_line' id='line_1_14' title="bbox 158 1773 1318 1858; baseline 0.001 -17"><span class='ocrx_word' id='word_1_94' title='bbox 158 1777 211 1841; x_wconf 91' lang='lat' dir='ltr'><strong>sit.</strong></span> <span class='ocrx_word' id='word_1_95' title='bbox 268 1773 351 1839; x_wconf 88' lang='lat' dir='ltr'><strong>Sunt</strong></span> <span class='ocrx_word' id='word_1_96' title='bbox 380 1781 491 1840; x_wconf 89' lang='lat' dir='ltr'><strong>autem</strong></span> <span class='ocrx_word' id='word_1_97' title='bbox 519 1773 589 1839; x_wconf 86' lang='lat' dir='ltr'><strong>haec</strong></span> <span class='ocrx_word' id='word_1_98' title='bbox 618 1775 708 1858; x_wconf 87' lang='lat' dir='ltr'><strong>apud</strong></span> <span class='ocrx_word' id='word_1_99' title='bbox 729 1773 855 1838; x_wconf 87' lang='lat' dir='ltr'><strong>Livium</strong></span> <span class='ocrx_word' id='word_1_100' title='bbox 883 1774 980 1840; x_wconf 87' lang='lat' dir='ltr'><strong>huius</strong></span> <span class='ocrx_word' id='word_1_101' title='bbox 1009 1774 1231 1858; x_wconf 90' lang='lat' dir='ltr'><strong>copulationis</strong></span> <span class='ocrx_word' id='word_1_102' title='bbox 1260 1797 1318 1842; x_wconf 84' lang='lat' dir='ltr'><strong>ex-</strong></span> 
     </span>
     <span class='ocr_line' id='line_1_15' title="bbox 158 1881 1316 1966; baseline 0.001 -18"><span class='ocrx_word' id='word_1_103' title='bbox 158 1881 317 1966; x_wconf 89' lang='lat' dir='ltr'><strong>empla¹):</strong></span> <span class='ocrx_word' id='word_1_104' title='bbox 347 1881 401 1962; x_wconf 93' lang='lat' dir='ltr'><strong>VI,</strong></span> <span class='ocrx_word' id='word_1_105' title='bbox 426 1888 475 1962; x_wconf 81' lang='lat'><strong>25,</strong></span> <span class='ocrx_word' id='word_1_106' title='bbox 502 1888 516 1945; x_wconf 93' lang='lat'>1</span> <span class='ocrx_word' id='word_1_107' title='bbox 542 1882 606 1965; x_wconf 81' lang='lat' dir='ltr'><strong>(ad</strong></span> <span class='ocrx_word' id='word_1_108' title='bbox 628 1882 820 1948; x_wconf 88' lang='lat' dir='ltr'><strong>tribunos</strong></span> <span class='ocrx_word' id='word_1_109' title='bbox 844 1882 1115 1963; x_wconf 89' lang='lat' dir='ltr'><strong>adducuntur,</strong></span> <span class='ocrx_word' id='word_1_110' title='bbox 1138 1904 1316 1966; x_wconf 90' lang='lat' dir='ltr'><strong>percon·</strong></span> 
     </span>
     <span class='ocr_line' id='line_1_16' title="bbox 158 1989 1318 2074; baseline 0.002 -19"><span class='ocrx_word' id='word_1_111' title='bbox 158 1990 427 2072; x_wconf 83' lang='lat' dir='ltr'><strong>tentibusque</strong></span> <span class='ocrx_word' id='word_1_112' title='bbox 460 1989 577 2069; x_wconf 85' lang='lat' dir='ltr'><strong>fassi,</strong></span> <span class='ocrx_word' id='word_1_113' title='bbox 611 1989 667 2055; x_wconf 90' lang='lat' dir='ltr'><strong>ubi</strong></span> <span class='ocrx_word' id='word_1_114' title='bbox 700 2011 846 2073; x_wconf 84' lang='lat' dir='ltr'><strong>praesens</strong></span> <span class='ocrx_word' id='word_1_115' title='bbox 881 1989 1175 2074; x_wconf 79' lang='lat' dir='ltr'><strong>praecedit)„VII,</strong></span> <span class='ocrx_word' id='word_1_116' title='bbox 1213 1996 1241 2070; x_wconf 96' lang='lat' dir='ltr'><strong>l,</strong></span> <span class='ocrx_word' id='word_1_117' title='bbox 1277 1995 1318 2057; x_wconf 88' lang='grc'><strong>10</strong></span> 
     </span>
     <span class='ocr_line' id='line_1_17' title="bbox 158 2096 1316 2182; baseline 0.003 -21"><span class='ocrx_word' id='word_1_118' title='bbox 158 2099 242 2182; x_wconf 86' lang='lat' dir='ltr'><strong>(per</strong></span> <span class='ocrx_word' id='word_1_119' title='bbox 274 2133 318 2142; x_wconf 93' lang='lat'><em>-</em></span> <span class='ocrx_word' id='word_1_120' title='bbox 350 2096 478 2163; x_wconf 91' lang='lat' dir='ltr'><strong>titulo</strong></span> <span class='ocrx_word' id='word_1_121' title='bbox 512 2104 637 2162; x_wconf 84' lang='lat' dir='ltr'><strong>tantae</strong></span> <span class='ocrx_word' id='word_1_122' title='bbox 670 2096 810 2180; x_wconf 79' lang='lat' dir='ltr'><strong>gloriee</strong></span> <span class='ocrx_word' id='word_1_123' title='bbox 844 2096 939 2175; x_wconf 89' lang='lat' dir='ltr'><strong>fuit,</strong></span> <span class='ocrx_word' id='word_1_124' title='bbox 981 2097 1211 2182; x_wconf 81' lang='lat' dir='ltr'><strong>dignusque</strong></span> <span class='ocrx_word' id='word_1_125' title='bbox 1244 2098 1316 2164; x_wconf 85' lang='lat' dir='ltr'><strong>hu·</strong></span> 
     </span>
     <span class='ocr_line' id='line_1_18' title="bbox 157 2203 1403 2287; baseline 0.001 -17"><span class='ocrx_word' id='word_1_126' title='bbox 157 2205 282 2285; x_wconf 89' lang='lat' dir='ltr'><strong>bitus,</strong></span> <span class='ocrx_word' id='word_1_127' title='bbox 312 2226 426 2287; x_wconf 89' lang='lat' dir='ltr'><strong>quem</strong></span> <span class='ocrx_word' id='word_1_128' title='bbox 448 2241 491 2250; x_wconf 92' lang='lat'><em>-</em></span> <span class='ocrx_word' id='word_1_129' title='bbox 513 2204 699 2286; x_wconf 79' lang='lat' dir='ltr'><strong>ferrent),</strong></span> <span class='ocrx_word' id='word_1_130' title='bbox 726 2205 783 2284; x_wconf 90' lang='lat' dir='ltr'><strong>IX,</strong></span> <span class='ocrx_word' id='word_1_131' title='bbox 815 2210 864 2283; x_wconf 88' lang='lat'><strong>10,</strong></span> <span class='ocrx_word' id='word_1_132' title='bbox 894 2203 1199 2287; x_wconf 80' lang='lat' dir='ltr'><strong>2(Magistratu</strong></span> <span class='ocrx_word' id='word_1_133' title='bbox 1220 2205 1317 2272; x_wconf 89' lang='lat' dir='ltr'><strong>iude</strong></span> <span class='ocrx_word' id='word_1_134' title='bbox 1395 2234 1403 2247; x_wconf 92' lang='lat'><strong>·</strong></span> 
     </span>
     <span class='ocr_line' id='line_1_19' title="bbox 156 2311 1316 2397; baseline 0.002 -19"><span class='ocrx_word' id='word_1_135' title='bbox 156 2335 196 2378; x_wconf 91' lang='lat' dir='ltr'><strong>se</strong></span> <span class='ocrx_word' id='word_1_136' title='bbox 232 2313 436 2397; x_wconf 85' lang='lat' dir='ltr'><strong>extemplo</strong></span> <span class='ocrx_word' id='word_1_137' title='bbox 471 2312 788 2391; x_wconf 83' lang='lat' dir='ltr'><strong>abdicaverunt,</strong></span> <span class='ocrx_word' id='word_1_138' title='bbox 828 2311 1058 2395; x_wconf 89' lang='lat' dir='ltr'><strong>traditique</strong></span> <span class='ocrx_word' id='word_1_139' title='bbox 1094 2312 1316 2380; x_wconf 86' lang='lat' dir='ltr'><strong>fetialibus</strong></span> 
     </span>
     <span class='ocr_line' id='line_1_20' title="bbox 157 2419 1317 2502; baseline -0.001 -15"><span class='ocrx_word' id='word_1_140' title='bbox 157 2443 242 2487; x_wconf 94' lang='lat' dir='ltr'><strong>cum</strong></span> <span class='ocrx_word' id='word_1_141' title='bbox 273 2423 429 2486; x_wconf 87' lang='lat' dir='ltr'><strong>ceteris</strong></span> <span class='ocrx_word' id='word_1_142' title='bbox 453 2419 648 2485; x_wconf 82' lang='lat' dir='ltr'><strong>Caudium</strong></span> <span class='ocrx_word' id='word_1_143' title='bbox 677 2419 877 2500; x_wconf 89' lang='lat' dir='ltr'><strong>ducendi),</strong></span> <span class='ocrx_word' id='word_1_144' title='bbox 907 2419 1010 2499; x_wconf 86' lang='lat' dir='ltr'>XXII,</span> <span class='ocrx_word' id='word_1_145' title='bbox 1033 2423 1083 2499; x_wconf 84' lang='grc'><strong>31,</strong></span> <span class='ocrx_word' id='word_1_146' title='bbox 1108 2424 1127 2484; x_wconf 86' lang='grc'><strong>6</strong></span> <span class='ocrx_word' id='word_1_147' title='bbox 1151 2419 1317 2502; x_wconf 86' lang='lat' dir='ltr'><strong>(classis</strong></span> 
     </span>
     <span class='ocr_line' id='line_1_21' title="bbox 157 2526 1316 2611; baseline 0 -18"><span class='ocrx_word' id='word_1_148' title='bbox 157 2565 199 2574; x_wconf 92' lang='lat'>-</span> <span class='ocrx_word' id='word_1_149' title='bbox 222 2550 382 2593; x_wconf 88' lang='lat' dir='ltr'><strong>cursum</strong></span> <span class='ocrx_word' id='word_1_150' title='bbox 411 2529 560 2606; x_wconf 87' lang='lat' dir='ltr'><strong>tenuit,</strong></span> <span class='ocrx_word' id='word_1_151' title='bbox 589 2529 830 2611; x_wconf 87' lang='lat' dir='ltr'><strong>traditaque</strong></span> <span class='ocrx_word' id='word_1_152' title='bbox 858 2526 1026 2611; x_wconf 87' lang='lat' dir='ltr'><strong>Lilybaei</strong></span> <span class='ocrx_word' id='word_1_153' title='bbox 1054 2563 1097 2572; x_wconf 93' lang='lat'>-</span> <span class='ocrx_word' id='word_1_154' title='bbox 1124 2528 1316 2610; x_wconf 84' lang='lat' dir='ltr'><strong>praetori),</strong></span> 
     </span>
     <span class='ocr_line' id='line_1_22' title="bbox 157 2636 1315 2718; baseline 0 -17"><span class='ocrx_word' id='word_1_155' title='bbox 157 2636 277 2714; x_wconf 86' lang='lat' dir='ltr'>XXIII,</span> <span class='ocrx_word' id='word_1_156' title='bbox 299 2641 346 2714; x_wconf 91' lang='grc'><strong>10,</strong></span> <span class='ocrx_word' id='word_1_157' title='bbox 368 2642 382 2700; x_wconf 95' lang='grc'>1</span> <span class='ocrx_word' id='word_1_158' title='bbox 404 2636 494 2717; x_wconf 88' lang='lat' dir='ltr'><strong>(qua</strong></span> <span class='ocrx_word' id='word_1_159' title='bbox 516 2638 674 2718; x_wconf 82' lang='lat' dir='ltr'><strong>gratias</strong></span> <span class='ocrx_word' id='word_1_160' title='bbox 700 2637 845 2717; x_wconf 82' lang='lat' dir='ltr'><strong>egit—,</strong></span> <span class='ocrx_word' id='word_1_161' title='bbox 864 2642 904 2700; x_wconf 91' lang='lat' dir='ltr'><strong>et</strong></span> <span class='ocrx_word' id='word_1_162' title='bbox 920 2637 1031 2701; x_wconf 89' lang='lat' dir='ltr'><strong>inter</strong></span> <span class='ocrx_word' id='word_1_163' title='bbox 1055 2641 1196 2701; x_wconf 85' lang='lat' dir='ltr'><strong>cetera</strong></span> <span class='ocrx_word' id='word_1_164' title='bbox 1212 2657 1315 2718; x_wconf 84' lang='lat' dir='ltr'><strong>mag-</strong></span> 
     </span>
     <span class='ocr_line' id='line_1_23' title="bbox 156 2742 1316 2827; baseline 0.001 -19"><span class='ocrx_word' id='word_1_165' title='bbox 156 2744 284 2808; x_wconf 85' lang='lat' dir='ltr'><strong>nifica</strong></span> <span class='ocrx_word' id='word_1_166' title='bbox 314 2745 516 2826; x_wconf 85' lang='lat' dir='ltr'><strong>promissa</strong></span> <span class='ocrx_word' id='word_1_167' title='bbox 546 2742 781 2826; x_wconf 80' lang='lat' dir='ltr'><strong>pollicitus3</strong></span> <span class='ocrx_word' id='word_1_168' title='bbox 811 2765 873 2808; x_wconf 88' lang='lat' dir='ltr'><strong>scr.</strong></span> <span class='ocrx_word' id='word_1_169' title='bbox 892 2743 1110 2827; x_wconf 89' lang='lat' dir='ltr'><strong>pollicitus</strong></span> <span class='ocrx_word' id='word_1_170' title='bbox 1134 2744 1209 2825; x_wconf 88' lang='lat' dir='ltr'><strong>est)</strong></span> <span class='ocrx_word' id='word_1_171' title='bbox 1237 2750 1273 2809; x_wconf 89' lang='lat' dir='ltr'><strong>et</strong></span> <span class='ocrx_word' id='word_1_172' title='bbox 1297 2748 1316 2809; x_wconf 86' lang='grc'><strong>9</strong></span> 
     </span>
     <span class='ocr_line' id='line_1_24' title="bbox 157 2851 1317 2935; baseline 0.001 -19"><span class='ocrx_word' id='word_1_173' title='bbox 157 2851 429 2935; x_wconf 87' lang='lat' dir='ltr'><strong>(perducitur,</strong></span> <span class='ocrx_word' id='word_1_174' title='bbox 456 2852 746 2935; x_wconf 80' lang='lat' dir='ltr'><strong>extemploque</strong></span> <span class='ocrx_word' id='word_1_175' title='bbox 764 2852 1317 2935; x_wconf 88' lang='lat' dir='ltr'><strong>impositus—et-missns,</strong></span> 
     </span>
     <span class='ocr_line' id='line_1_25' title="bbox 157 2957 1316 3042; baseline 0.001 -18"><span class='ocrx_word' id='word_1_176' title='bbox 157 2966 233 3042; x_wconf 93' lang='lat' dir='ltr'><strong>post</strong></span> <span class='ocrx_word' id='word_1_177' title='bbox 261 2958 591 3042; x_wconf 84' lang='lat' dir='ltr'><strong>praesens),&#39;XXIV,</strong></span> <span class='ocrx_word' id='word_1_178' title='bbox 629 2964 681 3038; x_wconf 87' lang='grc'><strong>18,</strong></span> <span class='ocrx_word' id='word_1_179' title='bbox 724 2964 760 3022; x_wconf 94' lang='grc'><strong>11</strong></span> <span class='ocrx_word' id='word_1_180' title='bbox 792 2958 1032 3040; x_wconf 85' lang='lat' dir='ltr'><strong>(convenere</strong></span> <span class='ocrx_word' id='word_1_181' title='bbox 1062 2957 1110 3023; x_wconf 92' lang='lat' dir='ltr'><strong>ad</strong></span> <span class='ocrx_word' id='word_1_182' title='bbox 1138 2980 1207 3024; x_wconf 90' lang='lat' dir='ltr'><strong>eos</strong></span> <span class='ocrx_word' id='word_1_183' title='bbox 1233 2959 1316 3025; x_wconf 90' lang='lat' dir='ltr'><strong>fre·</strong></span> 
     </span>
     <span class='ocr_line' id='line_1_26' title="bbox 157 3065 1314 3149; baseline 0.002 -19"><span class='ocrx_word' id='word_1_184' title='bbox 157 3074 344 3149; x_wconf 79' lang='lat' dir='ltr'><strong>quantoe,</strong></span> <span class='ocrx_word' id='word_1_185' title='bbox 390 3068 456 3149; x_wconf 91' lang='lat' dir='ltr'><strong>qui</strong></span> <span class='ocrx_word' id='word_1_186' title='bbox 499 3066 627 3132; x_wconf 85' lang='lat' dir='ltr'><strong>hestae</strong></span> <span class='ocrx_word' id='word_1_187' title='bbox 665 3066 784 3132; x_wconf 91' lang='lat' dir='ltr'><strong>huius</strong></span> <span class='ocrx_word' id='word_1_188' title='bbox 822 3067 984 3149; x_wconf 80' lang='lat' dir='ltr'><strong>generis</strong></span> <span class='ocrx_word' id='word_1_189' title='bbox 1023 3065 1314 3146; x_wconf 83' lang='lat' dir='ltr'><strong>adsueverant,</strong></span> 
     </span>
     <span class='ocr_line' id='line_1_27' title="bbox 156 3174 1315 3258; baseline 0.001 -19"><span class='ocrx_word' id='word_1_190' title='bbox 156 3175 396 3258; x_wconf 87' lang='lat' dir='ltr'><strong>hortatique</strong></span> <span class='ocrx_word' id='word_1_191' title='bbox 415 3195 616 3253; x_wconf 89' lang='lat' dir='ltr'><strong>censores,</strong></span> <span class='ocrx_word' id='word_1_192' title='bbox 642 3181 685 3239; x_wconf 94' lang='lat' dir='ltr'><strong>ut</strong></span> <span class='ocrx_word' id='word_1_193' title='bbox 703 3175 834 3239; x_wconf 90' lang='lat' dir='ltr'><strong>omnia</strong></span> <span class='ocrx_word' id='word_1_194' title='bbox 851 3182 929 3252; x_wconf 86' lang='lat' dir='ltr'><strong>cet.;</strong></span> <span class='ocrx_word' id='word_1_195' title='bbox 953 3174 1237 3257; x_wconf 90' lang='lat' dir='ltr'><strong>Phortarique,</strong></span> <span class='ocrx_word' id='word_1_196' title='bbox 1255 3174 1315 3240; x_wconf 89' lang='lat' dir='ltr'><strong>sed</strong></span> 
     </span>
     <span class='ocr_line' id='line_1_28' title="bbox 155 3280 1316 3370; baseline 0.002 -24"><span class='ocrx_word' id='word_1_197' title='bbox 155 3282 335 3370; x_wconf 83' lang='lat' dir='ltr'><strong>infinitivus</strong></span> <span class='ocrx_word' id='word_1_198' title='bbox 359 3282 537 3348; x_wconf 88' lang='lat' dir='ltr'><strong>historicus</strong></span> <span class='ocrx_word' id='word_1_199' title='bbox 562 3303 628 3347; x_wconf 93' lang='lat' dir='ltr'><strong>nou</strong></span> <span class='ocrx_word' id='word_1_200' title='bbox 653 3283 760 3346; x_wconf 88' lang='lat' dir='ltr'><strong>miuus</strong></span> <span class='ocrx_word' id='word_1_201' title='bbox 783 3280 928 3360; x_wconf 83' lang='lat' dir='ltr'><strong>offendit,</strong></span> <span class='ocrx_word' id='word_1_202' title='bbox 961 3281 1124 3364; x_wconf 82' lang='lat' dir='ltr'><strong>longeque</strong></span> <span class='ocrx_word' id='word_1_203' title='bbox 1152 3282 1316 3348; x_wconf 87' lang='lat' dir='ltr'><strong>diversum</strong></span> 
     </span>
     <span class='ocr_line' id='line_1_29' title="bbox 156 3388 1314 3470; baseline -0.002 -15"><span class='ocrx_word' id='word_1_204' title='bbox 156 3398 220 3455; x_wconf 90' lang='lat' dir='ltr'><strong>est:</strong></span> <span class='ocrx_word' id='word_1_205' title='bbox 244 3391 320 3455; x_wconf 87' lang='lat' dir='ltr'><strong>iam</strong></span> <span class='ocrx_word' id='word_1_206' title='bbox 343 3389 543 3455; x_wconf 91' lang='lat' dir='ltr'><strong>tumultus</strong></span> <span class='ocrx_word' id='word_1_207' title='bbox 567 3390 980 3469; x_wconf 87' lang='lat' dir='ltr'><strong>erat—,sed-nemo</strong></span> <span class='ocrx_word' id='word_1_208' title='bbox 1000 3389 1107 3454; x_wconf 88' lang='lat' dir='ltr'><strong>scire</strong></span> <span class='ocrx_word' id='word_1_209' title='bbox 1127 3388 1240 3470; x_wconf 90' lang='lat' dir='ltr'>(XXV,</span> <span class='ocrx_word' id='word_1_210' title='bbox 1264 3394 1314 3470; x_wconf 92' lang='grc'><strong>10,</strong></span> 
     </span>
     <span class='ocr_line' id='line_1_30' title="bbox 160 3496 1315 3579; baseline -0.001 -18"><span class='ocrx_word' id='word_1_211' title='bbox 160 3496 206 3579; x_wconf 86' lang='grc'><strong>1);</strong></span> <span class='ocrx_word' id='word_1_212' title='bbox 227 3497 437 3562; x_wconf 88' lang='lat' dir='ltr'><strong>scribendum</strong></span> <span class='ocrx_word' id='word_1_213' title='bbox 456 3497 600 3563; x_wconf 91' lang='lat' dir='ltr'><strong>videtur:</strong></span> <span class='ocrx_word' id='word_1_214' title='bbox 628 3519 819 3563; x_wconf 90' lang='lat' dir='ltr'><strong>censores</strong></span> <span class='ocrx_word' id='word_1_215' title='bbox 837 3503 937 3575; x_wconf 92' lang='lat' dir='ltr'><strong>sunt,</strong></span> <span class='ocrx_word' id='word_1_216' title='bbox 956 3504 1069 3577; x_wconf 89' lang='lat' dir='ltr'><strong>ut—;</strong></span> <span class='ocrx_word' id='word_1_217' title='bbox 1082 3496 1178 3562; x_wconf 80' lang='lat' dir='ltr'><strong>facile</strong></span> <span class='ocrx_word' id='word_1_218' title='bbox 1195 3499 1315 3563; x_wconf 82' lang='lat' dir='ltr'><strong>intera</strong></span> 
     </span>
    </p>
   </div>
   <div class='ocr_carea' id='block_1_3' title="bbox 186 3732 1314 4232">
    <p class='ocr_par' dir='ltr' id='par_1_3' title="bbox 186 3732 1314 4232">
     <span class='ocr_line' id='line_1_31' title="bbox 186 3732 1314 3804; baseline 0.002 -16"><span class='ocrx_word' id='word_1_219' title='bbox 186 3734 211 3800; x_wconf 87' lang='lat'><strong>¹)</strong></span> <span class='ocrx_word' id='word_1_220' title='bbox 229 3732 417 3804; x_wconf 82' lang='lat' dir='ltr'><strong>[Removendi</strong></span> <span class='ocrx_word' id='word_1_221' title='bbox 439 3734 486 3789; x_wconf 91' lang='lat' dir='ltr'><strong>hic</strong></span> <span class='ocrx_word' id='word_1_222' title='bbox 511 3751 622 3802; x_wconf 77' lang='lat' dir='ltr'><strong>quoqne</strong></span> <span class='ocrx_word' id='word_1_223' title='bbox 643 3735 664 3787; x_wconf 96' lang='lat' dir='ltr'><strong>ii</strong></span> <span class='ocrx_word' id='word_1_224' title='bbox 690 3733 759 3802; x_wconf 93' lang='lat' dir='ltr'><strong>loci,</strong></span> <span class='ocrx_word' id='word_1_225' title='bbox 783 3736 814 3787; x_wconf 93' lang='lat' dir='ltr'><strong>in</strong></span> <span class='ocrx_word' id='word_1_226' title='bbox 837 3735 938 3803; x_wconf 89' lang='lat' dir='ltr'><strong>quibus</strong></span> <span class='ocrx_word' id='word_1_227' title='bbox 962 3734 1074 3789; x_wconf 76' lang='lat' dir='ltr'><strong>diversa</strong></span> <span class='ocrx_word' id='word_1_228' title='bbox 1091 3735 1219 3789; x_wconf 87' lang='lat' dir='ltr'><strong>subiecta</strong></span> <span class='ocrx_word' id='word_1_229' title='bbox 1240 3740 1314 3801; x_wconf 88' lang='lat' dir='ltr'><strong>sunt,</strong></span> 
     </span>
     <span class='ocr_line' id='line_1_32' title="bbox 224 3819 1314 3889; baseline 0 -16"><span class='ocrx_word' id='word_1_230' title='bbox 224 3819 257 3887; x_wconf 87' lang='lat' dir='ltr'><strong>V,</strong></span> <span class='ocrx_word' id='word_1_231' title='bbox 276 3822 318 3887; x_wconf 79' lang='grc'><strong>19,</strong></span> <span class='ocrx_word' id='word_1_232' title='bbox 337 3819 497 3887; x_wconf 83' lang='lat' dir='ltr'><strong>6(castra</strong></span> <span class='ocrx_word' id='word_1_233' title='bbox 515 3821 706 3888; x_wconf 82' lang='lat' dir='ltr'><strong>capiuntur,</strong></span> <span class='ocrx_word' id='word_1_234' title='bbox 726 3826 759 3874; x_wconf 93' lang='lat' dir='ltr'><strong>et</strong></span> <span class='ocrx_word' id='word_1_235' title='bbox 777 3837 816 3873; x_wconf 91' lang='lat' dir='ltr'><strong>ne</strong></span> <span class='ocrx_word' id='word_1_236' title='bbox 833 3821 979 3874; x_wconf 89' lang='lat' dir='ltr'><strong>nuntius</strong></span> <span class='ocrx_word' id='word_1_237' title='bbox 998 3820 1137 3889; x_wconf 90' lang='lat' dir='ltr'><strong>quidem</strong></span> <span class='ocrx_word' id='word_1_238' title='bbox 1155 3820 1314 3887; x_wconf 88' lang='lat' dir='ltr'><strong>relictus,</strong></span> 
     </span>
     <span class='ocr_line' id='line_1_33' title="bbox 221 3904 1314 3975; baseline 0.001 -17"><span class='ocrx_word' id='word_1_239' title='bbox 221 3905 270 3959; x_wconf 90' lang='lat' dir='ltr'><strong>ubi</strong></span> <span class='ocrx_word' id='word_1_240' title='bbox 293 3910 432 3975; x_wconf 79' lang='lat' dir='ltr'><strong>praeterea</strong></span> <span class='ocrx_word' id='word_1_241' title='bbox 453 3920 578 3974; x_wconf 78' lang='lat' dir='ltr'><strong>praesens</strong></span> <span class='ocrx_word' id='word_1_242' title='bbox 599 3910 710 3974; x_wconf 85' lang='lat' dir='ltr'><strong>ternpus</strong></span> <span class='ocrx_word' id='word_1_243' title='bbox 727 3905 887 3974; x_wconf 82' lang='lat' dir='ltr'><strong>praecedit),</strong></span> <span class='ocrx_word' id='word_1_244' title='bbox 909 3904 959 3972; x_wconf 88' lang='lat' dir='ltr'><strong>IX,</strong></span> <span class='ocrx_word' id='word_1_245' title='bbox 988 3908 1028 3971; x_wconf 72' lang='grc'><strong>10,</strong></span> <span class='ocrx_word' id='word_1_246' title='bbox 1055 3908 1080 3973; x_wconf 82' lang='grc'><strong>7,</strong></span> <span class='ocrx_word' id='word_1_247' title='bbox 1103 3905 1205 3971; x_wconf 86' lang='lat' dir='ltr'>XXIII,</span> <span class='ocrx_word' id='word_1_248' title='bbox 1236 3908 1314 3970; x_wconf 87' lang='grc'>10,9</span> 
     </span>
     <span class='ocr_line' id='line_1_34' title="bbox 223 3989 1314 4059; baseline -0.001 -14"><span class='ocrx_word' id='word_1_249' title='bbox 223 3990 438 4056; x_wconf 84' lang='lat' dir='ltr'><strong>(obvolutum</strong></span> <span class='ocrx_word' id='word_1_250' title='bbox 462 3994 567 4059; x_wconf 85' lang='lat' dir='ltr'><strong>caput</strong></span> <span class='ocrx_word' id='word_1_251' title='bbox 585 3995 648 4059; x_wconf 91' lang='lat' dir='ltr'><strong>est,</strong></span> <span class='ocrx_word' id='word_1_252' title='bbox 675 3992 842 4059; x_wconf 88' lang='lat' dir='ltr'><strong>ociusque</strong></span> <span class='ocrx_word' id='word_1_253' title='bbox 860 3991 936 4059; x_wconf 85' lang='lat' dir='ltr'><strong>rapi</strong></span> <span class='ocrx_word' id='word_1_254' title='bbox 954 4018 988 4029; x_wconf 96' lang='lat'><em>-</em></span> <span class='ocrx_word' id='word_1_255' title='bbox 1007 3991 1145 4057; x_wconf 81' lang='lat' dir='ltr'><strong>iussus),</strong></span> <span class='ocrx_word' id='word_1_256' title='bbox 1169 3989 1254 4059; x_wconf 85' lang='lat' dir='ltr'>XXV,</span> <span class='ocrx_word' id='word_1_257' title='bbox 1272 3993 1314 4057; x_wconf 71' lang='grc'><strong>30,</strong></span> 
     </span>
     <span class='ocr_line' id='line_1_35' title="bbox 225 4075 1314 4146; baseline 0.001 -18"><span class='ocrx_word' id='word_1_258' title='bbox 225 4079 271 4139; x_wconf 91' lang='grc'><strong>10,</strong></span> <span class='ocrx_word' id='word_1_259' title='bbox 296 4077 350 4132; x_wconf 89' lang='lat' dir='ltr'><strong>etsi</strong></span> <span class='ocrx_word' id='word_1_260' title='bbox 376 4077 406 4130; x_wconf 92' lang='lat' dir='ltr'><strong>in</strong></span> <span class='ocrx_word' id='word_1_261' title='bbox 433 4076 487 4130; x_wconf 88' lang='lat' dir='ltr'><strong>hoc</strong></span> <span class='ocrx_word' id='word_1_262' title='bbox 513 4076 578 4130; x_wconf 91' lang='lat' dir='ltr'><strong>loco</strong></span> <span class='ocrx_word' id='word_1_263' title='bbox 604 4077 634 4130; x_wconf 92' lang='lat' dir='ltr'><strong>in</strong></span> <span class='ocrx_word' id='word_1_264' title='bbox 657 4075 848 4146; x_wconf 82' lang='lat' dir='ltr'><strong>comparanda</strong></span> <span class='ocrx_word' id='word_1_265' title='bbox 871 4093 904 4130; x_wconf 86' lang='lat' dir='ltr'><strong>ex</strong></span> <span class='ocrx_word' id='word_1_266' title='bbox 923 4092 1004 4145; x_wconf 74' lang='lat' dir='ltr'><strong>aquo</strong></span> <span class='ocrx_word' id='word_1_267' title='bbox 1029 4076 1151 4130; x_wconf 87' lang='lat' dir='ltr'><strong>duorum</strong></span> <span class='ocrx_word' id='word_1_268' title='bbox 1168 4077 1314 4131; x_wconf 89' lang='lat' dir='ltr'><strong>hominum</strong></span> 
     </span>
     <span class='ocr_line' id='line_1_36' title="bbox 222 4160 883 4232; baseline 0.002 -17"><span class='ocrx_word' id='word_1_269' title='bbox 222 4162 334 4215; x_wconf 85' lang='lat' dir='ltr'><strong>actione</strong></span> <span class='ocrx_word' id='word_1_270' title='bbox 352 4161 533 4217; x_wconf 87' lang='lat' dir='ltr'><strong>vehementer</strong></span> <span class='ocrx_word' id='word_1_271' title='bbox 550 4160 668 4216; x_wconf 87' lang='lat' dir='ltr'><strong>offendit</strong></span> <span class='ocrx_word' id='word_1_272' title='bbox 687 4160 883 4232; x_wconf 71' lang='lat' dir='ltr'><strong>inequalitas]</strong></span> 
     </span>
    </p>
   </div>
   <div class='ocr_carea' id='block_1_4' title="bbox 0 0 1534 5272">
    <p class='ocr_par' dir='ltr' id='par_1_4' title="bbox 0 0 1534 5272">
     <span class='ocr_line' id='line_1_37' title="bbox 0 0 1534 5272; baseline 0 2"><span class='ocrx_word' id='word_1_273' title='bbox 0 0 1534 5272; x_wconf 95' lang='lat' dir='ltr'><strong> </strong></span> 
     </span>
    </p>
   </div>
  </div>
 </body>
</html>
