3060 5272
766 319 827 381 596

218 526 301 589 quas
324 505 478 569 librarius
496 503 596 569 semel
616 501 701 568 falsa
723 502 831 586 specie
850 503 1007 587 deceptus
1024 502 1157 585 scripsit
1177 508 1236 568 sut
1255 500 1375 586 negle-

217 594 335 698 genter
354 612 561 698 perturbavit
588 612 753 690 omisitvs,
786 610 883 676 nimis
915 633 1029 695 presse
1063 631 1213 695 sequens.
1257 609 1375 695 Atque

217 724 361 789 universi
382 721 515 786 habitus
544 728 578 786 et
607 721 678 785 eius
707 719 966 803 depravationis,
1001 740 1073 801 quae
1094 720 1129 783 in
1150 718 1270 784 litteris
1292 738 1375 803 por·

216 830 384 896 mutandis
406 830 545 913 aliisque
569 828 750 894 scribendis
773 829 883 911 posita
905 834 965 907 est,
989 827 1086 912 plena
1107 826 1240 909 quidem
1255 826 1373 911 imago

217 940 260 1005 ad
289 938 418 1022 singula
445 944 541 1003 caute
575 943 609 1002 et
635 937 740 1002 libers
768 936 961 1001 aestimanda
988 936 1121 1000 maioris
1154 936 1259 1019 partis
1288 954 1374 1002 con·

216 1049 311 1115 tinua
333 1042 595 1112 consideratione
623 1044 793 1110 efficienda
821 1050 884 1123 cst,
919 1043 1022 1128 [quod
1050 1062 1137 1108 nuno
1168 1043 1265 1109 facile
1293 1042 1373 1109 fiori

216 1164 346 1241 potest,
376 1154 466 1219 edita
493 1160 527 1219 et
549 1176 569 1218 a
590 1175 642 1218 me
666 1161 698 1218 et
720 1153 761 1218 ab
785 1153 919 1218 Hertuio
942 1153 1030 1217 omni
1051 1153 1220 1237 scripturae
1243 1151 1373 1218 discre-

216 1261 392 1349 pantia].¹)
424 1262 584 1345 Exempla
600 1262 726 1345 aliquot
744 1262 930 1343 graviorum
952 1267 986 1326 et
1007 1259 1267 1326 memorabilium
1284 1260 1372 1326 varii

217 1373 346 1456 generis
380 1391 527 1437 errorum
559 1368 646 1435 inira
677 1369 866 1450 subiici0;²)
901 1369 984 1434 alias
1016 1369 1210 1434 mendorum
1242 1367 1371 1436 formas

242 1624 266 1691 ¹)
285 1621 394 1693 [Itaque
413 1627 512 1679 omitto
530 1625 594 1690 iam,
613 1624 690 1693 quod
715 1624 761 1678 hic
789 1641 823 1677 ex
840 1624 887 1677 lib.
906 1624 998 1678 XLIV
1016 1644 1038 1680 c.
1060 1631 1072 1679 l
1096 1640 1253 1697 posueram,
1277 1624 1370 1678 conti·

287 1728 374 1764 nuum
392 1710 551 1780 specimen]

239 1798 267 1863 ¹)
284 1796 504 1864 Vocabulorum,
524 1797 588 1850 dum
613 1797 744 1851 librarius
770 1799 799 1850 in
817 1796 912 1850 litters
935 1814 991 1851 una
1009 1797 1133 1852 alterare
1151 1798 1300 1853 scribenda
1316 1803 1370 1855 sut

283 1883 314 1937 in
330 1882 434 1936 litteris
452 1881 656 1950 coniungendis
675 1882 801 1948 aberrat,
820 1881 921 1936 deinde
944 1883 1082 1937 obiectam
1101 1884 1224 1953 aliquam
1243 1885 1370 1955 speciem

285 1969 409 2023 oscitans
435 1967 552 2022 licenter
578 1968 713 2036 sequitur,
740 1968 809 2021 mire
836 1967 1012 2022 detortorum
1039 1970 1166 2039 exempla
1188 1969 1249 2025 haec
1267 1974 1370 2025 sunto:

282 2054 357 2123 XLI,
377 2057 420 2122 23,
443 2056 474 2107 13
500 2054 693 2121 prouinciis
712 2071 765 2123 pro
784 2061 1027 2123 provocantes,
1046 2056 1102 2109 ibd.
1127 2058 1168 2122 28,
1186 2058 1202 2109 5
1222 2054 1369 2111 Crassus

285 2158 367 2211 pars
394 2139 612 2209 (Crassipes),
630 2138 720 2206 XLII,
738 2144 779 2194 41.
802 2144 833 2193 12
858 2141 949 2194 bello
977 2142 1113 2209 quidem
1140 2142 1231 2194 iusto
1257 2159 1369 2211 sump-

284 2243 362 2281 sere
381 2227 478 2280 cuius
496 2226 535 2293 (b.
555 2243 581 2295 q.
598 2226 616 2279 i.
636 2244 707 2280 sum
724 2226 947 2296 persecutus),
966 2227 1023 2280 ibd.
1043 2230 1084 2294 60,
1103 2226 1301 2282 8militaria
1318 2244 1369 2283 sr-

284 2316 404 2378 matus,
423 2312 541 2380 (malit,
570 2330 610 2366 an
629 2311 800 2378 armatus),
827 2311 911 2377 XLV,
929 2315 972 2379 40,
991 2315 1007 2364 2
1025 2312 1254 2367 coercebatur
1271 2312 1366 2378 (cos-

283 2398 481 2464 corvatam),
495 2397 562 2450 ibid.
578 2401 620 2462 41,
635 2400 651 2450 8
670 2399 857 2466 praecarpsi
874 2397 954 2450 ludo
975 2399 1109 2466 optavit
1122 2400 1306 2466 (precarer,
1322 2396 1368 2450 il·

283 2482 341 2535 lud
368 2484 501 2551 optavi,
525 2482 582 2549 ut);
609 2499 674 2534 nam
692 2482 801 2535 minora
819 2488 884 2535 sunt
906 2483 990 2536 adeo
1009 2501 1060 2552 pro
1083 2483 1194 2537 babeo
1214 2481 1306 2550 (XLV,
1325 2485 1370 2551 89,

287 2568 336 2633 16),
364 2571 463 2620 trans
490 2584 541 2635 pro
568 2571 640 2619 tres
669 2566 734 2633 (ibd.
762 2569 805 2633 42,
836 2567 877 2632 11)
906 2569 1011 2636 scripta
1038 2574 1087 2623 aut
1114 2569 1195 2622 item
1221 2585 1273 2637 pro
1298 2568 1371 2624 iter

289 2650 400 2719 (XLIV,
419 2654 443 2718 ’7,
467 2654 483 2704 6
502 2658 530 2704 et
549 2654 589 2715 ll,
607 2650 634 2717 6)
654 2655 683 2704 ct
701 2652 808 2704 similia
845 2652 906 2705 Lib.
925 2651 1014 2721 XLII,
1034 2657 1076 2719 57,
1100 2658 1112 2707 l
1136 2672 1221 2724 quum
1241 2654 1366 2709 scriben-

284 2736 353 2789 dum
373 2742 455 2789 esset:
476 2736 710 2791 audebellum
729 2737 942 2805 ordirentur,
963 2739 1072 2793 omissis
1091 2757 1185 2793 errore
1199 2740 1301 2794 litteris
1320 2757 1368 2807 or,

286 2839 319 2886 ex
337 2822 496 2876 direntur
519 2820 647 2875 effectum
675 2821 928 2878 dirimerentur
955 2824 995 2892 (in
1019 2843 1073 2894 quo
1092 2826 1154 2879 loco
1173 2825 1371 2880 Weissenbor-

284 2909 347 2961 nius
371 2908 506 2977 deceptus
530 2908 590 2974 est).
625 2907 686 2961 Lib.
705 2907 807 2975 XLIII,
829 2913 867 2976 14,
886 2912 902 2962 2
920 2910 1051 2963 librarius
1079 2911 1190 2965 inanem
1218 2912 1368 2966 sententiae

284 2993 406 3062 speciem
425 2993 454 3046 in
472 3000 606 3061 quattuor
623 2995 729 3061 verbis,
752 2994 861 3063 reliqua
879 2997 1005 3049 oratione
1023 2997 1158 3065 neglecta,
1178 3013 1296 3066 sequeus
1313 3012 1367 3064 pro

282 3084 428 3148 propter
450 3079 711 3134 Macedonicum
730 3080 855 3133 bellum
875 3099 955 3135 cura
973 3082 1085 3150 scripsit
1103 3087 1246 3151 propter
1263 3081 1370 3136 Mace

283 3164 399 3218 douioi
425 3164 512 3218 belli
539 3183 666 3232 curam,
694 3183 716 3218 c.
747 3168 772 3232 7,
799 3170 815 3218 2
841 3168 912 3219 mira
934 3168 1145 3235 perturbatione
1169 3167 1204 3220 ad
1226 3167 1368 3237 posterius

284 3251 454 3304 vocabulum
468 3258 647 3319 praevertens,
667 3251 716 3304 sed
730 3252 830 3320 prioris
848 3252 965 3306 formam
985 3255 1197 3322 grammaticam
1211 3257 1319 3319 tenens,
1333 3270 1369 3307 ex

283 3426 561 3490 terrogarentur.
611 3422 729 3476 Casuum
770 3422 867 3475 formis
908 3441 1016 3477 summe
1051 3424 1164 3480 licentia
1199 3425 1367 3492 permutatis

285 3507 348 3573 (etsi
386 3506 485 3561 eodem
519 3510 641 3578 pertinet
676 3506 778 3572 XLIII,
811 3510 851 3573 14,
885 3508 910 3574 2)
947 3508 1021 3574 XLI,
1059 3513 1099 3575 19,
1136 3513 1152 3563 3
1187 3528 1240 3579 pro
1275 3509 1367 3563 haud

281 3610 404 3660 magno
440 3599 570 3647 conatu
605 3592 740 3660 scriptum
776 3599 820 3646 est
854 3592 942 3647 haud
972 3612 1115 3664 magnus
1153 3602 1300 3650 conatus
1336 3601 1367 3650 et

283 3677 373 3744 XLII,
393 3680 434 3745 29,
456 3682 467 3731 l
488 3677 516 3730 Ρ.
536 3677 705 3746 Licinius,
735 3676 762 3730 C.
782 3676 919 3732 Cassius
945 3698 997 3749 pro
1016 3681 1045 3734 P.
1064 3681 1219 3749 Licinio,
1240 3680 1268 3734 C.
1289 3680 1366 3735 Cas-

284 3762 352 3827 sio,
377 3779 411 3815 ns
430 3764 627 3832 gurgitibus
646 3763 733 3816 facit
754 3781 805 3832 pro
832 3766 992 3832 gurgites
1015 3767 1104 3821 facit
1121 3765 1220 3832 XLIV,
1238 3768 1262 3831 8,
1280 3768 1297 3819 6
1315 3784 1366 3820 nu-

284 3863 397 3900 merem.
430 3847 541 3916 (XLIV,
567 3852 591 3915 9,
614 3852 631 3901 7
657 3866 828 3917 procurre
853 3868 905 3919 pro
932 3853 1189 3920 procurrebant
1216 3851 1366 3905 omittendi

283 3931 394 4000 culpam
412 3933 511 3999 habet,
538 3934 573 3988 de
591 3933 726 4003 singulari
751 3935 872 4003 ‹puodam
891 3954 985 3990 errore
1009 3939 1128 4006 pessivse
1152 3937 1248 3991 lormss
1266 3942 1365 3991 notam

283 4035 323 4071 ur
346 4018 437 4072 verbis
461 4020 558 4073 activis
583 4020 761 4073 adscribendi
785 4023 875 4075 (licam
899 4022 933 4075 ad
951 4022 1034 4090 XLV,
1053 4025 1077 4088 o,
1099 4022 1150 4089 12.)
1184 4022 1283 4092 Longe
1299 4023 1362 4091 plu-

281 4105 354 4156 rima
370 4103 471 4159 borum
489 4111 517 4160 et
535 4105 636 4158 similia
662 4107 747 4161 tacite
771 4108 924 4161 emendavit
946 4107 1080 4177 Cryuaeus
1104 4126 1154 4162 nee
1178 4113 1244 4163 ante
1266 4114 1365 4164 nostra
