3060 5272
198 342 261 397 Lib.
279 340 364 397 XLV.
756 328 817 389 742

196 513 327 593 ficetur,
351 514 442 578 cuius
465 513 513 578 rei
535 512 723 577 tirocinium
745 512 963 596 intellegatur,
988 511 1199 577 scribendum
1222 517 1273 576 est
1300 508 1353 593 [ut
1457 522 1461 531 ·

199 623 377 706 Rupertius
402 621 502 686 etiam
525 617 636 702 vidit]:
666 622 701 685 si
724 621 761 684 in
784 619 819 684 L.
844 619 972 685 Paulo
995 619 1222 685 accusandi
1246 619 1353 684 tiro·

201 731 349 796 ciuium
382 748 544 812 ponere.
588 728 713 793 Deinde
743 730 775 793 in
800 729 972 812 proximis,
1004 749 1104 812 quum
1129 725 1283 793 Servilius
1312 726 1353 792 de

198 837 365 921 triumpho
398 835 494 901 Pauli
527 842 697 918 tamquam
730 842 805 901 acto
839 836 948 901 dicere
983 856 1048 901 non
1081 836 1190 920 possit
1218 842 1353 917 totaque

200 945 366 1012 sententia
388 944 429 1010 de
452 965 488 1009 re
511 943 589 1008 ficta
612 944 669 1023 sit,
698 945 884 1009 necessario
907 943 1115 1009 scribendum
1138 950 1198 1023 est,
1222 942 1353 1008 sublato

198 1074 308 1120 errore
330 1051 496 1135 frequenti
519 1051 589 1131 (cfr.
615 1052 657 1117 ad
680 1050 780 1128 XLII,
805 1056 831 1129 5,
857 1055 876 1115 8
899 1075 930 1136 p.
957 1052 1048 1133 511):
1071 1073 1184 1136 quam
1206 1051 1354 1116 trium·

199 1161 366 1247 phatum
389 1168 508 1240 esset,
532 1159 790 1243 necquidquam
809 1159 1192 1243 praetereamovendum.
1226 1158 1264 1223 In
1286 1158 1353 1223 illis

198 1277 324 1336 autem:
349 1270 551 1353 privatum
574 1289 661 1333 eum
682 1268 851 1333 visurus
874 1275 986 1334 esset
1009 1289 1109 1351 quum
1128 1267 1259 1332 deesset
1278 1287 1354 1333 con·

197 1379 337 1457 iunctio,
362 1376 547 1442 Gronovius
571 1374 671 1441 scribi
693 1376 812 1441 voluit:
848 1396 963 1458 quam
986 1375 1286 1460 triumphatum
1315 1381 1354 1440 et

200 1507 315 1570 quum
350 1486 556 1569 priuatum
591 1506 677 1549 sum
716 1485 878 1548 visurus
913 1492 1037 1563 esset,
1071 1483 1354 1550 Weissenbornius

199 1594 347 1677 scripsit:
376 1594 581 1677 privatum
604 1614 720 1676 quum
743 1593 907 1657 visurus
932 1599 1055 1672 esset3
1079 1591 1136 1656 sed
1158 1592 1356 1674 relinquitur

198 1722 296 1785 grave
318 1702 432 1765 uitium
450 1702 623 1781 orationis3
648 1722 722 1765 nam
746 1700 786 1764 de
809 1707 942 1784 postero
967 1700 1029 1780 die,
1054 1721 1152 1783 quam
1174 1700 1355 1783 triumpha·

198 1817 269 1876 tum
292 1816 395 1889 esset,
419 1808 591 1874 dicendum
615 1816 699 1873 erat:
730 1830 846 1892 quum
868 1808 1027 1874 videret
1051 1808 1130 1888 (iam
1152 1808 1248 1890 tum),
1270 1829 1354 1873 non:

199 1939 316 2001 quum
338 1919 500 1982 visurus
524 1925 639 1982 esset.
678 1917 794 2001 Itaque
817 1917 845 1983 si
868 1923 977 1981 cetera
998 1923 1088 1981 recta
1112 1923 1197 1994 sunt,
1221 1923 1357 2000 propter

200 2026 365 2109 participii
388 2032 518 2109 tempus
541 2025 723 2108 requiritur
753 2024 911 2090 eiusmodi
934 2024 1087 2103 verbum,
1118 2025 1206 2106 quod
1230 2025 1294 2090 vim
1323 2031 1356 2091 et

200 2133 350 2200 effectum
363 2135 584 2199 accusationis
602 2140 673 2198 tum
691 2134 851 2199 institutae
864 2133 1025 2217 significet
1044 2134 1085 2214 (v.
1105 2153 1132 2196 1.
1150 2134 1356 2216 privatum

199 2264 316 2325 quum
339 2242 514 2307 laesurus
538 2241 679 2323 esset);
705 2241 763 2306 sed
786 2241 867 2306 nihil
887 2241 1017 2307 definio.
1053 2241 1225 2307 Postremo
1243 2242 1277 2305 in
1301 2261 1355 2307 oo·

200 2349 270 2415 dice
294 2350 464 2415 scribitur:
489 2350 592 2414 diem
616 2349 757 2415 dicere
782 2351 947 2415 inimico
971 2370 1055 2414 cum
1078 2348 1128 2413 ad
1151 2348 1353 2432 populum,

199 2479 239 2524 ex
262 2480 326 2542 quo
350 2459 402 2522 tit:
438 2458 541 2523 diem
571 2459 729 2523 diceret
761 2458 948 2537 inimico,
977 2478 1061 2522 eum
1090 2456 1140 2521 11
1164 2456 1355 2543 populum

200 2566 467 2646 accusaret.¹)
502 2565 712 2631 Manifestum
736 2564 890 2629 mendum
911 2566 1016 2630 teneri
1039 2571 1121 2649 puto
1146 2565 1162 2648 ἐ
1186 2571 1222 2631 8:
1245 2566 1354 2631 Duas

198 2674 294 2738 mihi
319 2672 474 2756 aliquis
498 2674 716 2738 contiones
739 2694 957 2756 parumper
979 2673 1125 2752 faciat,
1149 2695 1264 2739 unam
1287 2674 1355 2738 mi-

198 2782 315 2847 litum
339 2780 708 2859 Macedonicorum,
732 2803 865 2865 puram
888 2781 1077 2861 alteram,
1112 2782 1355 2864 integrioris

198 2890 347 2955 iudicii
381 2897 419 2955 et
459 2909 479 2954 a
518 2888 658 2955 farore
693 2898 731 2954 et
764 2890 876 2967 odio,
916 2891 1107 2955 universo
1147 2890 1354 2955 iudicante

198 2996 348 3082 populo
377 2998 563 3062 Romano.
614 2997 757 3063 Ablativi
785 2997 819 3062 hi
854 2999 1045 3064 universo
1074 2999 1290 3064 iudicante
1322 3021 1353 3082 p.

168 3106 234 3171 .R.
258 3126 363 3188 neque
396 3104 479 3170 bene
512 3126 585 3171 cum
618 3106 791 3172 alteram
820 3107 1077 3189 (contionem)
1112 3108 1355 3188 coniunguntur

197 3234 302 3296 neque
336 3214 506 3279 commode
539 3216 740 3299 respondent
768 3216 928 3299 superiori
956 3215 1004 3280 illi
1038 3217 1213 3280 militum
1246 3213 1354 3293 Mac,

198 3342 380 3406 parumque
425 3329 502 3406 apte
545 3321 614 3387 haec
659 3331 871 3388 concurrunt:
922 3324 1166 3407 integrioris
1211 3322 1355 3388 iudicii

196 3465 239 3476 —
277 3429 492 3495 iudicante
537 3453 568 3514 p.
613 3431 650 3496 R.
696 3431 735 3497 In
775 3432 887 3496 codice
926 3438 991 3496 est:
1034 3433 1242 3497 universis
1274 3430 1352 3495 iud.

199 3559 225 3604 c.
260 3561 315 3623 pr.
351 3538 436 3619 (sic).
486 3538 652 3622 Apparet,
687 3541 819 3623 opinor,
856 3539 1005 3605 subesse:
1039 3541 1220 3604 universi
1250 3562 1281 3623 p.
1316 3538 1355 3602 R.

197 3644 321 3713 Ceterae
344 3646 408 3711 illas
431 3646 548 3712 littera
572 3655 684 3712 utrum
707 3669 819 3714 errore
840 3670 879 3712 ex
899 3649 1066 3732 superiore
1088 3647 1235 3713 iudicii
1257 3667 1354 3730 repe·

206 3819 430 3829 ——-—

223 3944 245 4003 ¹)
266 3944 345 4012 Quod
365 3947 488 4014 sequitur
506 3944 521 4015 ἕ
540 3948 556 3999 6
575 3946 650 4000 eius
670 3946 878 4000 obtrectare
906 3947 1025 4003 laudes
1044 3947 1175 4013 voluit,
1200 3944 1356 4000 notandum

264 4036 321 4095 est;
351 4031 416 4084 alibi
441 4032 514 4085 enim
541 4031 636 4085 Livius
665 4030 791 4085 dativum
814 4033 878 4086 huic
910 4035 995 4088 verbo
1029 4033 1171 4101 adiungit,
1200 4038 1232 4085 ut
1258 4030 1355 4086 Cicero

265 4132 389 4185 semper;
409 4135 475 4171 uam
493 4118 522 4171 in
540 4118 663 4187 Philipp.
675 4116 708 4182 Χ,
730 4119 754 4182 3,
773 4121 789 4172 6
808 4119 869 4173 cod.
881 4118 1033 4174 Vaticanus
1052 4119 1095 4184 (et
1112 4118 1209 4183 Bern.)
1228 4116 1355 4171 dativum

262 4207 368 4269 tuetur;
379 4204 569 4257 accusativum
576 4203 792 4271 Valerianos,
804 4211 864 4258 tum
873 4203 986 4260 Tacitus
998 4211 1026 4258 et
1036 4204 1095 4257 eius
1106 4202 1229 4270 aequales
1239 4203 1354 4257 habeut.
