3060 5272
223 316 286 371 Lib.
304 316 336 371 V.
771 306 832 367 142

310 488 389 574 Cap.
414 494 465 567 25,
489 494 524 553 8:
560 486 685 553 Cuius
708 487 810 570 (auri,
840 510 877 553 ex
902 510 968 571 quo
990 489 1137 574 Delphos
1159 489 1282 554 donum
1304 494 1379 557 mit-

222 598 362 680 teretur)
391 620 510 682 qnum
538 597 657 680 copia
685 616 763 663 non
786 603 913 676 esset,
947 603 1155 679 matronae,
1189 599 1378 666 coetibus

223 708 271 774 ad
307 729 390 773 eam
424 728 503 772 rem
538 703 853 770 consultandam
880 704 1051 787 habitis,
1084 708 1280 773 communi
1308 707 1378 774 de·

222 823 341 882 creto
371 814 576 900 pollicita
603 811 784 878 tribunis
812 812 989 878 militum
1018 834 1157 879 aurum
1185 822 1225 881 et
1253 819 1379 882 omnia

223 930 458 991 ornamenta
492 942 563 986 sua
596 921 635 985 in
670 921 858 985 aerarium
893 920 1142 988 detulerunt.
1196 922 1312 1007 Neque
1335 923 1378 990 ad

221 1032 428 1118 pollicitae
470 1035 565 1096 sunt
606 1035 720 1112 aptum
759 1033 811 1093 cst
850 1030 987 1094 omnia
1027 1037 1266 1096 ornamenta
1304 1053 1378 1097 sua

220 1162 327 1226 neque
362 1161 503 1205 aurum
537 1137 579 1202 ad
609 1135 863 1216 detulerunt3
896 1134 978 1201 nihil
1008 1137 1094 1202 enim
1123 1138 1198 1203 auri
1219 1146 1378 1206 matronae

221 1255 342 1333 praeter
372 1251 567 1314 ornamenta
598 1265 658 1310 sua
685 1242 870 1326 habebant;
903 1265 1009 1327 neque
1036 1246 1168 1313 omnino
1192 1247 1239 1312 sio
1261 1269 1377 1313 aurum

220 1357 371 1421 universe
411 1377 484 1420 cum
517 1352 625 1437 specie
660 1350 774 1433 aliqua
808 1351 1036 1436 (ornamentis)
1070 1354 1223 1439 coniungi
1256 1362 1376 1440 potest.

220 1464 295 1530 Hoc
317 1464 429 1529 Livius
452 1462 547 1542 dicit,
576 1466 744 1525 matronas
766 1458 933 1543 pollicitas
956 1480 1030 1526 esse
1052 1481 1180 1542 aurum,
1208 1484 1272 1546 quo
1296 1485 1379 1549 opus

220 1566 322 1640 esset.
363 1577 448 1650 tum,
486 1575 525 1634 ut
557 1568 591 1633 id
626 1588 742 1631 aurum
777 1566 989 1648 conficerent,
1024 1575 1219 1635 ornamenta
1251 1592 1312 1637 sua
1343 1573 1377 1637 in

221 1679 371 1744 aerarium
395 1676 552 1743 detulisse
575 1675 647 1757 (cfr.
667 1673 752 1738 Plut.
772 1671 897 1739 Camill.
916 1680 945 1754 8,
970 1676 1048 1742 Zon.
1065 1677 1136 1759 VII,
1159 1676 1224 1761 21).
1258 1679 1376 1763 Itaque

221 1786 402 1852 tollendum
425 1792 476 1851 est
499 1791 551 1863 et,
581 1782 731 1849 additum
754 1782 796 1847 ab
821 1783 947 1865 aliquo,
976 1785 1033 1867 qui
1056 1786 1261 1850 accusativos
1281 1785 1377 1850 iuxta

219 1895 347 1979 positos
380 1894 423 1958 ad
457 1892 545 1958 idem
574 1890 709 1956 verbum
736 1890 903 1974 pertinere
930 1892 1069 1975 putavit.
1125 1890 1229 1958 Simili
1256 1913 1375 1976 genere

218 2008 391 2087 peccatum
411 2008 506 2087 nputo
539 2000 572 2064 in
606 1997 765 2082 proximis
799 1997 908 2064 verbis
942 1997 973 2082 (ξ
1009 1999 1078 2081 10):
1111 1999 1293 2085 pondere
1326 2001 1375 2066 ab

220 2110 395 2192 singulis
435 2109 525 2174 auri
564 2111 732 2190 accepto
774 2105 1080 2192 aestimatoque,
1120 2113 1164 2173 ut
1195 2109 1376 2193 pecuniae

218 2217 494 2295 solverentur,
529 2222 734 2280 crateram
766 2233 929 2279 auream
952 2214 1045 2280 fieri
1069 2214 1235 2300 placuit.
1284 2215 1376 2282 Nihil

218 2346 302 2409 opus
333 2332 405 2390 erat
438 2324 514 2402 dici,
552 2321 682 2407 pondus
717 2320 880 2406 (aliquod)
915 2323 988 2387 auri
1020 2329 1192 2407 acceptum
1226 2344 1299 2390 esse
1333 2324 1375 2389 ab

218 2432 375 2516 singulis;
397 2432 431 2497 id
455 2431 498 2496 ad
521 2452 590 2495 rem
614 2429 810 2513 pertinebat,
833 2431 1032 2495 aestimatum
1055 2451 1128 2496 esse
1145 2431 1218 2496 auri
1235 2431 1375 2515 pondus,

217 2539 307 2621 quod
331 2562 350 2604 a
372 2537 510 2622 singulis
545 2544 717 2620 acceptum
746 2544 848 2617 esset,
882 2544 920 2603 ut
949 2539 1096 2623 pecunia
1125 2538 1263 2623 singulis
1286 2548 1376 2605 recte

217 2647 298 2712 solvi
321 2655 464 2731 possent.
523 2644 709 2730 Scripserat
731 2646 833 2728 igitur
854 2645 980 2710 Livius:
1015 2645 1197 2712 Pondere
1225 2647 1272 2712 ab
1297 2647 1374 2712 sin-

216 2753 328 2836 gulis
357 2755 446 2818 anri
478 2759 653 2835 accepto
677 2753 900 2833 aestimato,
934 2753 1066 2820 duriore
1090 2754 1191 2838 paulo
1215 2756 1373 2820 orationis

215 2862 337 2941 forma,
373 2860 645 2928 concurrentibus
676 2860 806 2926 duobus
834 2861 1033 2945 participiis,
1067 2883 1204 2946 quorum
1233 2863 1372 2928 alterum

216 2969 413 3053 (accepto)
443 2968 596 3033 adiectivi
626 2967 735 3033 locum
763 2974 869 3049 tenet,
904 2969 1045 3034 alterum
1069 2968 1291 3035 ablativorum
1313 2970 1371 3035 ab·

214 3078 395 3143 solutorum
429 3078 706 3142 constructionem
742 3077 865 3160 explet,
899 3098 966 3160 quo
999 3096 1118 3159 genere
1147 3077 1258 3143 Livius
1291 3099 1371 3143 usus

214 3193 265 3251 est
287 3186 311 3265 1,
343 3189 395 3266 46,
428 3192 443 3249 l
475 3184 585 3268 (agro
610 3190 730 3268 capto
754 3205 798 3249 ex
821 3183 1014 3251 hostibus
1036 3185 1195 3250 viritim
1218 3184 1371 3266 diviso),

212 3292 271 3371 111,
303 3297 352 3373 33,
381 3297 400 3358 9
430 3293 608 3376 (defosso
638 3291 835 3357 cadavere
865 3291 971 3357 domi
1000 3292 1106 3377 apud
1129 3291 1307 3359 Sestium
1328 3327 1372 3338 —-

127 3417 198 3486 (121)
216 3401 403 3483 invento),
431 3401 550 3481 XXIX,
582 3405 610 3480 6,
641 3404 656 3462 1
682 3397 908 3481 (militibus,
930 3400 1104 3486 praedam
1127 3422 1171 3467 ex
1193 3400 1370 3467 hostium

212 3513 326 3574 terra
355 3507 623 3574 cernentibus
646 3512 739 3573 tota
761 3507 897 3573 classe
921 3507 1081 3587 efferri,
1110 3509 1298 3574 accensis
1321 3507 1369 3573 ad

212 3615 542 3697 traiiciendum),
575 3614 730 3696 XXXIX,
766 3620 819 3695 14,
854 3615 1038 3699 2(scalis
1067 3613 1299 3682 ferentibus
1329 3615 1368 3678 in

210 3724 418 3809 publicum
470 3720 719 3802 obseratis),
760 3721 839 3801 XL,
879 3726 942 3804 40,
984 3727 1022 3788 15
1068 3722 1368 3805 (exauctoratis

211 3831 416 3913 militibus
439 3831 477 3894 in
501 3851 624 3895 naves
646 3829 915 3913 impositis).¹)
966 3830 1090 3913 (Etiam
1113 3852 1139 3896 c.
1165 3835 1215 3912 28,
1240 3833 1279 3896 10
1302 3851 1369 3896 non

239 4088 261 4154 ¹)
280 4088 368 4156 Quam
387 4089 416 4144 in
434 4106 494 4158 cap.
514 4092 560 4158 26,
584 4093 600 4144 6
624 4095 689 4144 ante
707 4090 812 4143 multos
831 4107 920 4145 annos
938 4089 1058 4146 feceram
1077 4091 1282 4157 coniecturam,
1306 4106 1367 4144 eam

279 4191 314 4227 ex
334 4173 442 4229 Hertzii
465 4174 631 4245 praefatione
653 4173 734 4229 video
758 4192 775 4228 a
796 4174 901 4231 Kornio
925 4174 1166 4244 Virtsmbergensi
1191 4181 1365 4244 occupatam.
