3060 5272
171 356 233 411 Lib.
252 354 310 408 XL.
713 343 773 402 566

169 527 255 591 enim
277 546 342 589 una
363 526 495 589 notione
519 523 861 607 comprehendendum
885 531 949 604 est,
974 523 1188 589 comissari
1211 523 1252 587 in
1276 524 1334 589 vi·

170 653 265 710 cem;
288 651 352 713 qno
376 633 564 697 constitute.
588 639 736 716 apparet,
760 631 920 697 excidisse
939 631 973 695 id
991 652 1120 711 nomen,
1142 651 1247 715 aquo
1271 650 1333 715 ge·

169 741 295 804 netirus
318 740 484 822 penderet.
531 739 715 822 Scripserat
737 748 858 807 autem.
882 741 916 803 ni
942 738 1049 818 fallor,
1073 721 1201 804 hirius:
1223 738 1331 803 Fra·

168 854 243 921 ter,
267 869 343 912 non
367 848 672 912 comissantium
694 848 734 910 in
757 848 881 910 vicem
904 847 1043 910 snlnls
1072 847 1148 911 iam
1176 845 1246 911 diu
1270 846 1332 911 vi·
1400 904 1403 909 .

168 957 294 1019 vimus
317 956 423 1019 inter
445 975 515 1018 nos
539 955 619 1023 (non
637 975 675 1018 eo
695 955 877 1019 animorum
895 954 1023 1033 habitu,
1046 975 1111 1037 quo
1129 955 1186 1037 qni
1205 955 1331 1020 comis·

171 1070 279 1127 satum
302 1063 335 1126 in
358 1063 462 1127 ricem
485 1066 593 1135 euntl;
622 1063 686 1126 nisi
710 1063 783 1142 quis
806 1069 903 1145 putat
937 1063 1083 1126 animis
1114 1068 1191 1126 ante
1219 1061 1331 1126 vivi·

81 1176 154 1243 (4011
174 1192 255 1236 mus
277 1170 405 1234 facilius
429 1170 577 1234 excidere
600 1170 744 1252 potuisse
768 1170 824 1248 (-
846 1189 938 1233 corn.
970 1171 1009 1233 in
1043 1171 1114 1233 vic.
1144 1169 1225 1233 iam
1253 1168 1328 1234 diu

168 1279 312 1343 animis
346 1278 536 1343 rivinrusl.
588 1276 750 1359 [Bauerus
791 1298 897 1340 more
937 1277 1097 1341 excidisse
1132 1276 1326 1359 suspicatus

170 1383 281 1466 est.])

256 1490 334 1574 Cap.
362 1496 410 1569 12,
435 1496 536 1554 9-1]
564 1494 610 1569 (in
634 1492 790 1556 Demetrii
822 1493 969 1556 oratione
994 1500 1109 1557 contra
1131 1490 1246 1556 Persei
1269 1510 1329 1554 ac·

170 1600 403 1667 cusationcmt:
438 1599 634 1682 Oportuit
668 1610 817 1666 autem.
853 1599 1018 1673 Persen,
1058 1600 1092 1663 si
1126 1596 1330 1681 proditor

171 1709 389 1790 egopatris
408 1707 602 1790 regnique
623 1728 736 1773 eram.
755 1729 896 1783 —,non
917 1713 1197 1790 exspectatam
1213 1704 1329 1769 iabu-

171 1814 245 1879 lam
275 1836 366 1879 esse
395 1815 529 1878 noctis
564 1815 698 1881 huius.
735 1816 805 1879 sed
836 1815 1092 1898 proditionis
1116 1833 1208 1878 mere
1231 1820 1329 1877 ante

171 1944 228 1987 me
253 1930 507 1999 accusatura
532 1923 669 2000 siilla‚
694 1925 1329 2005 000010101111110.10100001·

172 2032 282 2096 satio
306 2038 394 2094 erat
416 2066 467 2099 —.
497 2031 618 2095 hodie
642 2053 801 2113 quoque
836 2054 921 2095 eam
955 2038 1026 2095 aut
1059 2028 1329 2113 pretermitti

173 2147 240 2205 aut
283 2142 320 2203 in
363 2139 476 2203 aliud
518 2147 678 2223 tempus
712 2139 893 2205 differri.
928 2147 970 2203 ut
1003 2139 1328 2222 perspiceretur,

172 2257 306 2313 utrum
329 2269 401 2331 ego
425 2247 500 2311 tibi
525 2268 572 2310 an
596 2253 637 2311 tu
662 2246 777 2323 mihi,
803 2270 906 2311 novo
935 2248 1093 2329 quidem
1124 2253 1162 2309 et
1186 2243 1328 2325 singu·

172 2357 252 2421 lari
275 2377 424 2439 genere
448 2355 543 2421 odii.
567 2355 745 2419 insidias
770 2356 948 2425 fecisses.
996 2355 1104 2419 Nihilo
1129 2352 1250 2433 magis,
1280 2349 1330 2415 al·

173 2471 246 2528 tera
269 2465 479 2528 accusatione
503 2465 631 2527 omissa.
655 2463 800 2527 futurum
825 2473 903 2529 erat.
926 2472 963 2528 ut
987 2463 1049 2527 hoc
1072 2462 1329 2546 perspiceretur.

173 2570 310 2637 Codices
334 2573 447 2639 (etiam
470 2571 516 2647 M)
540 2593 606 2634 non
634 2573 955 2654 perspiceretur
989 2572 1126 2641 habent,
1156 2568 1215 2634 sed
1237 2588 1332 2651 per·

173 2687 433 2763 sequeretur.
470 2700 508 2741 ex
539 2699 603 2759 quo
632 2678 787 2742 facillime
818 2681 946 2745 litteras
982 2678 1166 2763 separando
1196 2684 1229 2741 et
1262 2695 1332 2739 una

174 2787 304 2873 syllaba
327 2786 398 2867 (re)
423 2786 617 2867 geminanda
641 2795 769 2851 rectum
793 2789 949 2853 efficitur:
984 2799 1026 2853 ut
1049 2809 1121 2871 per
1154 2807 1193 2849 se
1224 2802 1331 2866 qnae·

173 2906 345 2971 reret-ur,
368 2895 431 2959 hoc
454 2903 513 2959 est.
538 2897 717 2977 separatim
740 2905 772 2959 et
796 2898 864 2961 sine
882 2897 1082 2961 admixtione
1106 2892 1333 2977 suspicionum

173 3005 257 3073 nihil
280 3004 322 3069 ad
345 3003 407 3068 hoc
430 3004 673 3086 pertinentium.
720 3004 822 3069 Panlo
846 3013 923 3070 ante
952 3026 1040 3069 meze
1069 3004 1185 3068 vitiose
1207 2998 1330 3063 redun-

175 3116 264 3181 dare.
288 3112 473 3178 Gronovius
497 3112 674 3179 intellexit:
698 3113 949 3195 proditionis
974 3115 1059 3178 enim
1088 3110 1209 3194 aliquis
1232 3125 1332 3171 accu-

175 3234 282 3295 satur.
310 3245 376 3287 non
399 3242 476 3286 suae
506 3221 712 3304 proditionis.
759 3220 897 3285 Codices
925 3224 1077 3305 vulgares
1106 3218 1229 3283 habent
1256 3220 1332 3279 tan·

175 3344 259 3402 turn:
284 3330 539 3419 proditionis
562 3351 618 3393 me
637 3337 885 3407 accusatum3
909 3352 947 3393 ex
967 3330 999 3393 hi
1018 3332 1213 3394 adnotatur:
1238 3352 1334 3398 meae

202 3542 227 3607 ¹)
246 3540 309 3609 Cap.
331 3542 370 3595 11.
389 3542 405 3591 Β
424 3536 536 3604 (pater
555 3552 660 3589 senex
678 3532 807 3587 ct'l'ilio
827 3534 924 3587 solus
938 3534 1093 3597 orbatus)
1108 3534 1333 3588 nonsinecausa

243 3627 372 3681 Dukerus
391 3625 420 3678 in
439 3625 590 3676 verborum
619 3620 717 3675 ordine
739 3621 833 3685 haesit3
862 3636 952 3687 neque
975 3622 1050 3672 enim
1068 3619 1129 3672 haec
1153 3618 1229 3672 eliud
1247 3618 1333 3687 signi·

244 3712 330 3768 licant
348 3713 401 3767 nisi
420 3728 492 3767 eum.
511 3710 560 3776 qni
578 3710 653 3763 solus
674 3707 790 3760 orbatus
809 3704 931 3765 cistilio,
951 3705 1028 3758 nullo
1048 3704 1181 3758 adiuncto
1201 3703 1333 3757 orbitatis

246 3801 330 3856 socio.
349 3798 463 3859 Vereor,
483 3810 517 3846 ne
536 3793 632 3846 Livius
652 3798 760 3848 tanturn
779 3792 933 3861 scripserit:
953 3799 1052 3859 pater
1066 3806 1169 3843 senex
1182 3777 1215 3842 e't
1228 3787 1333 3855 solus,

245 3892 339 3941 cetera
357 3899 441 3952 supra
468 3880 574 3949 scripta
602 3879 637 3933 nd
664 3878 846 3932 solitudinem
870 3876 1065 3930 declarandam
1093 3891 1185 3927 errore
1212 3875 1241 3927 in
1267 3890 1335 3928 con·

245 3978 351 4026 textum
370 3969 506 4023 uenerint..
548 3964 626 4035 [§11‚
642 3963 717 4033 quod
731 3964 759 4017 in
770 3962 915 4016 codicibus
930 3962 1076 4015 scribitur:
1097 3960 1225 4022 Credis,
1244 3958 1334 4014 nihil

247 4076 263 4110 a
290 4056 419 4126 gladiis
444 4061 548 4109 nocte
566 4049 757 4121 periculum
775 4047 914 4109 luisses),
933 4048 972 4100 sic
991 4045 1180 4115 supplendum
1206 4045 1332 4098 ridetur:

251 4142 307 4207 Cr,
332 4140 418 4196 nihil
444 4159 460 4193 a
483 4138 613 4208 gladiis
641 4142 743 4189 nocte
767 4133 916 4203 periculi
946 4130 1018 4184 mill
1043 4134 1184 4184 intutum
1207 4126 1333 4183 luisse?

246 4227 344 4297 Neque
358 4228 432 4281 enim
448 4226 565 4279 Perseus
581 4223 616 4276 nd
630 4238 727 4275 cenam
741 4226 855 4273 venerat
871 4218 1061 4287 periculnmve
1080 4217 1212 4271 subierat.
1248 4209 1333 4281 1865]
