3060 5272
324 1648 762 1736 mmuonnonuu
793 1578 1186 1797 numediani„

615 1815 845 1873 emersum

278 1956 341 2018 mu
368 1955 503 2019 macru
529 1955 616 2018 riou
643 1957 780 2019 ruscius
808 1956 1004 2019 irrruuuu
1033 1952 1183 2022 corruite.

629 2227 833 2291 tuouuarba.

151 2359 271 2476 Quum
298 2398 334 2464 Τ.
357 2399 439 2465 Livii
473 2399 578 2465 libros
610 2399 685 2464 inde
718 2400 760 2465 ab
792 2398 1029 2481 adolescentia,
1061 2405 1099 2466 ut
1133 2421 1192 2484 par
1225 2406 1297 2466 erat
1314 2405 1356 2474 (1)

153 2508 318 2574 hominem
352 2508 462 2574 facere
495 2508 528 2573 in
557 2507 655 2574 rebus
683 2509 905 2593 institutisque
934 2509 1155 2574 Romanorum
1182 2529 1301 2592 cogno·

156 2616 285 2683 scandis
313 2616 579 2700 explicandisque
607 2621 640 2681 et
666 2617 700 2681 in
728 2617 887 2682 sermonis
910 2616 1019 2681 Latini
1040 2616 1166 2699 legibus
1189 2618 1301 2700 exqui-

155 2724 265 2792 rendis
287 2723 558 2808 declarandisque
581 2730 791 2810 occupatum,
822 2724 968 2791 studiose
990 2724 1206 2805 lectitassem,
1235 2746 1301 2790 non

156 2853 289 2918 paucos,
317 2839 355 2898 ut
376 2832 422 2912 fit,
451 2832 588 2898 subinde
610 2832 701 2898 locos
723 2832 965 2912 adnotaveram,
992 2833 1026 2897 in
1048 2832 1167 2917 quibus
1189 2833 1302 2899 melio·

154 2962 234 3022 rem,
255 2961 354 3024 quam
377 2961 450 3025 quae
467 2941 500 3004 in
519 2940 615 3005 editis
634 2939 790 3025 exemplis
809 2939 1081 3021 circumferretur,
1104 2940 1301 3024 scripturam

152 3055 214 3114 aut
241 3070 258 3114 e
288 3048 457 3114 codicibus
486 3049 571 3114 sumi
597 3070 694 3132 posse
723 3056 780 3114 aut
809 3048 948 3114 aliorum
975 3054 1034 3114 aut
1061 3048 1201 3130 denique
1227 3070 1302 3116 mea

153 3159 345 3223 coniectura
379 3163 541 3240 repertam
576 3178 647 3222 esse
680 3156 878 3221 iudicabam.
941 3157 1034 3222 Anno
1070 3163 1180 3223 autem
1218 3161 1299 3223 1835

155 3273 260 3330 totum
289 3287 371 3349 opus
399 3265 600 3349 pertractavi
627 3264 901 3349 perlustratisque
928 3265 1133 3348 superiorum
1155 3264 1300 3330 Draken-

156 3372 347 3457 borchiique
374 3381 408 3438 et
435 3374 462 3438 si
490 3394 561 3457 quae
588 3378 665 3457 post
686 3394 758 3438 eum
780 3378 987 3439 accesserant
1019 3374 1121 3457 copiis
1143 3374 1300 3440 orationis

155 3480 294 3547 formam
328 3483 517 3563 recognovi,
551 3482 645 3546 cuius
673 3481 905 3563 recognitionis
935 3481 1029 3547 etin
1057 3482 1299 3548 commentariis

157 3590 237 3653 meis
265 3588 487 3654 Ciceronianis
520 3588 562 3654 ad
591 3589 693 3654 libros
722 3589 762 3654 de
790 3588 909 3654 finibus
939 3597 973 3654 et
999 3590 1032 3654 in
1060 3588 1194 3669 libellis,
1217 3610 1299 3673 quos

158 3704 235 3779 post
266 3695 348 3761 illud
383 3704 512 3781 tempus
547 3698 687 3781 scriptos
720 3696 859 3763 alterum
893 3696 1125 3781 opusculorum
1153 3718 1300 3762 meorum

160 3802 416 3871 academicorum
454 3803 603 3870 volumen
636 3807 796 3884 continet,
842 3805 923 3869 satis
963 3804 1067 3868 multa
1104 3804 1299 3868 documenta

156 3917 300 3976 exstant.
348 3912 475 3978 Deinde
498 3934 599 3997 quum
622 3912 664 3976 ad
687 3910 768 3976 alias
791 3911 972 3976 studiorum
995 3916 1106 3993 partes
1128 3910 1299 3975 traductus

157 4040 275 4098 essem,
302 4041 362 4104 per
382 4028 449 4086 tres
473 4022 572 4087 etiam
595 4040 707 4099 annos,
734 4040 816 4103 quos
837 4019 871 4083 in
892 4018 988 4102 longe
1010 4015 1074 4082 alio
1096 4017 1300 4100 negotiorum

156 4147 275 4208 genere
298 4129 359 4210 egi,
382 4150 509 4194 omnem
532 4149 666 4212 operam
688 4127 918 4212 philologicam
934 4125 1189 4204 intermisissem,
1211 4130 1299 4209 post-

153 4254 257 4316 ·qusm
280 4256 309 4301 a
335 4240 415 4301 1852
444 4238 518 4302 vitae
547 4235 742 4301 academicae
772 4243 806 4301 et
831 4234 1016 4320 philologiae
1042 4233 1190 4299 redditus
1218 4253 1297 4315 snm,

157 4342 297 4425 primum
318 4364 419 4428 prope
442 4364 537 4422 casu,
564 4342 759 4408 academicae
786 4345 972 4427 scriptionis
994 4341 1192 4408 necessitate
1212 4341 1298 4407 inter

158 4451 241 4516 alias
271 4453 500 4538 occupationes
523 4452 650 4531 oblata,
680 4451 805 4516 Livium
828 4452 938 4536 attigi3
966 4449 1065 4535 paulo
1093 4453 1202 4515 autem
1223 4457 1297 4534 post

155 4559 201 4639 (a.
228 4562 309 4624 1853
338 4566 372 4625 et
396 4560 506 4641 1854),
536 4559 578 4625 ab
608 4558 736 4625 homine
763 4560 884 4639 amico,
912 4556 1126 4642 lngerslevio,
1153 4563 1297 4642 rogatus,

157 4674 203 4746 ut,
227 4668 255 4733 si
278 4668 357 4752 quid
381 4667 424 4733 ad
443 4667 525 4732 Livii
546 4665 647 4733 libros
669 4674 736 4733 tres
754 4668 878 4753 primos
895 4674 928 4732 et
944 4665 1131 4732 vicesimum
1147 4668 1296 4751 primum,

1055 4786 1069 4839 1
