3008 4756
693 302 755 365 689
1120 316 1181 372 Lib.
1200 315 1296 370 XLIV.

145 488 259 572 segnia
282 488 361 555 belli
384 487 627 553 administratio
650 488 833 572 exspectari
855 494 976 572 posset.
1015 487 1059 553 Et
1080 510 1121 554 ex
1142 490 1295 555 universo
1336 492 1339 505 '

147 595 272 663 AEmilii
293 597 423 680 ingenio
445 604 480 662 et
502 616 549 661 ex
577 597 776 678 cogitatione
809 597 879 683 eius
911 597 945 660 in
978 579 1071 661 belli
1088 595 1296 663 Macedonici

143 725 261 772 curam
282 705 409 790 pridem
432 725 591 771 convorsa
613 705 805 770 coniectura
826 702 973 785 fiebat.¹)

233 811 312 897 (lap.
335 815 386 893 22,
409 816 428 877 2
451 812 500 894 (in
522 814 673 879 contione
695 812 730 878 L.
754 811 892 891 AEmilii,
921 819 1101 897 antequam
1128 814 1162 878 in
1184 812 1293 878 Mace·

145 919 279 987 doniam
300 921 372 1000 iret,
396 920 538 1004 habita):
561 919 908 986 Animadvertisse
931 918 1084 1000 videor,
1102 920 1293 1000 Quirites,

145 1030 335 1094 maiorem
356 1028 452 1093 mihi
474 1029 623 1094 sortito
645 1028 923 1094 Macedoniam
939 1029 1189 1113 provinciam
1209 1050 1293 1114 gra-

146 1137 395 1203 tulationem
415 1136 580 1216 factam,
614 1157 730 1221 quam
758 1157 876 1220 quum
898 1143 968 1202 aut
996 1138 1139 1203 consul
1167 1159 1293 1204 essem

142 1244 435 1313 consalutatus
469 1251 539 1310 aut
578 1265 655 1328 quo
694 1244 758 1309 die
795 1245 1291 1327 magistratum‘inisse'm.

144 1353 258 1437 Neque
288 1352 643 1437 plusquamperfectum
671 1373 776 1435 noque
800 1353 1023 1420 coniunctivae
1052 1355 1212 1419 rationem
1235 1353 1291 1419 ha·
1349 1421 1352 1426 ,

145 1461 218 1541 bet3
246 1481 322 1526 nam
345 1468 472 1527 certum
493 1470 624 1544 tempus
647 1463 696 1527 rei
717 1460 812 1526 factae
834 1460 1015 1539 indicatur,
1050 1467 1084 1526 et
1112 1460 1290 1543 gratulatio

145 1568 185 1635 fit
203 1576 294 1649 tum,
327 1590 428 1652 quum
455 1569 528 1652 quis
557 1568 670 1633 consul
698 1569 926 1634 consalutatus
952 1579 986 1635 et
1008 1591 1072 1655 quo
1095 1569 1147 1635 die
1170 1569 1288 1654 aliquis
1308 1582 1377 1650 (5⁷1)

142 1677 376 1761 magistratum
399 1678 469 1742 init.
515 1674 628 1741 (lodan
648 1675 764 1742 habet:
789 1697 904 1760 quam
927 1699 1011 1743 cum
1033 1684 1102 1743 aut
1125 1677 1293 1760 conpul-

144 1803 211 1851 sus
234 1764 488 1864 consnlatus,
511 1786 546 1849 in
569 1805 632 1867 quo
656 1786 830 1869 perspicue
853 1786 1073 1869 significatur:
1108 1807 1193 1850 cum
1223 1790 1293 1850 aut

138 1893 291 1959 consul
313 1912 389 1955 su
412 1892 725 1972 consalutatus;
754 1894 865 1975 itaque
890 1896 988 1959 etiam
1010 1895 1291 1977 magistratum

142 2001 218 2067 inii
252 2000 460 2067 scribendum
494 2008 561 2080 est;
595 2002 656 2065 etsi
684 2001 800 2065 mirum
824 2010 873 2066 est
900 2002 939 2079 ¹id
962 2004 995 2066 in
1018 2003 1199 2068 inissent
1229 2000 1291 2080 (sic

133 2110 230 2191 cod.)
253 2111 373 2175 mutari
396 2109 552 2192 potuisse.
599 2107 777 2190 [Originem
805 2109 913 2173 mendi
943 2112 1070 2193 aperiet
1100 2109 1162 2174 hac
1189 2110 1290 2191 scrip·

142 2224 235 2284 tura:
259 2217 423 2295 factam,
452 2237 565 2300 quam
594 2237 713 2299 quum
735 2217 883 2296 -inii,
907 2239 1004 2283 esse.
1042 2216 1147 2300 leta]
1182 2218 1288 2298 (Quod

169 2472 194 2537 ¹)
217 2469 308 2540 [Quod
325 2471 456 2527 Hertaius
476 2472 562 2526 alias
582 2473 637 2524 vir
654 2471 756 2541 posuit,
774 2472 865 2526 voluit
882 2474 941 2528 sine
960 2474 1045 2528 dubio
1069 2473 1224 2543 alioquin
1250 2473 1291 2526 in·

211 2557 320 2626 tellegi;
348 2557 398 2611 sed
414 2558 455 2610 its
472 2557 559 2611 alios
576 2574 667 2625 neque
685 2556 759 2626 apud
776 2557 886 2613 Livium
904 2576 993 2629 neque
1010 2560 1063 2614 hac
1081 2564 1165 2615 aetoto
1184 2559 1290 2615 dictum

211 2642 364 2712 reperitur3
393 2659 444 2697 nec
462 2643 502 2697 ita
519 2643 637 2697 Paulum
654 2641 749 2696 Livius
766 2642 906 2712 laudavit,
931 2649 963 2699 ut
979 2647 1138 2715 superiores
1162 2645 1290 2701 consules

212 2727 289 2781 viros
307 2726 391 2782 fuisse
409 2733 533 2799 negaret
568 2727 678 2781 Kochio
707 2728 812 2797 agilis
831 2728 949 2799 placuit,
978 2748 1061 2799 quam
1082 2733 1214 2787 virtutem
1231 2731 1288 2786 Ro·

215 2831 313 2867 manns
332 2814 534 2883 imperatorin
552 2831 582 2867 se
600 2813 709 2867 laudari
727 2814 844 2868 miratus
863 2820 948 2881 esset,
971 2834 1060 2885 neque
1079 2819 1152 2872 enim
1170 2834 1291 2888 gnavum

213 2905 243 2953 et
259 2897 363 2953 fortem
379 2898 546 2953 industriam
564 2899 593 2951 id
611 2898 778 2953 vocabulum
802 2898 947 2968 significat.
985 2901 1135 2970 Seyffertus
1159 2921 1194 2957 ex
1211 2903 1289 2957 aliis

211 2982 279 3038 facit
294 2984 479 3054 probatos,
498 3000 555 3036 non
574 2999 640 3037 sane
658 2984 814 3038 litterarum
832 2984 1041 3041 similitudinem
1055 2993 1172 3042 sectans.
1200 2988 1289 3055 Quan-
1382 3038 1386 3049 ,

210 3074 271 3123 tum
288 3068 466 3140 praestitisset
482 3068 553 3121 bene
571 3069 684 3122 invento
703 3069 751 3121 uti.
782 3067 798 3137 ἕ
816 3071 832 3122 3
850 3085 965 3136 prorsus
983 3088 1073 3138 neque
1092 3073 1166 3141 apud
1179 3073 1289 3126 Livium

207 3172 298 3223 neque
329 3154 405 3224 apud
430 3171 596 3222 quemquam
624 3158 688 3206 snte
705 3152 832 3207 Tacitum
856 3154 1022 3224 scriptorem
1045 3154 1111 3209 ferri
1128 3162 1222 3225 potest
1245 3159 1287 3223 (ac

210 3241 257 3293 rix
274 3239 350 3309 spud
368 3256 536 3308 quemquam
553 3243 658 3307 prseter
683 3239 775 3308 ipsum
794 3238 936 3309 Tacitum,
963 3242 1015 3296 nisi
1040 3241 1117 3311 quod
1138 3242 1172 3295 de
1196 3242 1286 3296 Plinio

207 3324 316 3378 Maiore
335 3342 393 3379 non
412 3323 529 3390 affirmo)
547 3324 705 3392 hascverbi
721 3325 897 3393 substantivi,
916 3327 1093 3381 coniunctivo
1108 3327 1203 3395 modo,
1223 3344 1287 3380 cum

207 3408 264 3462 alio
291 3410 377 3464 verbo
394 3410 534 3479 particula
561 3415 593 3464 et
619 3408 742 3479 copulati
761 3409 884 3464 omissio:
913 3428 955 3466 an
981 3439 1015 3449 -
1038 3413 1204 3482 angustius
1232 3429 1287 3465 ex·

212 3499 388 3563 superatne
415 3501 448 3548 et
473 3497 506 3549 in
525 3513 615 3564 aequa
641 3495 717 3549 loca
742 3496 994 3564 pervenissent.
1037 3498 1150 3553 Tacitus
1174 3498 1287 3567 quidem

207 3579 280 3634 hanc
298 3580 432 3633 duritiam
449 3581 573 3635 studiose
596 3585 726 3648 sectatur,
746 3587 776 3633 ut
793 3580 861 3634 Hist.
879 3581 953 3635 libro
972 3581 1019 3651 IV,
1039 3584 1086 3652 qui
1104 3601 1178 3638 nunc
1196 3585 1287 3652 ipsum

211 3665 241 3718 in
258 3665 389 3719 manibus
412 3672 462 3733 est,
488 3684 512 3720 c.
533 3670 577 3721 13:
604 3666 632 3719 si
649 3667 928 3735 redintegratum
956 3668 1085 3723 bellum
1104 3675 1137 3723 st
1154 3675 1207 3722 tot
1230 3686 1285 3723 ar·

212 3755 382 3804 matorum
409 3751 519 3805 millia
545 3780 578 3790 -
604 3751 742 3805 Italiam
770 3753 989 3822 irrupissent,
1014 3756 1287 3821 c.18med.,c.34

208 3841 275 3890 ante
303 3836 375 3889 med
410 3836 512 3905 Itaque
544 3837 758 3905 restituendum,
787 3837 863 3906 quod
889 3839 1007 3906 excidit,
1037 3845 1162 3893 essent.
1203 3836 1286 3906 lact]

208 3919 459 3991 §dscrib'endum
477 3922 603 3976 videtur:
632 3923 688 3976 Bis
715 3923 747 3977 in
770 3924 866 3977 exitu
893 3924 970 3977 anni
998 3925 1069 3978 eius
1097 3925 1288 3993 lapidatum

204 4022 286 4062 esse
305 4007 502 4061 nuntiatum
530 4014 595 4074 ost,
616 3998 815 4075 semellcod.
833 4009 1026 4062 nuntiatum
1045 4013 1129 4071 esse)
1157 4011 1191 4064 in
1218 4009 1283 4064 Ro·

207 4109 306 4147 mano
326 4110 423 4163 agro,
452 4091 556 4146 semel
575 4093 607 4145 in
629 4091 781 4161 Vcieuti;
810 4094 860 4148 bis
887 4095 957 4161 (cod.
983 4095 1083 4149 simul
1109 4097 1142 4150 in
1169 4097 1286 4150 beien-

207 4178 318 4246 tibus)
337 4177 548 4232 novendiale
567 4194 701 4231 sacrum
720 4176 849 4232 factum
868 4183 926 4233 est.

1023 4288 1057 4340 44
