3060 5272
240 286 302 340 Lib.
321 284 395 338 XXI.
786 271 849 333 268

241 454 513 534 titubassent,
545 454 700 520 harere
729 452 897 519 adflicti
918 455 1095 539 vestigio
1119 475 1208 536 suo,
1240 455 1407 542 aliique

242 585 364 648 super
405 563 512 629 alios
552 568 591 628 et
628 561 808 627 iumenta
845 563 885 627 in
916 562 1106 629 homines
1141 563 1405 645 occiderent3

240 678 396 755 recteque
419 668 707 735 Weissenbornius
729 669 769 733 in
791 668 975 736 homines
996 671 1154 751 restituit,
1177 692 1281 756 quum
1302 671 1405 756 vulgo

241 779 396 845 ederetur
418 784 458 843 et
479 779 663 842 iumenta
685 782 726 842 et
747 776 944 857 homines,
978 798 1084 861 neque
1107 778 1195 843 enim
1215 778 1302 845 illud
1324 779 1406 846 alii

242 908 366 970 super
399 885 507 951 alios
536 884 604 950 ullo
634 885 731 949 modo
759 885 945 950 iumenta
972 884 1249 968 comprehendere
1275 893 1406 971 potest,

156 1007 226 1073 (218)
245 994 303 1059 sed
326 995 468 1079 primum
490 991 639 1057 homines
662 990 720 1055 alii
743 1013 843 1074 super
864 992 957 1072 alios,
985 992 1104 1059 deinde
1127 994 1228 1059 etiam
1250 995 1405 1061 iumenta

241 1103 275 1166 in
308 1101 458 1166 homines
492 1098 648 1164 incidisse
682 1098 848 1164 dicuntur.
904 1098 969 1165 Sed
997 1099 1088 1183 quod
1110 1100 1437 1188 Weissenbornius‚

243 1209 433 1274 occidere
461 1209 501 1272 in
529 1206 706 1289 aliquem
735 1206 806 1271 vult
833 1228 905 1272 esse
928 1207 1126 1288 incidere,
1161 1209 1264 1274 ceteri
1286 1214 1404 1303 antem

242 1317 431 1381 occidere
453 1336 514 1399 pro
537 1315 793 1398 praecipitari
810 1316 986 1398 accipiunt,
1008 1336 1146 1399 prorsus
1162 1315 1404 1383 incredibiliter

241 1424 342 1489 verbo
360 1425 404 1487 in
432 1422 499 1487 alia
525 1443 561 1486 re
590 1422 631 1485 de
654 1420 770 1489 eodem
792 1422 1014 1488 subiectorum
1038 1443 1157 1505 genere
1179 1423 1402 1491 usitatissimo

243 1531 427 1597 inauditam
455 1529 628 1610 adfingunt
656 1528 941 1611 significationem.
985 1530 1098 1595 Livius
1128 1531 1327 1614 scripserat:
1363 1537 1405 1597 et

242 1641 423 1702 iumenta
456 1638 495 1700 in
529 1636 709 1700 homines
744 1637 1012 1702 succiderent
1039 1637 1115 1719 (auf
1141 1638 1194 1703 die
1217 1638 1403 1706 Menscben

242 1742 572 1824 herunterstiirzten),
622 1742 750 1808 Littera
777 1764 792 1805 s
822 1745 923 1810 semel
938 1747 1092 1830 -scripta,
1127 1766 1167 1810 ex
1194 1745 1403 1813 homines·

243 1852 483 1916 occiderent
522 1857 632 1916 ortum
666 1858 718 1916 est
752 1851 989 1919 occiderent
1023 1874 1159 1936 prorsus
1194 1853 1311 1920 eodem
1349 1875 1403 1919 er·

242 1981 327 2038 rore,
356 1981 422 2043 quo
451 1958 556 2037 XXII,
588 1962 636 2037 12,
661 1963 680 2021 7
703 1980 744 2023 ex
773 1961 961 2025 occultus
990 1959 1255 2026 subsistebat
1276 1960 1403 2029 factum

243 2075 309 2132 est:
350 2066 541 2132 occultus
581 2065 817 2132 obsistebat
856 2075 891 2132 et
922 2067 1075 2147 XXXIV,
1115 2072 1171 2148 29,
1213 2072 1403 2135 tmurus

244 2174 498 2240 obruebatur
526 2194 565 2238 ex
594 2196 730 2240 murus
753 2175 1030 2241 subruebatur
1053 2174 1102 2258 [et
1123 2174 1214 2259 apud
1234 2175 1402 2241 Iustinum

243 2283 319 2362 VH,
349 2287 383 2362 3,
413 2287 448 2345 6:
482 2282 522 2346 in
551 2303 723 2365 quarum
745 2282 877 2347 locum
899 2284 1065 2347 iuvenes
1090 2284 1280 2367 opponit,
1308 2283 1403 2367 quod

243 2412 348 2475 nuper
376 2396 565 2454 revocatum
588 2396 652 2467 est,
687 2411 727 2452 ex
760 2390 931 2455 iuvenes
961 2387 1183 2473 supponit].
1229 2388 1296 2456 Sed
1315 2412 1402 2474 prae·

243 2506 336 2562 terea
364 2496 619 2575 restituendum,
653 2495 742 2579 quod
769 2496 1041 2562 Drakenborchio
1069 2499 1104 2562 in
1132 2505 1275 2564 mentem
1300 2500 1402 2579 venit,

243 2604 383 2669 adfixi.
446 2602 509 2679 Qui
543 2602 592 2667 vel
626 2603 796 2686 paululum
830 2604 1047 2683 titubassent,
1088 2606 1199 2671 Liuius
1231 2612 1332 2689 negat
1364 2607 1400 2671 in

242 2710 374 2776 lubrica
413 2710 517 2791 glacie
554 2708 664 2774 facere
698 2713 861 2794 potuisse,
901 2713 990 2796 quod
1025 2713 1189 2796 alioquin,
1229 2714 1285 2797 qui
1317 2713 1401 2779 titu-

243 2818 363 2895 barint,
391 2816 500 2880 facere
530 2817 667 2896 soleant,
696 2825 734 2882 ut
756 2821 896 2902 vestigio
919 2820 1059 2884 firmiter
1081 2841 1195 2905 presso
1218 2821 1316 2903 quasi
1336 2820 1397 2887 ad·

242 2925 299 2989 fixi
321 2925 478 3003 haereant,
501 2946 542 2989 ne
565 2947 704 3008 prorsus
728 2927 859 2991 cadant.
910 2927 993 2992 Mire
1014 2927 1126 2993 Livius
1149 2950 1217 3007 eos,
1239 2929 1296 3013 qui
1318 2928 1399 2993 titu-

242 3034 387 3112 bassent,
409 3040 545 3115 negaret
567 3032 720 3099 adflictos
743 3034 786 3099 ad
808 3042 933 3099 terram
951 3037 1057 3100 iacere
1074 3038 1238 3120 potuisse;
1261 3036 1295 3101 id
1312 3037 1400 3103 enim

242 3144 359 3226 ipsum,
381 3163 422 3206 ne
445 3140 689 3223 adfligerentur,
712 3142 814 3206 vitare
837 3142 1088 3224 conabantur.¹)

328 3248 407 3333 Cap.
432 3254 481 3328 37,
507 3254 540 3314 5:
575 3249 786 3315 Interiora
808 3249 970 3333 (Alpium)
992 3251 1124 3317 valles
1147 3252 1420 3335 apricosque.

242 3358 436 3441 quosdam
470 3356 599 3422 colles
633 3357 789 3422 habent
822 3359 1014 3441 rivosque
1047 3379 1173 3442 prope
1204 3357 1331 3424 silvas
1358 3366 1400 3424 et

240 3467 318 3530 iam
346 3464 518 3530 humano
549 3463 665 3529 cultu
695 3464 885 3546 digniora
906 3466 1008 3532 loca.
1059 3464 1270 3531 Probabilius
1292 3465 1399 3531 Weis-

242 3573 439 3638 senbornius
462 3572 614 3656 copulam
637 3571 768 3638 addidit
789 3572 1065 3658 (apricosque)
1088 3595 1187 3657 quam
1209 3575 1400 3658 superiores

270 3843 292 3909 ¹)
312 3842 376 3911 Cap.
400 3844 447 3907 311,
471 3844 488 3894 7
511 3842 587 3910 quod
613 3842 857 3897 Weissenbornius
881 3862 898 3897 a
921 3844 1045 3914 Sauppio
1068 3847 1188 3914 sumpsit
1211 3846 1278 3912 via,
1301 3845 1397 3914 expel-

309 3927 423 3981 lendum
446 3932 501 3992 est;
524 3946 582 3981 non
605 3929 700 3997 agitur
722 3928 758 3983 de
781 3930 827 3982 via
849 3930 957 3984 lubrica
979 3931 1071 4000 glacie
1093 3931 1181 3997 (nulla
1205 3932 1280 3986 enim
1298 3931 1329 3985 in
1346 3931 1397 3985 Al·

308 4013 385 4081 pium
408 4013 599 4067 cacuminibus
622 4019 651 4067 et
672 4013 746 4082 iugis
770 4014 817 4068 via
839 4014 925 4083 erat),
952 4015 1001 4070 sed
1024 4016 1059 4071 de
1081 4016 1142 4086 ipsa
1164 4016 1254 4085 glacie
1279 4016 1397 4071 lubrica

308 4098 426 4152 Litterae
445 4103 503 4151 uta
520 4104 591 4152 ortae
609 4098 741 4153 videntur
758 4118 793 4153 111
811 4101 910 4156 vicinis
929 4102 1014 4169 (erat
1031 4102 1190 4169 lubrica).
