3060 5272
717 837 758 897 77
1199 848 1261 906 Lib.
1279 849 1314 904 11.

151 1027 249 1086 sunt:
273 1026 345 1086 aut
366 1042 453 1086 mox
475 1024 657 1086 moturos
680 1020 911 1105 apparebat
934 1019 1109 1087 Sabinos
1127 1029 1187 1087 oet.
1221 1021 1316 1100 Quod

153 1129 190 1192 in
209 1128 321 1212 priore
338 1135 433 1213 parte
450 1129 621 1194 sententioe
637 1127 749 1194 bella
766 1129 966 1195 nominativo
984 1150 1064 1195 casu
1075 1130 1317 1212 intelleguntur,

154 1236 190 1300 in
224 1235 332 1302 altera
364 1237 568 1316 accusativo,
607 1257 695 1321 soepe
728 1236 812 1317 dixi,
847 1237 881 1302 id
915 1237 1091 1303 discrimen
1124 1239 1158 1302 in
1190 1240 1316 1304 neutris

156 1351 295 1425 veteres,
317 1345 375 1411 ubi
397 1346 583 1429 prasertim
604 1345 781 1429 perspicue
804 1345 962 1410 distincta
986 1347 1147 1412 orationis
1169 1345 1317 1412 membra

155 1458 280 1532 essent,
308 1435 675 1537 perobscure'sensisse
697 1473 880 1533 curassere,
910 1453 1000 1537 quod
1023 1454 1165 1518 maxime
1187 1455 1221 1518 in
1244 1463 1317 1519 sen·

153 1561 270 1626 tentiis
303 1560 451 1627 relativis
485 1560 723 1627 bimembribus
757 1559 905 1643 intellegi
938 1567 1050 1644 potest
1079 1561 1203 1645 (quod
1232 1569 1270 1627 et
1298 1585 1318 1628 a

155 1664 307 1736 Crasso
347 1675 506 1734 tactum
547 1676 612 1735 est
651 1676 691 1735 et
723 1668 975 1735 Aristoteles
1014 1669 1236 1750 adiunxit),
1277 1670 1317 1736 de

156 1776 280 1861 quibus
303 1779 443 1862 exposui
466 1777 509 1842 ad
532 1773 600 1842 cic.
623 1776 695 1842 Fin.
718 1800 750 1861 p.
775 1780 847 1842 650.

245 1884 343 1970 *Cap
367 1890 419 1965 49,
442 1892 477 1950 4:
510 1885 586 1952 Sex
615 1892 655 1951 et
681 1886 862 1950 trecenti
885 1885 1059 1964 milites,
1091 1907 1226 1950 omnes
1250 1909 1318 1970 pa·

158 1993 296 2074 tricii,
331 2014 468 2060 omnes
495 1995 619 2059 unius
647 1994 799 2076 gentis,
833 2013 1000 2076 quorum
1028 1995 1224 2058 neminem
1255 1994 1319 2059 du-

158 2122 247 2167 cem
287 2108 502 2186 sperneret
542 2101 730 2184 egregius
765 2100 1026 2185 quibuslibet
1060 2102 1318 2186 temporibus

160 2216 346 2288 senatus,
373 2209 506 2288 ibant,
535 2209 652 2274 unius
679 2207 848 2274 familiae
877 2208 1035 2274 viribus
1059 2209 1220 2274 Veienti
1249 2235 1320 2294 po-

159 2317 256 2402 pulo
273 2323 430 2402 pestem
448 2317 698 2382 minitantes.
729 2315 870 2382 Senatus
887 2337 952 2382 non
965 2317 1080 2382 ducem
1092 2316 1202 2396 habet,
1215 2320 1279 2384 nisi
1292 2321 1319 2383 si

159 2424 293 2510 quaudo
315 2427 352 2490 in
373 2431 465 2490 certa
487 2423 656 2508 aliquare
678 2425 775 2490 unius
799 2426 996 2490 sententiam
1018 2427 1175 2509 sequitur.
1199 2448 1268 2507 nee,
1293 2428 1320 2491 si

160 2532 225 2599 hoc
241 2532 355 2599 Livius
380 2531 514 2613 diceret,
538 2552 639 2596 unum
663 2530 843 2616 quemlibet
865 2552 905 2596 ex
927 2531 993 2597 illis
1011 2535 1167 2598 trecentis
1187 2541 1320 2600 senatus

161 2640 344 2726 principem
378 2661 450 2706 esse
484 2641 651 2725 potuisse,
691 2641 896 2723 egregium
935 2645 1085 2704 senatum
1120 2641 1321 2725 appellasset

161 2747 258 2831 (nihil
295 2750 382 2814 enim
410 2747 454 2814 ad
482 2769 553 2814 rem
582 2755 719 2814 senatus
745 2746 820 2814 laus
848 2747 1042 2832 pertineret)
1072 2770 1131 2812 nec
1160 2756 1320 2833 tempora,

163 2879 305 2941 quorum
333 2854 368 2922 in
396 2877 436 2921 ea
462 2876 499 2921 re
521 2855 649 2922 nullum
671 2861 872 2922 momentum
896 2861 993 2935 esset,
1017 2865 1319 2939 commemorasset,

160 2966 364 3049 omninoque
394 2963 606 3049 subineptum
633 2962 697 3030 hoc
725 2970 777 3030 est
798 2971 906 3031 totum
929 2964 970 3029 de
993 2985 1190 3047 unoquoque
1213 2964 1317 3031 Fabio

161 3074 351 3157 principatu
380 3078 515 3137 senatus
545 3072 660 3156 digno;
694 3072 775 3138 illud
809 3080 886 3157 apte
921 3073 985 3137 diei
1015 3094 1053 3138 ac
1081 3075 1150 3137 sine
1179 3074 1319 3140 ridicula

160 3181 419 3264 exaggeratione
441 3186 587 3265 poterat,
620 3201 885 3265 unumquemque
920 3203 959 3246 ex
988 3181 1039 3246 his
1070 3184 1225 3247 trecentis
1250 3204 1315 3265 sex,
1335 3202 1388 3271 (63)

160 3287 347 3353 senioribus
381 3287 648 3372 iunioribusque,
690 3289 842 3354 omnibus
882 3296 992 3354 tamen
1030 3288 1198 3355 nobilibus
1232 3292 1319 3372 viris,

161 3397 364 3461 senatorium
385 3396 495 3463 locum
518 3397 609 3462 tueri
632 3398 791 3481 potuisse,
821 3404 866 3475 ut,
891 3397 917 3462 si
940 3419 1007 3462 non
1030 3396 1171 3463 militum
1194 3419 1319 3481 agmen,

160 3502 219 3567 sed
241 3511 375 3569 senatus
397 3503 453 3569 ille
477 3505 605 3585 luisset,
634 3503 717 3569 nihil
740 3506 916 3588 quisquam
939 3507 971 3569 in
996 3528 1034 3570 eo
1059 3505 1100 3570 ad
1125 3505 1320 3589 dignitatem

161 3593 380 3695 icquisiturus
403 3612 522 3690 suerit,
545 3613 687 3678 militum
711 3620 820 3677 autem
844 3634 975 3678 manum
1000 3634 1072 3677 eam
1095 3612 1212 3691 fuisse,
1248 3636 1320 3697 quse

161 3739 202 3784 ex
235 3720 335 3785 meris
364 3719 505 3785 ducibus
535 3726 687 3786 constare
718 3721 894 3785 videretur.
940 3719 1048 3804 Atque
1076 3719 1160 3784 hanc
1190 3727 1319 3786 senten-

160 3826 241 3891 tiam
275 3848 296 3891 a
332 3828 425 3893 Livio
467 3828 650 3913 Eutropius
690 3829 830 3912 sumpsit
863 3827 906 3907 (l,
952 3826 1019 3907 16);
1061 3829 1129 3910 qui
1168 3827 1320 3910 singuli

162 3954 392 4016 inagnorunr
424 3937 683 4001 exercituum
713 3936 835 4001 duces
865 3957 953 3999 esse
978 3935 1190 4013 deberent,
1226 3936 1319 4000 cuius

161 4042 347 4108 imitatione
370 4043 517 4108 nondum
540 4043 783 4122 animadversa,
816 4045 890 4127 ipsa
919 4065 969 4108 me
998 4043 1062 4107 loci
1087 4042 1215 4107 Liviani
1243 4065 1320 4107 con·

161 4148 318 4215 sideratio
353 4149 420 4230 bis,
453 4151 565 4216 multis
599 4151 780 4216 interiectis
810 4152 920 4230 annis,
955 4151 1140 4228 admonuit,
1175 4155 1212 4213 ut
1241 4151 1319 4214 scri-

162 4256 287 4322 berem:
312 4278 483 4343 quorum
506 4259 703 4324 neminem
727 4260 864 4325 ducem
882 4281 1108 4343 sperneres,
1132 4258 1320 4340 egregius

161 4365 427 4448 quibuslibet
460 4366 716 4450 temporibus
746 4373 923 4432 senatus.
976 4367 1044 4431 Iam
1074 4372 1226 4450 apparet,
1262 4388 1320 4430 cur

160 4470 220 4539 illa
253 4473 516 4558 quibuslibet
551 4475 810 4559 temporibus
844 4474 1020 4540 addantur.
1077 4473 1232 4538 Senserat
1260 4473 1319 4538 ali·

160 4579 240 4662 quid
274 4583 368 4666 pravi
404 4582 539 4648 subesse
567 4581 782 4667 Tanaquillus
811 4581 934 4657 Faber,
968 4580 1067 4646 homo
1097 4587 1228 4663 acutus,
1262 4585 1319 4668 qui

161 4710 222 4772 pro
254 4697 424 4756 senatus
447 4689 547 4755 scribi
570 4689 721 4756 voluerat
743 4690 966 4766 exercitus,
1001 4686 1138 4754 licenter
1161 4690 1317 4773 profecto.
