3060 5272
189 436 194 443 -
289 402 352 458 ura.
371 402 496 457 inrum.
838 371 900 452 los

290 596 358 638 rem
392 579 450 638 aut
484 576 682 640 sententiam
715 576 749 639 in
778 575 840 639 hoo
867 575 941 641 loco
971 576 1136 660 pertinere
1165 575 1274 658 nego.)
1329 575 1446 656 Itaque

290 682 564 747 considerandum
598 689 693 766 puto,
733 683 924 766 potueritne
959 683 1082 748 duces
1114 683 1302 766 geminandi
1336 705 1447 749 errore

290 792 381 854 nasci
415 812 455 855 ex
489 791 602 871 duos,
642 798 680 855 ut
719 793 813 856 initio
854 798 984 856 tautum
1025 793 1184 875 scriptum
1222 790 1337 856 fuerit:
1377 792 1447 855 ad-

289 919 429 962 versus
459 899 561 963 duos
583 900 868 982 imperatores
920 897 1095 980 [Koohiusz
1130 899 1324 965 adversus
1347 898 1446 963 duas

290 1008 411 1085 acies,
436 1007 537 1071 duos
560 1004 857 1089 imperatores]

377 1113 456 1197 Cap.
485 1119 532 1193 12,
558 1119 612 1178 13:
646 1115 708 1178 Ibi
731 1120 812 1179 tum
835 1113 1073 1179 Hasdrubal
1097 1114 1300 1197 Gisgonis,
1329 1115 1448 1180 maxi·

289 1245 374 1287 mus
411 1223 751 1305 clarissimusque
789 1245 832 1287 eo
861 1222 970 1287 bello
1001 1222 1222 1286 secundum
1249 1222 1448 1287 Barcinos

290 1331 383 1409 dux,
412 1351 625 1413 regressus
655 1331 703 1394 ab
729 1330 925 1408 Gadibus,
954 1329 1187 1394 rebellandi
1210 1329 1318 1413 spe'm
1341 1329 1448 1394 adiu·

289 1445 409 1503 rante
438 1439 605 1521 Magone
628 1437 876 1502 Hamilcaris
899 1437 1011 1516 filio,
1046 1438 1272 1502 dilectibus
1295 1459 1365 1520 per
1386 1438 1448 1501 ul-

289 1545 488 1610 teriorem
516 1546 756 1629 Hispaniam
790 1545 948 1610 habitis
979 1547 1027 1609 ad
1051 1545 1076 1609 L
1100 1546 1233 1610 millia
1255 1545 1447 1629 peditum,

289 1653 443 1717 MMMM
477 1659 518 1717 et
551 1655 801 1738 quingentos
837 1655 998 1735 equites
1033 1656 1214 1719 armavit.
1271 1653 1345 1718 Non
1379 1661 1448 1717 tam

289 1761 472 1825 rebellandi
501 1783 592 1844 spem
621 1762 767 1826 adiutam
791 1783 811 1825 a
833 1761 972 1844 Magone
1001 1768 1083 1846 puto
1112 1783 1211 1844 quam
1241 1762 1318 1826 belli
1346 1783 1448 1845 appa-

289 1876 416 1948 ratum3
450 1870 563 1953 itaque
599 1870 808 1934 scribendum
832 1891 906 1933 eum
928 1871 968 1935 P:
1002 1890 1224 1951 regressus
1249 1870 1297 1934 ab
1322 1870 1359 1934 G.
1383 1891 1448 1935 re-

290 1976 477 2042 bellandi
502 1999 580 2061 spe,
604 1978 828 2042 adiurante
847 1978 1016 2058 Magone
1040 1986 1101 2042 oet.
1136 1978 1254 2044 Nescio
1278 1999 1320 2041 an
1343 1978 1449 2042 edito-

289 2109 342 2150 ros
362 2085 558 2150 offenderint
576 2086 610 2149 hi
628 2085 764 2148 ablativi
782 2085 927 2149 absoluti
946 2086 992 2149 sio
1011 2087 1147 2169 propius
1161 2107 1235 2150 cum
1247 2085 1359 2150 alteris
1372 2106 1448 2150 con·

289 2195 392 2258 iuncti
416 2193 498 2276 (fere
522 2194 617 2278 quasi
641 2193 745 2257 dicas:
776 2193 1008 2258 dilectibus
1035 2194 1256 2258 adiuvante
1279 2193 1449 2277 Magone

289 2301 478 2381 habitis),
514 2302 571 2366 sed
601 2323 673 2365 eam
702 2302 858 2365 duritiam
881 2301 993 2366 Liuius
1022 2323 1086 2365 non
1116 2303 1230 2366 vitarit
1257 2300 1302 2382 (Ι,
1330 2306 1386 2381 46,
1421 2307 1447 2379 l,

204 2420 275 2490 (3³2)
295 2409 443 2489 XXXIII,
472 2413 522 2489 20,
550 2409 594 2490 4),
622 2431 662 2473 ne
687 2409 791 2473 multo
814 2408 946 2492 quidem
968 2411 1169 2492 asperiorem
1193 2410 1324 2492 (XXIX,
1352 2413 1381 2488 6,
1407 2409 1448 2490 1).

290 2518 443 2582 Ceterum
471 2519 576 2600 magis
606 2518 753 2600 placeret
781 2537 977 2597 egressus
1001 2517 1048 2581 ab
1074 2517 1127 2596 G,
1157 2517 1244 2598 quod
1274 2516 1371 2581 simul
1399 2517 1449 2580 di·

288 2625 460 2709 grediendi
489 2624 619 2708 longius
648 2626 740 2689 notio
769 2625 926 2689 adiuncta
949 2633 1009 2689 est.
1060 2625 1208 2689 Gadibus
1239 2625 1382 2689 inclusus
1412 2646 1448 2689 se

290 2733 479 2797 Hasdrubal
503 2738 667 2797 tenuerat.

376 2840 454 2924 Cap.
489 2847 542 2920 14,
578 2848 597 2904 4
631 2840 687 2921 (de
722 2842 792 2904 acie
827 2846 904 2904 ante
934 2841 1096 2923 proelium
1126 2841 1168 2904 ad
1196 2840 1360 2904 Baeculam
1389 2861 1449 2923 per

291 2951 420 3034 aliquot
450 2949 520 3014 dies
549 2948 745 3029 instructal:
781 2947 958 3012 Mediam
992 2950 1120 3013 aciem
1148 2949 1243 3012 hinc
1269 2948 1449 3026 Romani,

290 3058 412 3122 illino
442 3055 820 3140 Carthaginienses
856 3057 972 3121 mixti
1001 3057 1127 3135 Afris,
1162 3076 1315 3120 cornua
1343 3055 1448 3120 socii

289 3166 506 3246 tenebant3
553 3171 672 3229 erant
721 3171 854 3228 auteur
906 3166 1097 3248 utrisque
1147 3164 1325 3246 Hispani
1375 3184 1447 3246 pro

291 3275 505 3353 cornibus;
540 3279 635 3337 ante
664 3272 855 3355 Punicam
890 3274 1018 3337 aciem
1052 3272 1266 3356 elephanti
1295 3269 1448 3335 castel·

290 3383 420 3447 lorum
444 3380 590 3465 procul
615 3381 794 3463 speciem
818 3380 1064 3463 praebebant.
1118 3379 1250 3444 Omissa
1273 3400 1449 3462 pravorum

289 3490 544 3573 reprohensione
575 3490 759 3553 orationem
788 3494 877 3552 recte
908 3489 1097 3552 distinctam
1127 3509 1263 3571 ponam:
1298 3508 1449 3551 cornua

291 3599 396 3663 socii
419 3596 616 3662 tenebant
634 3598 766 3675 (erant
789 3602 923 3659 autem
944 3597 1131 3679 utrisque
1150 3593 1352 3679 Hispani);
1376 3616 1447 3676 pro

290 3706 487 3771 cornibus
517 3703 730 3787 elephanti
760 3710 821 3767 cet.
878 3702 916 3767 In
944 3711 1086 3784 utroque
1114 3705 1260 3768 exercitu
1284 3703 1448 3767 sociorum

289 3835 422 3878 manum
439 3834 479 3877 ox
495 3811 652 3894 Hispanis
669 3811 856 3875 constitisse
876 3811 940 3892 ait,
962 3832 1039 3874 nam
1056 3811 1190 3876 Italicos
1210 3813 1317 3876 socios
1328 3811 1447 3888 Livius,

289 3930 327 3986 ut
353 3921 423 3985 fere
453 3920 534 3984 alibi
562 3921 595 3983 in
627 3918 689 3983 hac
716 3917 796 3983 belli
826 3918 1052 4001 Hispaniensis
1087 3920 1294 3999 narratione,
1328 3920 1449 3983 Roma-

289 4050 406 4093 norum
439 4029 570 4092 nomine
605 4026 868 4110 comprehcndit,
903 4026 1074 4111 Polybium
1107 4048 1263 4110 sequens,
1298 4029 1354 4111 qui
1378 4026 1447 4109 (XI,

291 4140 342 4214 22,
372 4140 405 4215 3)
429 4137 462 4200 in
484 4136 548 4200 hac
572 4137 644 4219 ipsa
666 4137 735 4200 acie
759 4135 978 4199 describenda
1002 4134 1187 4217 Scipionem
1211 4135 1291 4199 dicit
1314 4136 1448 4199 solitum

291 4265 360 4307 esse
387 4251 448 4314 τοὺς
469 4250 618 4324 Ῥωμαίους
644 4253 744 4323 μέσους
767 4248 927 4305 ἀντιτάττειν
948 4253 1003 4313 τοῖς
1025 4248 1139 4321 Λίβυσι,
1167 4249 1243 4313 τοὺς
1265 4249 1289 4303 δ’
1312 4248 1448 4323 Ἴβηρας
