3008 4756
677 320 734 381 191
1126 333 1187 390 Lib.
1205 333 1281 388 VIII.

126 511 165 570 ut
184 504 269 587 haec,
297 505 441 589 inquam,
471 504 630 582 omittam,
659 503 692 567 in
716 505 834 587 quibus
856 504 1010 587 antiquus
1034 504 1166 569 subesse
1189 527 1283 571 error

126 620 251 698 potest,
281 614 385 679 omnis
407 612 490 677 Livii
512 612 660 676 narratio
683 613 844 695 proelium
866 612 995 695 longius
1019 610 1061 675 ad
1084 614 1281 695 septentrio·

125 743 201 788 nem
233 719 380 787 confiniis
407 720 495 785 Latii
522 718 774 803 Campaniaeque
811 719 978 799 admovet,
1012 720 1206 785 conveniens
1240 721 1279 799 ei,

127 829 215 915 quod
252 851 321 895 rem
362 828 469 912 ipsam
508 828 672 911 spectanti
711 827 881 912 probabile
915 828 1018 892 videri
1051 849 1184 894 neeesse
1218 836 1279 894 est.

125 939 237 1004 Victos
260 936 346 1002 enim
363 935 499 1000 Latinos
515 935 698 1001 Minturnas
720 958 755 1001 se
778 935 954 1001 contulisse
977 936 1091 1000 scribit
1113 934 1153 1017 (o.
1169 941 1217 1015 10,
1237 936 1279 1018 9),

126 1067 199 1131 quae
222 1044 265 1110 ad
286 1043 388 1108 Lirim
410 1050 495 1122 sunt,
524 1064 545 1107 a
566 1043 703 1108 Vesuvio
726 1042 768 1107 ad
791 1044 1049 1127 septentrionem
1072 1050 1105 1108 et
1127 1044 1276 1109 oeciden-
1295 1047 1368 1116 (162)

125 1161 191 1220 tem
213 1172 324 1217 versus
347 1150 460 1216 decem
483 1171 586 1234 prope
608 1150 711 1215 millia
721 1150 917 1216 Germanica
940 1151 1108 1230 distantes,
1132 1150 1282 1237 aCapua

124 1263 193 1328 fere
216 1266 358 1343 septem3
392 1255 528 1341 Capuae,
562 1256 650 1340 quod
679 1259 862 1341 proximum
885 1258 1020 1324 suberat
1042 1280 1062 1323 a
1084 1259 1223 1325 Vesuvio
1246 1261 1280 1324 in

124 1369 255 1434 Latium
271 1387 384 1431 versus
402 1364 603 1448 fugientibus
620 1366 874 1449 receptaculum,
892 1366 984 1431 nulla
1000 1368 1137 1447 mentio;
1163 1367 1279 1434 deinde

124 1477 164 1560 (c.
191 1480 239 1554 11,
264 1475 297 1557 5)
319 1473 464 1551 Latinis,
494 1473 551 1557 qui
574 1473 698 1556 proelio
722 1474 966 1557 superfuerant,
996 1475 1144 1540 Vesciam
1168 1497 1281 1559 recep-

123 1583 267 1649 taculum
290 1581 391 1646 fuisse
413 1587 544 1659 narrat,
574 1580 730 1665 oppidum
753 1588 787 1646 et
807 1583 912 1667 ipsum
934 1583 1107 1648 Minturnis
1129 1585 1279 1650 vicinum.

122 1692 292 1757 Postremo
327 1689 453 1754 Latinis
486 1688 609 1754 bellum
642 1711 800 1756 renovare
835 1691 1029 1756 conantibus
1062 1691 1203 1757 Manlius
1238 1693 1280 1757 ad

123 1799 292 1864 Trifanum
325 1798 412 1862 inter
445 1797 629 1863 Minturnas
663 1805 697 1863 et
731 1798 901 1864 Sinuessae
934 1800 1085 1865 occurrit.
1146 1800 1197 1865 Ex
1229 1801 1280 1866 his

123 1908 252 1973 indiciis
275 1905 355 1970 mihi
377 1904 585 1970 manifestum
608 1906 752 1984 videtur,
786 1928 930 1990 pugnam
959 1907 1000 1971 ad
1024 1908 1169 1973 Veserim
1193 1910 1279 1975 iuter

122 2015 307 2079 Minturnas
330 2013 544 2095 Vesciamque
569 2021 602 2076 et
625 2011 782 2097 Capuam,
812 2013 869 2077 sed
892 2013 956 2077 illis
980 2015 1110 2099 oppidis
1133 2019 1279 2100 propius,

124 2129 304 2207 pugnatam
328 2142 415 2200 esse,
445 2142 511 2185 non
534 2121 583 2185 ita
604 2119 700 2203 longe
723 2120 766 2184 ad
789 2121 957 2185 meridiem
980 2142 1000 2184 a
1024 2123 1134 2188 Gauro
1157 2130 1277 2202 monte,

122 2230 180 2296 ubi
201 2230 351 2294 Valerius
375 2227 498 2294 Corvus
523 2226 572 2291 Ill
595 2228 708 2291 consul
733 2226 895 2292 Samnites
923 2228 1014 2306 vicit,
1043 2230 1145 2311 magis
1167 2236 1277 2294 tamen

124 2338 166 2403 ad
188 2358 294 2417 mare,
329 2336 524 2418 Vesuviique
553 2355 671 2399 nomen
699 2334 783 2399 falso
812 2335 930 2399 harum
957 2356 1066 2400 rernm
1095 2338 1278 2402 narrationi

125 2447 306 2510 admixtum
329 2465 416 2522 esse,
450 2444 515 2507 sive
550 2442 583 2506 id
617 2448 693 2506 ante
726 2442 852 2506 Livium
886 2443 1008 2508 fectum
1037 2450 1088 2508 est
1115 2445 1181 2511 sive
1209 2447 1279 2529 ipse

126 2574 238 2619 errore
261 2574 321 2636 pro
343 2552 450 2617 minus
472 2557 550 2617 noto
573 2552 703 2617 nomine
726 2551 788 2615 hoc
811 2552 919 2634 posuit
935 2551 1001 2616 'sive
1020 2551 1160 2635 denique
1177 2554 1208 2617 in
1226 2576 1280 2620 co·

123 2662 250 2728 dicibus
268 2661 338 2726 eius
354 2660 508 2725 mendum
526 2666 635 2725 ortum
652 2665 711 2724 est.
740 2658 825 2723 Huic
842 2660 949 2724 tertiae
969 2660 1145 2743 suspicioni
1158 2662 1279 2742 obstat,

121 2770 209 2854 quod
231 2768 356 2833 nullum
379 2768 508 2834 videtur
531 2789 601 2834 esse
625 2767 724 2851 paulo
748 2767 857 2833 notius
879 2769 1000 2833 montis
1023 2769 1111 2832 cirea
1133 2790 1173 2834 ea
1194 2770 1277 2849 loca,

123 2899 195 2961 quae
218 2876 412 2960 significavi,
447 2877 502 2942 siti
524 2897 651 2956 nomen,
686 2876 775 2960 quod
798 2876 1016 2959 probabiliter
1039 2875 1195 2942 substitui
1217 2900 1278 2961 pro

120 2984 251 3050 Vesuvii
275 2985 387 3067 possit.
432 2983 516 3048 Nam
539 3005 579 3048 ex
601 2984 771 3049 Vescino
795 2983 920 3062 saltu,
950 2984 1007 3066 qui
1029 2983 1068 3062 X,
1098 2987 1136 3047 21
1163 2987 1278 3070 appel-

121 3093 226 3172 latur,
260 3098 402 3156 montem
425 3091 600 3155 Vescinum
629 3090 760 3156 efficere
788 3113 854 3155 non
881 3091 1003 3170 audeo;
1036 3091 1169 3157 Massici
1192 3096 1276 3161 situs

121 3199 322 3275 conveniret,
353 3217 470 3261 nomen
494 3196 603 3262 distat.
654 3197 770 3281 Itaque
792 3197 945 3263 librarios
967 3221 1009 3264 ne
1032 3204 1155 3266 temere
1179 3223 1277 3268 accu-

120 3326 227 3370 semus
250 3303 502 3386 scrupulumque
524 3302 756 3387 relinquamus.
935 3371 937 3375 ,

207 3407 285 3493 Cap.
310 3413 339 3490 9,
363 3413 398 3474 t:
428 3430 581 3492 precor,
604 3431 783 3490 veneror,
805 3414 959 3479 veniam
982 3423 1073 3499 peto
1096 3415 1275 3502 feroque.

119 3515 208 3582 Nihil
242 3538 312 3583 esse
346 3519 504 3583 veniam
536 3517 646 3583 ferre
680 3516 757 3599 (dis)
791 3539 957 3604 praveque
999 3525 1152 3608 coniungi
1181 3533 1275 3610 peto

119 3625 299 3711 feroque,
323 3625 477 3692 Dukerus
500 3626 675 3707 intellexit3
699 3627 961 3694 emendationem
983 3635 1130 3717 repperit
1151 3634 1275 3699 Forch-

117 3733 280 3816 hammer,
314 3736 371 3820 qui
405 3757 445 3800 ex
477 3743 571 3819 peto
606 3755 754 3819 oroque
789 3741 897 3801 ortum
933 3759 1004 3803 esse
1039 3748 1274 3825 poteroque,

116 3848 186 3908 tum
213 3845 298 3910 male
328 3843 510 3928 supplendo
539 3842 711 3928 feroque
740 3843 832 3908 vidit.
866 3842 989 3927 (1861.)
1040 3847 1167 3914 Deinde
1191 3847 1206 3932 ἓ
1233 3854 1273 3914 10

116 3950 327 4017 humanum
360 3953 490 4018 visum
524 3971 583 4034 pro
616 3951 789 4017 humana
821 3953 957 4035 specie
990 3974 1056 4019 non
1089 3963 1178 4021 reete
1208 3956 1272 4022 diei

117 4059 301 4126 Gronovius
324 4059 500 4139 intellexit3
523 4057 581 4124 sed
603 4064 654 4125 est
676 4060 765 4125 aliud
787 4065 947 4144 praeterea
969 4061 1078 4126 mendi
1100 4062 1273 4147 indicium;
