3060 5272
234 343 297 399 Lib.
315 343 349 398 X
781 335 843 397 236

235 515 280 581 Et
302 516 433 601 quidni,
466 519 530 583 etsi
558 539 613 584 res
641 517 730 602 apud
752 518 919 604 Papirium
949 527 1052 603 gestae
1081 520 1220 587 subinde
1248 521 1294 587 ad
1315 518 1400 587 Car·

233 624 347 689 vilium
367 623 630 709 perferebantur,
659 628 838 711 separatim
861 628 990 693 narrari
1012 629 1130 713 possit,
1153 635 1286 695 maturo
1307 635 1397 695 tam·

235 753 315 815 pore
339 752 360 796 a
380 732 513 816 Papirio
535 735 687 799 nuntium
709 741 846 815 certum,
880 734 961 820 quid
989 737 1023 800 in
1050 737 1162 801 animo
1185 743 1275 803 esset
1296 756 1400 820 agere

236 846 270 904 et
297 839 379 924 qnid
406 861 427 905 a
449 838 592 907 Carvilio
615 841 687 907 fieri
709 849 858 926 cuperet,
892 841 1065 926 missumf]
1100 842 1117 928 ᾖ
1145 848 1165 908 7
1192 845 1263 909 aine
1292 843 1398 910 dubio

236 946 388 1013 addenda
415 950 607 1034 praepositio
636 952 775 1014 inante
800 971 843 1029 ι,
873 957 911 1015 nt
933 950 1115 1016 scribatur:
1143 972 1221 1037 quo
1249 950 1289 1013 Ιι
1314 969 1399 1015 ma-

236 1056 321 1121 iore
356 1054 594 1122 discrimine
622 1078 687 1122 res
715 1058 975 1136 vertebatur,
1003 1058 1135 1124 collatis
1162 1057 1220 1136 iis,
1249 1076 1324 1140 qua
1352 1054 1399 1122 ad

236 1161 361 1243 XXIII,
391 1168 448 1243 29,
478 1171 497 1228 7
528 1165 611 1244 dixi,
640 1166 908 1249 comparatisque
935 1164 996 1245 VI,
1026 1169 1082 1245 36,
1112 1169 1132 1229 7
1161 1171 1196 1231 et
1222 1162 1348 1244 XXIX,
1375 1167 1398 1228 7

236 1271 308 1336 init.
355 1269 518 1354 (1861.)¹)

322 1376 402 1462 Gap.
426 1384 477 1459 40,
500 1383 536 1444 6:
561 1378 613 1461 (L.
630 1379 784 1464 Papirius
807 1380 930 1459 consul,
954 1387 1135 1465 postquam
1158 1380 1199 1445 de
1220 1399 1256 1445 re
1279 1399 1300 1444 a
1320 1400 1398 1463 per·

237 1485 316 1569 fuga
353 1487 501 1551 indicata
539 1486 582 1551 ad
616 1487 777 1571 collegam
814 1489 968 1552 nuntium
1007 1487 1110 1569 misit)
1149 1489 1239 1573 ipse
1277 1487 1400 1570 signa

239 1595 354 1659 ocius
399 1593 580 1677 proferri
617 1595 745 1676 iubet,
791 1594 1061 1679 subsidiaque
1106 1597 1192 1662 suis
1232 1614 1399 1678 quaeque

239 1702 343 1768 locis
376 1709 417 1766 et
449 1701 669 1785 praefectos
703 1703 906 1769 subsidiis
935 1703 1213 1782 attribuerat3
1247 1701 1398 1769 dextro

241 1830 366 1875 cornu
390 1818 452 1875 cet.
502 1809 630 1876 Vitiosa
659 1831 736 1894 que
759 1812 808 1876 ita
830 1812 976 1895 ponitur,
1004 1818 1043 1876 ut
1064 1810 1155 1875 brevi
1178 1817 1212 1876 et
1234 1811 1399 1875 universas

154 1924 225 1994 (196)
243 1916 471 2000 significationi
494 1918 658 1983 exercitus
680 1920 715 1983 in
738 1920 842 1984 aciem
864 1918 974 1983 educti
997 1917 1196 2002 adiungatur
1213 1916 1400 2001 copulative

238 2026 346 2109 prima
373 2046 451 2110 pars
479 2027 694 2109 expositionis
721 2047 833 2091 rerum
855 2032 934 2091 ante
956 2047 1100 2110 pugnam
1122 2031 1398 2110 praeparatarum,

239 2151 340 2217 quum
378 2135 560 2217 praesertim
599 2134 673 2218 ipso
706 2134 797 2199 verbi
831 2145 979 2217 tempore
1023 2134 1126 2199 rediri
1165 2133 1209 2198 ad
1243 2134 1399 2217 superius

240 2247 369 2324 tempus
411 2242 587 2306 indicetur:
628 2241 897 2325 subsidiaque
931 2276 975 2288 —
1003 2241 1269 2306 attribuerat.
1327 2239 1400 2322 (Al-

240 2348 424 2413 schefskius
447 2349 597 2432 exemplo
620 2350 732 2433 inepto
755 2349 886 2431 utitur.)
932 2348 1149 2415 Scribendum
1172 2350 1287 2431 igitur:
1311 2369 1400 2432 pro-

238 2456 342 2521 ferri
371 2456 494 2521 iubet.
546 2454 742 2522 Subsidia
764 2458 850 2521 suis
874 2477 1038 2541 quaeque
1061 2456 1167 2523 locis
1192 2464 1252 2522 cet.
1302 2454 1401 2523 Unda

240 2584 315 2647 que
344 2569 454 2628 ortum
483 2564 540 2642 sit,
575 2585 615 2628 ex
643 2562 677 2627 M
704 2565 852 2647 intellegi
880 2586 977 2649 posse
1005 2565 1149 2644 videtur,
1182 2565 1304 2646 inquo
1333 2571 1398 2629 est:

240 2669 517 2754 Subsidiaque
543 2672 627 2736 suis
652 2693 735 2755 quas
757 2673 861 2737 locis
879 2679 941 2738 cet.
994 2671 1110 2751 (Paulo
1128 2678 1206 2756 post
1224 2669 1255 2754 (ἓ
1273 2670 1317 2753 8),
1341 2671 1402 2737 ubi

239 2777 413 2843 scribitur:
438 2778 702 2863 SpNautium
718 2780 856 2859 mulos,
880 2781 1084 2845 detractis
1102 2779 1289 2859 clitellis,
1313 2800 1401 2844 cum

239 2885 481 2952 cohortibus
504 2887 653 2953 alariis
677 2889 715 2952 in
734 2887 930 2954 tumulum
949 2887 1312 2952 -circumducere
1336 2888 1401 2952 ia-

238 2993 307 3059 bet
324 3001 447 3077 atque
463 2995 607 3076 inde—,
621 2990 773 3078 quanto
791 2997 963 3061 maxime
976 2993 1246 3077 (scamaximc)
1259 3002 1401 3079 posset

238 3107 347 3167 moto
384 3103 568 3186 pulvere,
604 3103 836 3184 ostendere,
871 3103 1083 3169 scribendum
1111 3109 1194 3188 puto
1222 3103 1401 3187 pulvere,

266 3379 290 3447 ¹)
309 3377 417 3433 Eodem
441 3396 501 3448 cap.
526 3377 594 3448 §15
618 3379 659 3447 (in
680 3378 787 3449 Papirii
810 3379 1011 3435 cohortatione
1032 3380 1164 3448 militum)
1187 3379 1319 3434 mendum
1337 3396 1401 3434 esse

305 3465 336 3518 in
357 3465 401 3519 his
424 3465 529 3519 verbis:
554 3464 637 3518 deos
661 3464 874 3520 immortales
898 3465 1017 3521 adesse
1040 3472 1185 3535 propter
1207 3465 1318 3520 toties
1343 3482 1399 3535 pe·

306 3549 376 3603 tite
398 3548 556 3617 foedera,
579 3550 688 3605 toties
705 3556 820 3619 rupta3
843 3556 921 3619 tum,
947 3551 975 3604 ai
994 3568 1060 3620 qua
1082 3550 1289 3606 coniectura
1314 3568 1401 3605 men·

305 3635 352 3689 tis
371 3635 571 3703 divinarit,
595 3635 686 3689 nulli
704 3653 854 3705 unquam
874 3637 1044 3691 exercitui
1062 3635 1172 3691 fuisse
1190 3636 1400 3691 infestiores

307 3738 406 3789 quam
428 3721 571 3790 uuiaet,
592 3720 717 3775 ostendit
739 3719 970 3790 particulatam
993 3739 1112 3792 prorsas
1135 3738 1281 3792 perversa;
1307 3736 1400 3789 neque

306 3806 382 3860 enim
412 3808 479 3862 novi
513 3805 665 3876 quidquam
693 3804 884 3875 (praeterea)
913 3806 1040 3874 additum
1074 3807 1157 3862 aliter
1184 3812 1279 3861 autem
1309 3806 1400 3876 accipi

306 3891 412 3960 nequit
453 3891 562 3948 Deinde
587 3891 617 3945 di
634 3908 692 3947 non
709 3895 786 3945 recte
804 3890 936 3946 dicuntur
954 3891 1075 3948 adesse
1092 3898 1239 3962 propter
1255 3890 1400 3946 foedera

304 3980 423 4046 rupta,
451 3977 554 4031 omisso
577 3994 623 4044 eo,
650 3977 681 4030 in
704 3993 760 4046 quo
782 3978 925 4032 sententia
945 3979 1079 4047 vertitur,
1107 3995 1163 4047 quo
1183 3977 1277 4031 animo
1296 3974 1398 4030 adsint

306 4060 363 4115 Sed
389 4062 615 4117 emendationem
641 4079 699 4116 non
725 4063 852 4131 reperio;
878 4081 944 4118 nam
970 4064 1079 4118 toties
1102 4066 1203 4132 rupta
1226 4062 1342 4128 lrataa3
1370 4059 1400 4115 si

308 4164 376 4215 qua
393 4152 446 4201 cet
464 4164 584 4216 prorsus
602 4147 757 4201 violentam
775 4152 804 4201 et
820 4147 1014 4203 incredibilem
1032 4148 1220 4203 mutationem
1237 4146 1333 4201 habet
