3060 5272
769 325 808 386 10

209 515 377 588 terram,
411 515 449 573 ut
480 506 577 593 vulgo
612 508 737 588 editur,
771 509 867 592 quasi
902 515 1023 594 agatur
1051 510 1091 575 de
1121 511 1234 577 cloaca
1261 531 1363 593 supra

208 623 333 683 terram
360 616 432 682 fieri
460 622 579 701 coepta
606 617 668 682 sub
696 623 818 682 terram
846 617 958 701 aliquo
987 618 1061 685 loco
1085 618 1301 699 demittenda3
1328 619 1362 683 in

209 725 235 791 P
269 734 320 791 est
351 724 493 807 terra),
526 725 637 791 ibd.4
670 723 725 808 (in
756 727 925 810 regiam,
950 727 1048 810 ·quod
1080 726 1248 807 Hertzius,
1282 727 1364 793 mihi

210 834 403 914 obsecutus,
439 833 612 915 correxit),
646 834 680 898 in
706 854 795 900 nono
825 841 937 900 autem
965 835 1051 902 libro
1078 835 1133 917 (ne
1156 857 1196 902 ex
1219 855 1284 901 uno
1307 857 1363 901 ex·

197 932 319 1026 >empla
341 944 525 1024 sumantur)
548 941 616 1007 his:
640 945 710 1021 ct,
734 945 753 1006 9
777 941 1048 1025 (obiacentem
1070 943 1220 1023 molem,
1242 945 1362 1010 mendo

209 1058 283 1118 orto
307 1052 407 1116 etiam
429 1071 470 1116 ex
492 1051 712 1134 geminatione
734 1051 848 1134 primae
869 1050 989 1117 litterae
1011 1052 1100 1117 vocis
1123 1051 1251 1135 mole),
1280 1073 1308 1118 o.
1332 1056 1362 1131 8,

209 1165 229 1225 7
263 1160 362 1242 (cum
395 1160 526 1224 omnia
558 1159 670 1223 iusta
702 1158 741 1222 in
775 1157 1027 1224 deditionem
1056 1165 1241 1225 nostram
1269 1181 1364 1244 per·

208 1267 320 1334 lecta
342 1273 479 1344 erunt,
508 1272 547 1330 ut
568 1265 665 1349 vulgo
688 1265 815 1347 editur,
841 1287 907 1333 uno
931 1273 965 1334 et
987 1267 1092 1333 altero
1116 1268 1228 1333 codice
1250 1288 1363 1334 recen·

208 1377 336 1443 tissimo
364 1396 439 1441 vere
469 1374 659 1440 emendato:
693 1375 733 1439 in
763 1374 981 1442 deditione
1011 1375 1186 1457 nostra),
1217 1397 1245 1442 c.
1269 1379 1319 1456 36,
1344 1381 1362 1441 3

208 1485 469 1570 (progressus
508 1483 546 1547 in
581 1482 803 1565 contione),
843 1505 871 1549 c.
905 1487 961 1564 27,
1002 1489 1021 1549 5
1055 1483 1108 1566 (in
1141 1490 1362 1569 conspectu

208 1593 333 1676 data),
356 1614 384 1657 o.
403 1595 453 1672 39,
471 1595 490 1655 9
510 1590 667 1672 (secuta
689 1590 836 1657 deinde
857 1592 1011 1676 impetu
1033 1592 1221 1675 eorum).¹)
1254 1593 1362 1676 Atque

209 1703 280 1768 haec
301 1702 376 1782 tria,
399 1720 472 1783 quae
496 1706 640 1765 extremo
663 1699 735 1764 loco
758 1701 865 1783 posui,
889 1722 975 1766 unus
997 1701 1105 1767 tenuit
1120 1699 1362 1780 Alschefskius3

209 1810 268 1877 sed
290 1811 325 1875 in
346 1809 432 1874 libro
455 1807 500 1887 X,
526 1811 578 1887 13,
604 1811 642 1872 12
665 1828 770 1891 nuper
792 1814 826 1872 et
843 1808 1129 1875 Weissenbornius
1152 1817 1186 1875 et
1207 1809 1363 1875 Hertzius

208 1918 399 1984 ediderunt:
433 1937 506 1982 nec
534 1937 629 1987 usus
655 1916 719 1981 sui
749 1917 805 1981 sit
826 1917 866 1982 in
887 1916 1108 1997 Etruriam,
1137 1923 1171 1984 et
1193 1938 1266 1983 cum
1288 1915 1362 1995 hoc,

208 2026 297 2110 quod
331 2024 445 2091 consul
478 2025 549 2108 ipse
582 2025 616 2089 in
649 2024 785 2089 Etruria
817 2046 953 2091 versans
987 2026 1081 2106 dicit,
1120 2032 1363 2110 compararunt,

208 2135 297 2218 quod
325 2133 447 2199 dicitur
474 2130 757 2218 proconsulem
785 2133 824 2198 in
851 2132 1091 2218 Hispaniam
1119 2154 1271 2214 creare,
1299 2133 1363 2200 hoc

208 2251 276 2324 est,
310 2243 366 2326 qui
400 2243 433 2307 in
462 2240 657 2325 Hispaniam
693 2247 756 2306 eat
811 2240 969 2307 Eiusdem
996 2248 1108 2307 autem
1136 2242 1271 2326 originis
1300 2250 1362 2319 est,

209 2352 298 2436 quod
321 2371 408 2416 nunc
431 2348 679 2432 (Alschefskius
706 2349 1002 2430 Weissenbornius‚
1029 2350 1197 2433 Hertzius)
1220 2351 1255 2416 in
1276 2349 1361 2416 libro

211 2461 257 2541 X,
288 2463 344 2538 36,
378 2464 393 2522 l
425 2457 541 2523 edunt:
575 2458 613 2522 in
647 2457 778 2523 medio
807 2459 993 2524 sarcinas
1024 2459 1268 2540 coniiciunt,
1301 2459 1365 2544 ipsi

209 2568 425 2646 adnotantes,
456 2564 536 2630 alibi
564 2586 692 2649 semper
720 2566 785 2631 dici
813 2567 854 2632 in
884 2566 1055 2634 medium
1083 2567 1290 2634 coniicere
1314 2568 1366 2650 (ut

170 2843 173 2848 '
246 2839 263 2905 Ι)
283 2836 562 2907 [„Weissenb0rnius,
581 2855 670 2906 quum
686 2855 709 2892 a.
731 2841 796 2894 1853
814 2841 844 2893 in
861 2839 883 2907 I,
901 2841 943 2908 33,
961 2841 978 2894 6
995 2844 1074 2896 recte
1092 2839 1238 2895 edidisset:
1258 2844 1367 2910 ponte

277 2951 313 2962 -
334 2923 368 2978 in
389 2921 509 2977 Tiberi
532 2921 639 2987 facto,
667 2941 690 2976 a.
713 2925 779 2979 1360
800 2930 899 2980 contra
921 2931 1047 2995 apertam
1069 2927 1208 2981 rationem
1226 2943 1366 2995 usumque

279 3008 537 3064 constantissimum
555 3007 665 3076 (contra
678 3009 804 3079 Patiam)
823 3012 940 3082 scripsit
958 3012 991 3067 in
1009 3010 1172 3079 Tiberim,
1192 3009 1261 3078 etl,
1279 3012 1322 3080 39,
1343 3015 1366 3078 l,

279 3112 365 3164 quum
384 3099 450 3150 ante
467 3099 545 3149 reete
563 3095 736 3164 scripsisset:
763 3095 961 3167 prodigium
984 3097 1058 3153 visu
1082 3102 1279 3166 eventuque
1296 3106 1365 3153 me*

278 3180 446 3235 morabila
466 3179 540 3246 fuit,
558 3199 633 3236 nunc
648 3182 744 3250 posuit
757 3181 972 3238 incredibiliter:
991 3183 1039 3239 Eo
1054 3189 1211 3253 tempore
1225 3182 1367 3252 inregia

279 3265 478 3336 prodigium
501 3267 624 3333 visum,
653 3271 848 3336 eventuque
874 3269 1103 3325 memorabile
1127 3268 1196 3323 fuit
1218 3268 1308 3336 (quasi
1332 3284 1366 3322 eo

278 3356 407 3422 tempore
426 3358 528 3408 eventu
545 3351 728 3408 memorabile
745 3352 831 3408 fuerit
847 3355 1007 3425 prodigium
1026 3345 1054 3410 et
1073 3354 1153 3425 qussi
1172 3353 1212 3408 sic
1231 3353 1367 3423 coniungi

278 3438 388 3507 possint
415 3437 523 3493 visum
546 3455 599 3508 pro
626 3438 734 3493 visum
758 3445 810 3494 est
834 3444 863 3494 et
886 3439 974 3508 suit);
1001 3441 1073 3497 adeo
1096 3457 1154 3495 non
1178 3444 1228 3495 aut
1251 3438 1288 3492 ad
1309 3438 1367 3507 illa,

279 3541 342 3593 quae
359 3523 519 3579 Emendatt.
538 3522 598 3577 Isiu,
613 3542 639 3593 p.
656 3525 673 3576 9
690 3525 828 3590 indicavi,
851 3526 979 3594 exempla
998 3525 1158 3580 attenderat
1176 3524 1279 3580 autad
1297 3524 1367 3592 haec,

279 3608 343 3679 q'uae
366 3614 505 3679 praeterea
527 3608 557 3662 in
575 3608 686 3662 duobus
703 3610 803 3678 primis
822 3610 902 3664 libris
919 3610 1045 3665 viderat:
1063 3610 1085 3676 I,
1108 3613 1150 3677 34,
1176 3614 1192 3665 3
1212 3612 1368 3667 exsulem

279 3695 412 3750 advena
429 3694 470 3762 (Μ
486 3693 532 3759 P),
559 3694 604 3761 33,
632 3693 916 3751 dismiliaritate
938 3701 1039 3750 aucta
1057 3695 1097 3763 (Μ
1114 3694 1155 3763 Η,
1181 3695 1366 3752 familiari·

278 3785 385 3835 tatem
408 3784 486 3834 acta
503 3777 545 3846 Ρ),
567 3777 603 3846 Π,
630 3781 669 3847 10,
691 3780 756 3833 ’let
776 3781 808 3833 10
830 3781 985 3850 exiguam
1008 3787 1109 3851 parte
1133 3787 1162 3837 et
1183 3788 1288 3851 ponte
1306 3782 1366 3838 ob·

280 3866 417 3920 tineret
439 3863 471 3932 (P
489 3881 525 3917 m.
547 3862 580 3931 1),
606 3867 646 3931 11,
668 3863 871 3920 ’lGabinam
895 3865 981 3920 viam
1000 3865 1058 3935 (Μ),
1076 3869 1118 3935 30,
1139 3870 1152 3920 1
1171 3868 1205 3921 in
1226 3867 1368 3936 primam

279 3949 431 4005 exsulum
454 3948 564 4004 aciem
587 3948 652 4018 (Μ),
676 3951 722 4018 33,
746 3952 763 4004 6
786 3950 937 4007 residem
960 3952 997 4008 in
1018 3953 1136 4009 urbem
1160 3952 1201 4020 (Μ
1218 3969 1255 4007 m.
1275 3957 1302 4022 l,
1326 3952 1368 4022 P),

279 4037 322 4102 34,
344 4037 363 4089 6
386 4033 446 4089 nbi
464 4052 537 4090 eam
554 4035 753 4091 remisisset
775 4035 815 4103 (Μ
832 4034 878 4105 Ρ),
902 4037 958 4092 ibd.
980 4040 1011 4093 13
1029 4038 1147 4107 (facile
1166 4038 1297 4094 dietum
1316 4044 1370 4094 est

281 4121 321 4189 (Μ
343 4118 400 4188 Ρ).“
446 4120 499 4188 (Ex
517 4120 625 4191 praefat
644 4120 718 4174 Livii
740 4121 795 4177 vol.
813 4121 827 4174 I
844 4121 912 4179 fasc.
937 4123 970 4192 1.)
1013 4124 1117 4180 Postea
1139 4124 1258 4180 Tiberi
1284 4141 1367 4179 revo-

280 4209 385 4273 catum,
403 4205 511 4261 risum
529 4212 672 4262 servatum
690 4209 747 4261 esti
766 4206 821 4262 cfr.
839 4207 910 4264 Λᾶν.
929 4207 995 4264 crit
1013 4210 1027 4263 I
1044 4228 1071 4280 p.
1088 4206 1143 4278 63.)
