3060 5272
246 342 309 397 Lib.
326 341 427 396 XXXI.
789 328 852 390 466

246 512 381 579 facere
410 519 449 577 et
476 533 641 595 regnum
668 517 707 576 et
728 510 992 575 Macedonum
1020 531 1161 577 nomen
1190 510 1299 577 haud
1329 512 1414 579 mi·

247 641 320 685 nus
349 641 464 704 quam
493 618 716 684 Romanum
745 617 882 683 nobile
911 619 1114 684 sentietis.
1170 618 1224 685 Sic
1252 625 1286 686 et
1314 618 1344 685 B
1370 628 1414 689 et

247 729 397 813 vulgares
419 726 567 804 codices,
601 726 666 790 nisi
695 724 782 807 quod
810 725 843 788 in
873 724 938 789 illis
960 725 1085 805 bello,
1120 726 1209 810 quod
1237 727 1413 797 editiones

246 838 333 901 inter
368 833 504 899 nobile
539 839 571 897 et
606 833 797 897 sentietis
834 833 1061 916 interponunt,
1101 834 1210 900 omitti
1249 834 1409 903 Draken-

245 942 400 1009 bcrohius
423 962 487 1006 non
511 939 689 1006 adnotavit.
734 939 819 1003 Hinc
842 939 1071 1022 interpolando
1095 943 1334 1027 natum‚,quod
1357 944 1408 1011 ad

133 1079 137 1088 ·
245 1058 393 1117 nostrum
432 1054 561 1130 tempus
600 1049 633 1112 in
674 1046 872 1112 editionibus
911 1046 989 1111 fuit:
1029 1046 1126 1112 mihi
1166 1069 1327 1133 quoque
1360 1051 1408 1117 in

246 1159 378 1224 animo
407 1162 469 1220 est
492 1153 645 1233 facere,
678 1160 721 1218 ut
749 1174 908 1236 regnum
931 1154 1026 1219 Mac.
1050 1175 1270 1239 nomenque
1296 1155 1332 1223 h.
1356 1180 1404 1225 m.

246 1289 276 1348 q.
307 1267 345 1330 R.
374 1262 511 1328 nobile
544 1261 652 1326 bello
687 1262 899 1340 sentiatis,
933 1281 1036 1344 prava
1069 1263 1250 1343 sententia;
1289 1284 1406 1349 neque

246 1375 332 1439 enim
353 1392 470 1437 nomen
494 1369 673 1433 adversarii
694 1368 782 1433 bello
805 1367 915 1434 nobile
938 1376 1104 1453 tamquam
1124 1370 1257 1454 aliquod
1274 1372 1403 1439 malum

246 1481 388 1547 sentitur
411 1478 513 1560 (esse
537 1475 643 1541 audiri
667 1476 796 1556 nequit3
820 1497 925 1559 neque
947 1478 979 1540 in
1004 1498 1042 1541 eo
1065 1498 1183 1559 magno
1207 1497 1306 1562 opere
1330 1480 1403 1547 ela·

244 1586 429 1653 borandum
452 1590 537 1662 erat,
574 1589 611 1647 ut
638 1584 777 1647 Romani
799 1582 1014 1648 Macedonum
1045 1606 1164 1649 nomen
1192 1585 1302 1651 nobile
1327 1608 1406 1655 esse

245 1693 391 1775 scirent).
412 1715 419 1728 ·
442 1690 726 1755 Weissenbornius
750 1690 880 1754 codices
905 1698 1036 1755 secutus
1060 1698 1117 1770 est,
1142 1691 1298 1759 semicolo
1321 1702 1408 1778 post

244 1804 383 1868 facere
406 1798 534 1882 posit03
568 1799 599 1860 in
630 1819 695 1880 qua
722 1797 888 1880 scriptura
911 1797 1145 1882 (praterqiiam
1169 1798 1256 1882 quo'd
1280 1800 1403 1868 eadem

245 1917 297 1978 est
320 1907 488 1974 sententiae
511 1903 737 1987 reprehensio)
761 1905 839 1985 quid
863 1903 1080 1982 sittacene,
1110 1907 1241 1970 omnino
1263 1909 1402 1991 ignor03

244 2021 297 2084 vix
319 2016 424 2082 audeo
448 2013 624 2094 suspicari,
658 2009 822 2075 hominem
852 2012 985 2077 doctum
1016 2019 1151 2095 putasse
1181 2015 1213 2076 in
1236 2013 1300 2079 hac
1323 2035 1404 2081 ora-

244 2128 334 2193 tionc
356 2123 493 2187 facere
517 2140 576 2201 pro
600 2140 653 2197 eo,
683 2119 771 2201 qued
796 2119 949 2183 Germani
979 2119 1092 2183 dicunt
1120 2119 1311 2199 liandeln‚
1341 2142 1401 2187 ac·

244 2235 310 2318 cipi
334 2252 445 2315 posse3
479 2227 519 2289 de
550 2225 690 2291 liarbaro
713 2226 770 2289 illo
794 2227 925 2291 animo
949 2226 1044 2290 milri
1067 2233 1129 2291 est
1151 2227 1290 2291 facere
1312 2229 1400 2295 nihil

244 2342 333 2419 dico,
367 2335 456 2420 quod
479 2356 518 2397 eo
541 2332 734 2412 (iciendum,
771 2334 860 2415 quod
890 2355 954 2398 uno
985 2340 1019 2397 et
1041 2332 1144 2398 altero
1167 2333 1240 2399 loco
1264 2334 1401 2403 codices

242 2455 301 2516 aut
329 2467 406 2531 pars
434 2441 584 2506 codicum
612 2440 737 2504 liabent
759 2441 889 2504 animo
911 2440 1076 2517 habere,
1110 2442 1231 2506 extrito
1255 2443 1292 2506 in
1317 2448 1403 2509 ante

242 2578 289 2621 an
320 2551 422 2637 (apud
446 2550 572 2613 Livium
602 2548 702 2611 semel
732 2548 834 2611 codex
856 2547 1118 2612 vindobonensis
1140 2547 1252 2626 XLIV,
1274 2552 1326 2628 25,
1354 2550 1399 2632 1).

240 2664 291 2727 Ex
325 2659 473 2725 codicum
507 2657 670 2738 scriptura
702 2654 813 2737 prodit
845 2652 999 2718 facillime
1035 2662 1069 2717 et
1097 2656 1293 2719 certissime:
1330 2656 1397 2721 sin

240 2769 348 2836 bello
389 2763 615 2834 laccSSItis,
654 2761 750 2825 mihi
790 2782 945 2843 quoque
985 2761 1131 2823 animos
1171 2758 1311 2827 facere
1354 2770 1398 2829 et

240 2895 403 2959 rognum
422 2869 734 2935 ctllacedenurn
753 2890 893 2932 nomen
911 2868 1016 2932 baud
1036 2870 1165 2931 minus
1185 2869 1398 2951 quamRo-

239 3003 391 3049 inanum
427 2976 565 3041 nobile
601 2977 804 3039 sentietis.
862 2974 902 3039 Sc
939 2997 1070 3058 quoque
1100 2981 1134 3039 et
1163 2997 1203 3039 ex
1232 2997 1335 3060 regno
1360 2984 1397 3043 et

155 3108 228 3175 (371)
247 3112 287 3155 cx
314 3086 487 3154 nobilitate
515 3084 620 3165 gentis
649 3082 802 3145 fiduciam
830 3080 976 3164 aliquam
1005 3084 1055 3147 sui
1084 3082 1205 3147 habere
1236 3105 1396 3151 sensuros

238 3199 391 3263 minetur.
444 3193 607 3257 Animos
637 3187 765 3253 alicui
797 3188 935 3253 facore
964 3189 1084 3252 iterum
1113 3189 1176 3253 hoc
1199 3191 1307 3274 capite
1331 3188 1349 3274 ἓ
1373 3196 1395 3257 9

238 3305 358 3370 dicitur
381 3309 415 3367 et
438 3322 465 3365 c.
486 3304 535 3376 14,
560 3303 576 3361 5
601 3318 707 3378 neque
731 3294 910 3379 quidquam
934 3295 1021 3380 apud
1040 3296 1166 3360 Livium
1188 3295 1395 3381 frequentius

238 3412 276 3492 (Ι,
299 3415 349 3475 34.
373 3418 403 3490 4,
433 3408 485 3485 Vl,
509 3409 537 3482 7,
562 3410 590 3483 5,
619 3402 748 3481 XXXV,
771 3408 821 3482 36,
845 3408 874 3482 7,
898 3402 1060 3483 XXXIII,
1085 3407 1134 3481 37,
1159 3408 1187 3483 9,
1211 3404 1394 3487 XXXVIII,

239 3519 287 3591 15,
311 3519 342 3593 a,
362 3511 463 3588 XLII,
488 3516 538 3590 50,
561 3516 589 3590 7,
613 3509 780 3575 simillimo
802 3506 900 3590 loeo).

322 3617 401 3703 Gap.
432 3624 487 3699 21,
516 3624 536 3681 4
567 3618 621 3699 (de
646 3619 681 3682 L.
706 3618 804 3682 Furio
834 3616 947 3681 Gallos
977 3616 1170 3682 Cremonam
1201 3619 1392 3687 obsidentes

235 3748 299 3792 non
323 3727 445 3804 statim,
475 3726 674 3804 interdicunt,
703 3722 890 3808 aggress0):
926 3723 1189 3790 Lassitudini
1213 3726 1392 3793 militum

234 3832 390 3912 timuit,
425 3832 529 3917 quod
565 3833 715 3916 raptim
751 3830 912 3897 ductum
943 3853 1081 3916 agmen
1111 3839 1208 3897 erat.
1265 3833 1318 3899 Sic
1346 3833 1390 3899 ab

235 3939 397 4017 omnibus,
420 3941 477 4021 qui
496 3941 622 4004 Livium
645 3940 829 4019 ediderunt,
853 3940 922 4004 sine
945 3939 1013 4003 ulla
1036 3940 1194 4005 varietate
1218 3941 1391 4024 scribitur3

234 4067 295 4111 nec
319 4054 394 4111 ante
418 4055 565 4112 nostram
589 4055 719 4112 atatem
743 4047 922 4130 quidquam
946 4046 986 4111 de
1005 4046 1173 4111 codichns
1192 4047 1391 4113 adnotatum

233 4160 291 4218 est.
347 4154 479 4236 Itaque,
513 4153 602 4237 quod
638 4161 726 4219 certo
763 4153 920 4218 sermonis
950 4151 1059 4217 Latini
1095 4153 1168 4218 usui
1198 4174 1259 4217 nec
1288 4152 1389 4219 ullam
