3060 5272
728 841 788 901 117
1207 852 1270 908 Lib.
1288 852 1335 907 IV.

177 1024 468 1112 populabundi
513 1023 817 1090 descenderent
855 1025 895 1088 in
935 1044 1071 1106 agrum
1109 1025 1335 1091 Romanum.

178 1134 253 1200 Duo
281 1134 315 1198 in
341 1134 406 1201 hoc
433 1132 611 1198 verborum
639 1132 778 1197 circuitu
800 1131 977 1198 manifesta
999 1133 1227 1198 additamenta
1249 1140 1336 1212 sunt,

180 1265 281 1308 unum
303 1263 324 1308 a
345 1242 381 1307 T.
404 1241 432 1305 F
433 1240 516 1306 abro
540 1241 818 1319 animadversum,
848 1243 901 1306 cui
924 1260 1008 1306 unus
1030 1242 1144 1325 paruit
1165 1242 1244 1306 civis
1267 1243 1337 1307 eius

179 1351 274 1434 longo
296 1348 431 1416 inferior
453 1349 640 1415 Douiatins.
685 1348 769 1414 Nam
791 1350 949 1432 pestilens
973 1368 1078 1415 annus
1101 1370 1167 1414 non
1190 1355 1336 1414 metum

179 1459 342 1524 vastitatis
365 1456 478 1538 efficit,
508 1458 567 1524 sed
589 1458 841 1536 vastitatem,
866 1479 927 1524 nec
949 1464 1056 1524 metus
1078 1459 1252 1536 vastitatis,
1276 1458 1336 1523 sed

178 1567 316 1632 vastitas
344 1572 394 1645 et,
428 1566 569 1631 desertis
591 1565 680 1648 agris
703 1564 937 1648 domibusque,
971 1566 1048 1648 iuga
1069 1566 1240 1630 hominurn
1261 1588 1336 1650 pro·

177 1675 284 1754 hibet,
313 1696 356 1740 ne
379 1675 554 1758 quisquam
577 1671 747 1758 predandi
768 1693 870 1739 causa
893 1682 998 1740 exeat.
1049 1674 1167 1756 Itaque
1189 1681 1335 1740 metum

176 1789 316 1868 apparet
338 1782 381 1848 ab
404 1783 517 1866 aliquo
540 1781 705 1859 additum,
739 1782 883 1863 quinon
906 1782 1113 1860 attendisset,
1148 1804 1212 1865 quo
1236 1784 1336 1865 signi-

176 1891 276 1957 ficatu
298 1899 457 1957 tanturn
479 1890 700 1955 rastitatis
724 1889 898 1955 diceretur.
949 1890 1036 1955 Illud
1059 1891 1242 1957 cuiusmodi
1266 1912 1337 1956 esse

177 1999 298 2078 dicam,
333 1999 423 2082 quod
445 1996 731 2063 Weissenbornius
759 1998 803 2061 ad
832 1998 1072 2063 defendendum
1100 1999 1188 2063 hunc
1215 2007 1337 2065 metum

179 2109 348 2173 vastitatis
382 2106 552 2191 pestilenti
581 2126 668 2170 anno
699 2104 852 2171 effectum
878 2113 1064 2190 comparat,
1099 2108 1187 2189 quod
1215 2108 1336 2187 XXIII,

182 2220 231 2295 14,
255 2220 274 2280 '7
297 2215 458 2295 homines,
492 2215 549 2298 qui
572 2215 700 2293 timent,
735 2236 776 2279 ne
799 2235 897 2296 agros
920 2236 999 2280 suos
1021 2215 1128 2280 hostis
1150 2217 1336 2299 populetur,

177 2329 300 2389 metum
339 2344 494 2406 agrorum
526 2321 754 2406 populationis
786 2343 971 2407 proponere
1005 2324 1122 2388 animis
1157 2324 1334 2390 dicuntur?

177 2430 304 2497 Deinde
333 2439 444 2497 autem
472 2432 615 2515 pupugit
643 2431 789 2494 animum
818 2430 987 2513 diligentis
1010 2432 1167 2510 hominis,
1200 2432 1334 2508 Dukeri,

178 2558 377 2605 murorum
410 2539 453 2605 ab
488 2538 639 2623 oppido
674 2540 840 2621 separatio
875 2540 959 2619 (aut
991 2561 1077 2623 opp.
1112 2546 1182 2605 aut
1214 2547 1333 2605 mont.

178 2655 248 2713 aut
275 2647 433 2729 muris);
467 2649 580 2730 itaque
608 2668 720 2712 muros
748 2646 962 2712 castellorum
984 2653 1042 2711 aut
1064 2648 1208 2711 vicorum
1230 2651 1335 2713 muni-

177 2762 286 2821 torum
319 2755 561 2839 intellegendos
594 2761 699 2839 putot.
762 2754 826 2820 Sed
859 2776 966 2837 neque
998 2775 1132 2819 muros
1165 2757 1212 2819 sic
1245 2758 1334 2837 quis·

177 2885 278 2948 quam
301 2864 454 2930 absolute
477 2863 576 2942 dixit,
610 2864 791 2948 praesertim
819 2864 942 2947 oppido
971 2864 1004 2927 in
1033 2863 1149 2928 eadem
1172 2865 1336 2928 sententie

175 2971 361 3056 appellato,
394 2989 501 3055 neque
530 2972 716 3037 huiusmodi
746 2971 883 3036 castella
910 2972 1012 3035 muris
1035 2970 1163 3035 munita
1184 2972 1218 3034 in
1240 2971 1335 3036 Fide-

175 3081 246 3145 nati
279 3101 361 3164 agro
396 3088 455 3146 aut
488 3086 786 3146 commemorantur
819 3099 964 3161 unquam
998 3099 1018 3142 a
1045 3079 1136 3144 Livio
1171 3085 1229 3144 aut
1263 3101 1334 3145 esse

175 3195 363 3271 potuerunt.
424 3188 564 3253 Addidit
602 3194 672 3253 aut
711 3188 859 3271 oppido
900 3186 1034 3269 aliquis,
1075 3188 1132 3271 qui
1173 3190 1331 3273 oppidum

174 3314 341 3362 murorum
370 3297 593 3380 appellatione
615 3296 783 3362 contineri
806 3317 871 3360 non
893 3294 1035 3359 videbat.
1094 3293 1242 3377 [Omittit
1263 3297 1333 3362 haec

174 3404 275 3468 verba
304 3404 407 3470 codex
436 3404 645 3470 Veronensis.
701 3402 857 3486 Idemque
887 3402 1058 3468 confirmat
1085 3403 1229 3487 Ussingii
1258 3427 1333 3471 con·

173 3512 336 3576 iecturam
354 3511 477 3593 (1861),
496 3532 573 3577 non
598 3519 675 3577 ante
693 3512 1027 3601 exirettollendum
1045 3534 1132 3592 esse;
1158 3513 1228 3577 iure
1247 3516 1334 3577 enim

172 3620 299 3685 amicus
324 3642 418 3686 meus
443 3626 552 3701 negat,
575 3641 653 3684 non
676 3619 789 3685 modo
813 3621 1028 3701 quisquam
1045 3656 1089 3665 —
1109 3642 1187 3686 non
1206 3642 1265 3703 pro
1283 3643 1331 3698 eo,

172 3728 262 3811 quod
291 3735 343 3793 est
371 3749 448 3793 non
478 3729 592 3793 modo
622 3748 749 3806 nemo,
780 3727 898 3791 Latine
925 3727 1005 3806 dici,
1034 3749 1094 3791 nec
1124 3730 1157 3791 in
1186 3730 1335 3794 oratione

172 3857 271 3918 prosa
294 3837 512 3920 quisquam
537 3842 595 3901 aut
620 3835 729 3900 ullus
747 3835 913 3915 negationi
931 3836 1149 3917 praeponitur3
1173 3855 1250 3898 nam
1269 3835 1333 3899 Cic.
1457 3836 1463 3842 ’

170 3943 209 4008 N.
228 3942 268 4008 D.
298 3944 325 4022 I,
353 3948 394 4007 24
421 3944 497 4010 boni
521 3944 651 4009 codices
673 3942 797 4007 habent
823 3950 943 4024 neget
970 3941 1093 4005 ullam
1116 3949 1150 4007 et
1172 3941 1255 4007 Phil.
1281 3943 1336 4021 Vl,

173 4051 286 4117 rvat.
305 4050 443 4118 horam
473 4053 660 4128 eximere,
691 4052 811 4115 omisso
835 4049 968 4115 ullam.
1016 4048 1156 4115 Sublato
1186 4072 1262 4114 non
1279 4052 1333 4115 hic

168 4159 262 4225 locus
280 4160 419 4226 eandem
436 4161 539 4226 habet
557 4161 718 4225 orationis
738 4158 889 4236 formam,
908 4179 981 4240 quae
1000 4165 1050 4223 est
1066 4158 1182 4236 XXIV,
1204 4163 1256 4238 40,
1278 4163 1332 4223 12:

168 4274 317 4334 utnon
339 4269 453 4334 modo
477 4269 587 4334 alius
610 4269 828 4351 quisquam
851 4287 961 4332 arma
984 4273 1154 4351 caperet
1178 4317 1239 4346 ...,
1262 4267 1332 4332 sed

172 4376 300 4441 etiam
322 4377 411 4461 ipse
434 4398 504 4442 rex
601 4375 859 4460 perfugerit]

255 4482 335 4569 (lap.
359 4488 417 4565 24,
453 4490 471 4549 5
501 4484 572 4566 (ubi
601 4487 777 4569 exponitur
804 4485 901 4549 Mam.
947 4483 1071 4548 AEmilii
1105 4483 1146 4547 de
1182 4504 1330 4549 censura

170 4591 388 4659 diuturnitate
421 4593 600 4658 minuenda
629 4593 768 4675 oratiol:
804 4613 924 4675 grave
959 4613 1048 4656 esse
1082 4592 1227 4657 iisdem
1261 4615 1331 4678 per

167 4706 232 4765 tot
260 4720 384 4767 annos
407 4721 553 4784 magna
575 4707 693 4784 parte
716 4703 810 4766 vitae
832 4701 1034 4766 obnoxios
1057 4701 1204 4766 vivere.
1255 4703 1329 4768 Non
