3060 5272
202 384 264 440 Lib.
283 383 384 439 XXIII.
750 369 811 430 326

202 578 323 654 rosque
357 556 529 638 concipere
558 553 736 632 audebant,
765 554 905 618 maxime
930 553 1081 617 Valerius
1104 553 1229 630 Antias,
1264 553 1359 636 signa

201 685 321 746 magno
351 684 485 729 numero
509 667 608 745 capta
629 661 757 727 omissis
780 661 967 725 hominibus
989 667 1219 740 narraverant;
1252 681 1358 744 neque

202 777 314 838 tamen
342 771 376 834 in
404 771 467 834 hac
489 768 725 835 consuetudine
747 769 859 834 Livius
882 769 946 834 sibi
970 775 1118 847 constat,
1147 768 1250 852 signis
1273 769 1358 833 enim

202 878 466 945 commemoratis
496 878 645 961 captivos
668 877 793 942 omittit
815 876 872 954 IX,
901 881 952 950 35,
972 869 1011 955 ’8,
1042 876 1080 954 X,
1111 881 1161 956 30,
1184 881 1213 954 2,
1242 875 1357 952 XXII,

202 990 231 1066 6,
261 992 291 1065 8,
319 985 452 1066 XXVII,
479 990 530 1064 40,
562 989 609 1064 ll,
638 984 739 1063 XXX,
765 990 812 1063 18,
844 989 891 1064 13,
921 984 1039 1063 XXXI,
1068 989 1119 1064 49,
1150 989 1178 1064 7,
1208 982 1359 1062 XXXIII,

204 1098 253 1174 36,
280 1099 334 1173 133
357 1115 434 1159 nam
452 1093 571 1171 XXIII,
596 1095 645 1173 35,
672 1098 709 1157 19
733 1100 823 1158 recte
843 1091 1130 1159 Weissenbomius
1153 1114 1171 1158 e
1195 1092 1360 1175 scriptura

201 1203 323 1269 codicis
346 1202 371 1266 P
394 1203 584 1286 suspicatus
608 1208 660 1266 est
682 1201 887 1284 captivorum
910 1222 1080 1266 numerum
1102 1199 1310 1280 excidissa.¹)

115 1330 186 1401 (sse)
291 1309 388 1395 *Cap
412 1315 468 1389 40,
504 1315 522 1374 9
551 1309 605 1390 (de
629 1309 664 1373 Τ.
688 1308 811 1374 Manlio
839 1310 872 1373 in
896 1308 1049 1374 Sardinia
1076 1314 1191 1374 contra
1212 1307 1359 1372 Hasdru·

201 1417 310 1484 balem
336 1418 459 1484 bellum
487 1416 651 1501 gerente):
685 1417 818 1483 Primo
852 1423 990 1482 castra
1017 1417 1170 1482 castris
1199 1416 1358 1483 modico

199 1526 423 1594 intervallo
459 1531 552 1590 sunt
579 1525 761 1605 obiecta,
796 1526 991 1608 deinceps
1019 1524 1359 1608 procursationes

200 1634 311 1699 levia
338 1634 564 1699 certamina
592 1634 704 1699 vario
735 1639 883 1699 eventu
912 1634 1034 1713 inita,
1062 1640 1269 1716 postremo
1293 1632 1359 1700 de·

200 1763 386 1809 soensum
415 1742 453 1806 in
483 1741 619 1806 aciem.
675 1741 729 1807 Sic
753 1741 884 1808 codices
908 1739 1010 1822 (PCM
1033 1740 1143 1821 Cant,
1173 1742 1267 1822 cet),
1302 1740 1360 1808 sed

199 1870 305 1931 neque
327 1849 521 1932 deinceps
540 1851 574 1913 in
591 1850 835 1916 enumeratione
853 1850 941 1914 inter
958 1851 1086 1933 primo
1104 1856 1139 1915 11
1154 1856 1359 1933 postremo

200 1957 347 2043 positum
386 1957 454 2023 ulla
492 1958 622 2023 ratione
663 1958 770 2023 ullove
810 1957 960 2042 exemplo
1002 1957 1205 2035 defenditur,
1253 1978 1358 2039 nsque

199 2066 383 2149 asyndeton
411 2064 785 2150 (procursationes,
816 2067 1055 2144 certamina,
1084 2066 1198 2131 addito
1222 2086 1357 2149 praser-

198 2174 258 2239 tim
287 2174 383 2239 alteri
411 2175 534 2239 nomini
558 2175 733 2256 adiectivo)
756 2175 833 2241 ferri
857 2181 981 2259 potest,
1014 2194 1120 2257 neque
1143 2193 1359 2258 procursa-

199 2283 331 2363 tiones
359 2283 568 2361 ineuntur,
598 2283 655 2348 sed
684 2284 926 2363 certamina,
954 2304 1096 2365 quorum
1126 2282 1190 2348 illae
1213 2281 1359 2347 occasio·

198 2411 272 2454 nem
294 2390 452 2474 praebent.
486 2390 680 2456 Necessario
706 2391 804 2473 igitur
827 2390 1051 2456 scribendum:
1075 2390 1163 2453 dein
1186 2409 1249 2470 per
1271 2411 1358 2473 pro·

199 2499 461 2563 cursationes
483 2497 591 2563 levia
613 2500 841 2564 certamina
867 2500 1042 2565 —inita

217 2681 223 2689 ἱ
285 2605 364 2688 Cap.
388 2611 438 2685 41,
465 2611 519 2671 ll:
553 2607 648 2690 App.
673 2605 867 2695 Claudius
889 2606 1185 2672 ——Messanam
1207 2607 1359 2689 raptim

199 2714 383 2779 exercitu
416 2713 537 2778 ducto
574 2721 755 2798 aestuque
783 2736 852 2780 suo
883 2715 1035 2781 Locros
1063 2715 1247 2781 traiecit.
1304 2713 1357 2778 Sic

198 2823 233 2886 in
273 2821 442 2887 codicibus
477 2820 643 2888 scribitur.
704 2822 819 2904 Neque
858 2823 939 2889 illud
980 2825 1129 2907 raptim
1170 2823 1357 2888 exercitu

200 2928 320 2994 ducto
350 2929 404 3010 (de
433 2931 550 2996 itinere
579 2932 729 2996 terrestri
759 2937 836 2995 ante
858 2932 1051 3012 traiectum)
1075 2931 1260 3015 copulative
1283 2951 1357 3007 cum

199 3045 300 3102 aestu
329 3059 399 3102 suo
429 3038 500 3122 (qui
528 3038 572 3103 ad
599 3039 776 3120 navigandi
804 3039 1071 3106 commoditatem
1100 3038 1256 3122 pertinet)
1280 3060 1356 3105 con·

198 3146 289 3229 iungi
323 3153 433 3229 potest
466 3167 572 3230 nsque
605 3148 639 3210 in
672 3147 848 3230 navigandi
878 3149 1113 3215 commoditate
1142 3145 1358 3231 significanda

199 3262 320 3320 oestus
350 3254 440 3319 solus
470 3257 734 3333 commemorari,
770 3256 890 3322 omisso
913 3263 1021 3322 vento.
1079 3256 1197 3339 Itaque
1226 3255 1289 3335 hic,
1319 3241 1356 3319 ut

200 3361 279 3428 alibi
309 3383 406 3446 sape,
435 3383 510 3445 que
538 3362 693 3428 indicium
715 3364 796 3429 facit
818 3365 907 3430 vocis
929 3366 1075 3443 omissae,
1110 3365 1356 3448 scripseratque

200 3470 326 3535 Livius:
373 3469 602 3535 Messanam
645 3473 793 3555 raptim
839 3474 1024 3538 exercitu
1063 3474 1201 3552 ducto,
1246 3478 1355 3535 rent·

227 3723 337 3794 Ι1011.
365 3727 412 3787 36,
445 3728 462 3778 2
488 3724 683 3781 Alschefskius
715 3727 744 3782 in
771 3727 896 3781 editione
923 3728 1032 3780 minore
1059 3729 1089 3781 in
1116 3745 1214 3782 verum
1241 3727 1354 3783 incidit:

269 3811 420 3865 tironum
448 3826 572 3878 magna
598 3827 636 3865 ex
663 3817 765 3881 parte
788 3818 822 3866 at
843 3828 1037 3866 servorum.
1082 3813 1186 3867 Omissi
1204 3831 1221 3867 a
1239 3813 1356 3867 librario

268 3901 301 3951 et
318 3901 385 3965 post
402 3911 415 3948 a
433 3896 561 3965 exempla
579 3902 644 3951 ante
662 3898 757 3966 posui3
780 3915 803 3951 c.
822 3899 868 3964 46,
893 3900 910 3952 6
929 3899 985 3953 iarn
1005 3899 1251 3953 Weissenbornius
1270 3899 1356 3967 scrip·

269 3982 319 4035 sit:
337 3980 434 4035 mixti
453 3979 608 4035 Numida
628 3987 661 4036 ct
679 3982 834 4053 Hispani.
875 3981 913 4052 [C.
935 3986 977 4051 37,
996 3987 1012 4038 2
1030 3984 1211 4041 scribendum
1230 3983 1354 4038 videtur:

267 4067 439 4120 Adversus
457 4066 610 4135 ligneam
628 4067 805 4136 ingentem
824 4068 992 4124 admotam
1009 4071 1084 4125 urbi
1103 4077 1231 4125 turrem
1251 4069 1354 4123 aliam

268 4151 330 4221 (pro
354 4152 457 4206 aliam
476 4152 619 4217 turrem)
639 4171 678 4206 ox
696 4155 771 4224 ipso
790 4172 883 4209 muro
903 4156 1083 4223 excitavit3
1100 4155 1260 4211 necessario
1278 4155 1353 4210 anim

268 4255 371 4291 nomen
389 4253 453 4291 oum
471 4237 661 4305 superioribus
680 4239 828 4294 adiectivis
846 4241 1074 4310 coniungendam
1091 4248 1142 4296 est.
1180 4237 1266 4308 luta]
