3060 5272
239 324 406 403 mem
787 335 850 398 286

329 517 406 602 Gap.
431 522 459 599 5,
484 521 518 583 3:
551 525 596 584 ut
624 539 694 584 sua
721 520 839 602 signa
860 523 982 603 atque
1005 520 1185 585 ordinem
1206 524 1247 585 et
1267 518 1399 593 locum

241 631 434 691 nosceret
466 626 594 692 miles.
655 624 729 692 Pnt.
763 633 798 692 et
830 647 944 693 omnes
976 627 1071 693 boni:
1113 625 1398 695 ordinemsed

240 732 372 798 locum
394 741 593 816 nosceret,
617 735 735 800 omisso
758 733 887 799 miles.
926 732 1071 799 Primum
1093 732 1132 798 fit
1154 734 1318 800 ordines
1341 742 1399 816 et;
1455 812 1458 818 ,

239 861 317 907 nam
350 861 425 905 cum
458 842 559 925 signis
592 842 790 907 conveniunt
823 841 968 921 ordines,
1001 860 1068 907 non
1101 841 1200 922 ordo;
1232 862 1248 904 s
1281 842 1325 907 ad
1358 850 1399 908 et

238 955 346 1013 tracto
370 946 458 1030 (set)
482 949 633 1014 additum
655 955 706 1014 est
728 969 766 1029 n,
794 954 832 1014 ut
854 969 881 1013 c.
907 952 937 1028 6,
960 951 980 1012 2
1002 970 1063 1033 pro
1086 947 1226 1015 hostes
1249 970 1400 1016 summa
1478 983 1480 985 >

240 1054 543 1138 (hostesumma)
579 1057 739 1141 scriptum
773 1063 823 1122 est
855 1056 1012 1122 hostem
1046 1077 1208 1122 summa
1263 1055 1394 1123 Deinde

239 1162 450 1228 scribendum
478 1169 713 1244 noscerent3
742 1184 783 1229 ex
804 1184 843 1229 eo
867 1169 1005 1248 propter
1032 1169 1209 1248 poterat,
1238 1163 1397 1245 aberat,

240 1276 498 1355 competeret
520 1271 644 1337 factum
666 1278 865 1351 nosceret,
889 1277 962 1336 tum
983 1271 1134 1337 additum
1155 1271 1279 1337 miles.
1308 1270 1353 1354 (N
1360 1295 1397 1338 o·

240 1384 406 1443 scerent
432 1379 498 1443 iam
528 1377 597 1444 Pal.
624 1384 639 1442 1
671 1385 704 1445 et
726 1377 1013 1461 Aldus.)·(1862.)
1063 1376 1122 1462 §8
1150 1380 1185 1443 in
1212 1377 1278 1444 his:
1311 1378 1397 1446 fors

240 1485 519 1569 conglobabat
546 1491 586 1551 et
613 1487 768 1551 animus
797 1507 892 1551 suus
921 1487 1066 1569 cuique
1094 1492 1189 1552 ante
1211 1491 1282 1552 aut
1303 1493 1398 1569 post

239 1594 449 1678 pugnandi
491 1593 671 1659 ordinem
706 1592 850 1672 dabat,
891 1600 1115 1678 tantusque
1154 1592 1235 1660 suit
1273 1593 1397 1661 ardor

239 1701 480 1779 animorum,
520 1699 620 1765 adeo
654 1701 841 1766 intentus
875 1722 1016 1785 pugnae
1049 1703 1220 1782 animus,
1253 1708 1298 1767 ut
1331 1709 1393 1769 cet.

239 1808 293 1871 vix
316 1807 451 1872 dubium
472 1807 620 1887 videtur,
649 1808 729 1890 quin
752 1809 907 1873 animus
929 1808 1029 1874 tertio
1051 1809 1123 1875 loco
1146 1830 1167 1874 a
1188 1809 1277 1875 mala
1297 1831 1397 1877 manu

239 1916 292 1980 sit.
338 1914 462 1997 (1872.)

154 2036 227 2105 (238)
332 2022 427 2108 *Cap
458 2027 492 2103 8,
526 2026 545 2086 6
573 2042 673 2105 cogor
700 2027 843 2088 veterem
870 2023 975 2106 ignoti
1003 2023 1144 2088 hominis
1172 2026 1397 2092 coniecturam

240 2129 288 2212 (iu
311 2131 457 2197 editione
474 2130 677 2196 Ascensiana
698 2150 728 2196 a.
744 2135 835 2210 1513,
858 2137 896 2196 ut
917 2131 1021 2208 aiunt,
1043 2131 1185 2215 primum
1206 2132 1397 2216 proditam),

238 2238 273 2303 in
301 2259 368 2322 qua
396 2239 499 2304 ceteri
528 2258 640 2303 omues
664 2239 910 2320 acquieverunt,
943 2238 1016 2303 loco
1036 2226 1175 2304 ¹mouere
1203 2246 1238 2306 et
1263 2241 1396 2323 grarirm

238 2345 365 2425 vulnus,
395 2366 495 2430 quam
517 2345 606 2430 quod
628 2345 686 2410 illa
709 2352 862 2411 sanatum
884 2351 1054 2430 putarunt,
1081 2347 1220 2431 aperire,
1242 2349 1396 2414 coniunc-

238 2460 310 2518 tum
343 2454 443 2518 etiam
478 2474 553 2517 cum
583 2451 666 2516 Livii
699 2452 812 2534 aliqua
833 2452 1050 2536 neglegentia.
1106 2453 1192 2520 Nam
1219 2461 1397 2540 postquam

238 2559 349 2624 Livius
383 2559 426 2624 ad
456 2559 628 2625 dictatoris
656 2559 787 2624 dicendi
815 2560 988 2625 consilium
1017 2561 1184 2627 civitatem
1212 2562 1396 2646 confugisse

239 2668 402 2745 narravit,
436 2666 477 2732 de
506 2667 674 2732 dictatura
704 2667 746 2731 ad
771 2665 808 2743 Q.
831 2667 971 2733 Fabium
998 2668 1178 2734 Maximum
1207 2669 1320 2736 delata
1346 2672 1394 2736 sic

239 2773 369 2839 scribit:
411 2781 451 2839 et
484 2774 579 2857 quia
612 2781 650 2839 et
684 2775 828 2840 consul
862 2775 1020 2855 aberat,
1055 2797 1179 2859 aquo
1207 2799 1283 2844 uuo
1313 2778 1394 2844 dici

237 2902 359 2965 posse
380 2880 611 2962 videbatur,
633 2902 705 2946 neo
728 2902 800 2965 per
821 2889 1061 2967 occupatam
1083 2885 1205 2949 armis
1228 2885 1395 2951 Punicis

239 2988 407 3054 ltaliam
430 2988 556 3054 facile
579 2996 670 3055 erat
693 2993 761 3054 aut
782 2990 968 3055 nuntium
990 2998 1060 3057 aut
1082 2992 1252 3057 litteras
1274 2993 1394 3072 mitti,
1510 3009 1517 3021 ·

238 3117 310 3161 nec
344 3096 593 3166 dictatorem
626 3096 801 3181 populus
830 3095 919 3179 (Put.
948 3098 1113 3183 populo)
1147 3119 1290 3165 creare
1323 3122 1394 3184 po·

238 3211 367 3284 terat,
401 3203 507 3289 quod
534 3224 735 3286 nunquam
765 3209 858 3268 aute
887 3225 972 3269 eam
995 3204 1098 3271 diem
1121 3206 1273 3283 factum
1296 3213 1394 3288 erat,

239 3312 492 3378 dictatorem
526 3312 702 3396 populus
736 3312 892 3376 creavit
920 3311 957 3389 Q.
981 3313 1149 3379 Fabium
1182 3313 1394 3379 Maximum

239 3426 279 3484 et
306 3421 547 3502 magistrum
577 3410 759 3502 equitum
781 3418 824 3482 M.
848 3418 1064 3485 Minucium
1086 3421 1236 3487 Rufum.
1288 3421 1395 3499 Quum

238 3534 353 3612 aperte
375 3528 446 3592 haec
468 3528 556 3592 inter
578 3547 613 3591 se
636 3532 869 3611 repugnarent,
899 3528 1066 3612 populum,
1091 3529 1171 3613 quia
1192 3550 1305 3595 creare
1328 3528 1394 3594 dic-

237 3640 382 3701 tatorem
403 3656 469 3699 non
490 3641 620 3717 posset,
650 3653 792 3713 creasse,
820 3633 886 3715 ille,
914 3655 1012 3718 quem
1035 3635 1112 3715 dixi,
1140 3637 1274 3720 ignotus
1296 3635 1394 3701 homo

305 3847 376 3900 meri
397 3847 587 3916 augebantur,
615 3852 760 3913 auctorem
786 3845 883 3915 itaque
903 3844 1016 3917 Livius,
1043 3850 1067 3904 si
1091 3867 1153 3905 eam
1174 3853 1286 3904 secutus
1309 3854 1393 3917 esset,

306 3949 364 3986 non
382 3949 416 3986 ex
432 3949 507 3986 vano
520 3932 662 3987 hausisset
677 3932 710 4000 (si
726 3931 841 3986 omnino
855 3931 960 3988 dicitur
973 3940 1051 3990 recte
1064 3953 1104 3991 ex
1121 3952 1207 3991 rano
1224 3935 1393 4003 haurire);

305 4034 357 4072 nec
365 4017 463 4073 Livius
481 4018 651 4086 scriptorum
670 4018 779 4072 animos
797 4016 943 4073 insimulat
959 4020 1043 4075 nimis
1060 4020 1206 4088 inclinare,
1225 4025 1258 4076 ut
1271 4038 1306 4076 ex
1319 4037 1392 4075 rano

304 4103 446 4172 hauriant,
464 4103 519 4158 hoc
537 4108 588 4170 est,
606 4119 651 4157 res
669 4103 745 4172 ipsas
762 4100 881 4173 fingant,
899 4104 949 4159 sed
965 4112 998 4160 ut
1012 4123 1057 4161 res
1071 4111 1100 4162 et
1113 4122 1245 4160 numeros
1258 4106 1289 4159 in
1302 4106 1393 4159 maius

305 4194 434 4257 augeant.
471 4186 609 4255 (Valerius
627 4188 729 4242 Antias
748 4188 816 4257 quin
833 4185 1015 4260 significetur,
1033 4190 1150 4247 dubium
1166 4208 1225 4246 non
1243 4190 1306 4258 est)
