3060 5272
153 420 169 453 0
200 367 267 422 urs.
288 366 385 422 xnrv.
475 416 483 429 ,
754 355 815 415 704

199 547 342 606 castra
363 549 562 604 venerunt
585 559 670 604 cum
691 539 835 603 iisdem
854 537 900 602 de
920 558 1016 621 pace
1034 538 1248 617 mandatis,
1271 557 1357 622 quoe

203 649 331 713 Romae
364 648 571 731 ingentem
608 649 708 712 iram
741 654 900 730 patrum
934 647 1126 712 excitare.
1178 646 1232 712 Sic
1265 646 1354 726 cod.;

204 756 300 840 Gryn.
324 756 573 836 excitavere,
603 755 661 822 sed
687 757 873 821 necessario
898 754 1107 820 scribendum
1135 754 1267 820 videtur
1289 775 1355 819 ex·

145 924 149 931 .
198 865 400 942 citarant,
432 865 492 928 etsi
520 863 581 929 has
608 865 859 950 terminationes
880 862 960 928 alibi
982 864 1068 928 inter
1089 883 1124 928 se
1146 868 1355 947 permutatas

201 994 266 1037 non
306 973 447 1038 memini.
490 971 612 1055 (1864.)
657 972 727 1037 lbd.
762 972 779 1056 ἓ
814 976 847 1036 7:
881 970 1076 1036 Placebat
1112 970 1355 1055 quibusdam

198 1115 245 1127 -
285 1101 358 1165 per
391 1080 508 1164 Elpei
547 1082 678 1164 ripam
717 1081 1162 1163 munitionesque'vim
1201 1079 1352 1144 iacere:

199 1189 401 1254 confertis
425 1194 465 1253 et
497 1190 571 1254 vim
594 1189 850 1255 facientibus
878 1189 1076 1253 resistere
1109 1187 1353 1253 Macedonas

202 1318 278 1362 non
300 1317 424 1381 posse.
468 1297 505 1362 Iu
529 1297 599 1363 cod.
623 1319 683 1382 pro
717 1296 821 1362 altero
844 1297 919 1360 vim
942 1302 994 1362 est
1016 1317 1107 1376 un0;
1135 1297 1163 1360 si
1184 1296 1262 1360 vim
1283 1314 1353 1360 rec·

202 1414 272 1471 tum
297 1412 392 1484 esset,
415 1407 536 1470 omisso
560 1413 600 1471 et
622 1406 835 1471 scriberetur:
872 1403 1073 1470 confertis
1103 1405 1179 1469 vim
1200 1403 1352 1469 facien·

197 1513 322 1578 tibus.
366 1513 451 1578 Num
476 1535 626 1579 cuneos
648 1513 919 1579 facientibus?
954 1512 1075 1594 (1864.)

289 1619 367 1705 Cap.
392 1625 441 1700 36,
466 1626 484 1685 3
508 1622 563 1702 (de
586 1623 621 1687 L.
645 1622 747 1687 Paulo
770 1643 913 1706 pugnam
942 1620 1145 1701 differente):
1172 1618 1250 1701 Sed
1272 1626 1353 1683 tan·

202 1737 267 1794 tus
290 1729 414 1795 ardor
437 1730 476 1793 in
500 1732 644 1796 animis
667 1730 716 1794 ad
739 1728 1009 1794 dimicandum
1026 1730 1232 1811 utrimque
1255 1734 1351 1804 erat,
1458 1810 1461 1815 Ι

200 1843 246 1901 ut
262 1837 422 1901 consuli
440 1859 516 1902 non
534 1839 685 1904 minore
708 1844 797 1902 arte
815 1836 864 1901 ad
881 1858 978 1903 suos
997 1837 1219 1903 eludendos
1236 1854 1352 1918 quam

197 1944 253 2009 ad
276 1944 416 2010 hostes
439 1967 536 2028 opus
560 1954 675 2012 esset.
710 1947 799 2012 Nihil
817 1947 859 2011 ad
881 1947 975 2011 Pauli
992 1946 1132 2012 consilia
1154 1944 1350 2029 pertinebat,

102 2070 104 2075 ·
200 2052 290 2135 quod
323 2054 422 2118 etiam
455 2054 543 2137 apud
566 2056 763 2122 Macedonas
796 2056 895 2120 ardor
928 2055 972 2120 ad
999 2055 1220 2120 dimicandum
1249 2060 1350 2133 esset3

201 2181 308 2244 neque
331 2163 419 2226 euim
441 2184 517 2227 eum
539 2164 692 2230 ardorem
714 2185 774 2228 sua
797 2171 869 2228 arte
892 2164 1023 2229 eludere
1051 2170 1192 2247 poterat.
1237 2162 1275 2226 ln
1297 2183 1350 2226 co-

128 2328 131 2334 r
199 2268 275 2334 dice
298 2277 386 2335 reete
410 2272 566 2337 scribitur
588 2273 738 2338 omuibus
760 2273 894 2337 litteris:
925 2272 974 2337 ad
997 2270 1265 2336 dimicandum
1288 2276 1350 2334 ut·

202 2397 359 2460 cunque
382 2387 479 2444 erat.
512 2381 634 2446 Milites
658 2388 691 2446 et
714 2381 800 2446 bona
822 2388 864 2459 et,
889 2381 916 2445 si
938 2379 973 2444 id
996 2401 1061 2444 uon
1083 2385 1246 2462 poterant,
1270 2398 1350 2460 qua·

133 2470 138 2478 ’
199 2504 331 2568 cunque
361 2486 552 2553 condicione
576 2488 809 2572 (utcunque)
844 2488 1001 2552 dimicare
1036 2487 1224 2571 cupiebant.
1269 2486 1351 2570 Gry-

161 2646 167 2672 ,
200 2614 289 2658 naeus
312 2615 333 2658 a
355 2598 518 2660 sententia
540 2597 715 2676 aberravit,
739 2597 895 2678 deceptus
920 2596 1060 2661 fortasse
1084 2597 1134 2673 iis,
1158 2617 1231 2679 quse
1254 2617 1280 2661 c.
1301 2600 1351 2672 37,

204 2706 243 2766 10
268 2701 467 2786 leguntur.¹)
501 2704 603 2769 Paulo
628 2712 705 2788 post
728 2703 758 2787 (ξ
772 2706 804 2784 7)
828 2704 969 2769 alterum
991 2705 1151 2769 orationis
1168 2704 1352 2801 membrum

198 2811 338 2877 excidit:
385 2809 495 2887 Quod
535 2813 603 2878 ubi
637 2814 732 2878 fieri
766 2811 920 2877 milites
954 2834 1133 2891 sensere,
1168 2813 1242 2877 alii
1274 2833 1350 2876 non

199 2919 373 2986 moleste
389 2919 507 3000 ferre,
529 2922 601 2986 alii
624 2921 801 3004 gaudere
824 2920 964 3004 palam,
988 2921 1094 3006 quod
1117 2956 1159 2966 —
1180 2920 1350 3003 flagran-

204 3028 365 3094 tissimo
399 3036 498 3094 oestu
532 3052 609 3096 uon
642 3030 847 3114 coegisset
876 3051 1066 3113 pugnare.
1111 3029 1162 3109 (In
1185 3049 1211 3094 c.
1236 3033 1276 3093 35
1299 3028 1350 3093 bis

197 3137 285 3201 idem
307 3157 399 3202 error
420 3145 554 3204 notatus
577 3148 637 3218 est,
661 3138 677 3222 ἓ
701 3145 719 3204 5
743 3141 776 3203 in
799 3139 964 3221 geminato
986 3139 1073 3218 alii,
1097 3137 1113 3220 ξ
1134 3142 1171 3200 18
1194 3138 1228 3202 in
1250 3138 1351 3221 gemi-

197 3251 276 3311 nato
299 3246 416 3327 hinc.)
462 3247 588 3312 Deinde
612 3247 628 3331 ἓ
655 3252 702 3326 10,
726 3247 784 3312 ubi
806 3249 839 3312 iu
862 3246 976 3312 codice
1006 3252 1070 3311 est:
1105 3245 1349 3311 Macedoniae

198 3354 252 3419 sit
274 3375 458 3438 aesosque
483 3358 590 3422 sicut
612 3355 822 3440 prioribus
846 3354 1017 3420 ducibus
1035 3375 1105 3437 per
1122 3353 1249 3419 calles
1273 3351 1349 3418 sal-

196 3470 342 3545 tusque
364 3462 718 3530 Macedonicorum
741 3465 936 3530 montium
960 3462 1144 3546 vagando
1174 3462 1347 3527 circum-

191 3578 357 3655 agatur,
382 3572 589 3638 scribendum
612 3595 683 3639 esse
707 3579 919 3654 aestasque,
944 3570 1011 3635 dixi
1033 3572 1209 3650 inmissa,
1232 3579 1348 3653 estque

218 3792 243 3858 ⁸)
263 3792 279 3862 ἕ
298 3797 314 3848 2
332 3795 361 3848 iu
380 3785 488 3850 codicis
505 3795 645 3862 scriptura
664 3792 818 3860 (meridie
837 3798 962 3847 astate
985 3793 1096 3861 magis
1116 3793 1348 3848 adcesserunt

263 3885 333 3934 tum
358 3898 433 3936 mox
460 3880 652 3950 adparebat
674 3876 841 3948 [Gitlbauen
871 3877 1131 3949 adpareberet])
1154 3879 1242 3932 latere
1270 3878 1347 3933 vide·

263 3970 322 4018 tur:
351 3966 500 4021 meridia
519 3972 640 4020 astum
666 3964 777 4033 magis
801 3980 1067 4020 accessurum-
1090 3963 1293 4033 adparebat3
1313 3981 1346 4018 ex

262 4054 331 4104 tum
351 4069 424 4107 mcx
442 4051 509 4120 qnid
526 4050 684 4106 iaciendum
707 4050 757 4117 sit,
777 4050 881 4104 nescio
919 4048 1057 4118 fflectius:
1087 4054 1208 4103 aestum
1236 4049 1346 4117 magis

264 4153 481 4191 accensurum
515 4144 713 4203 utrumque,
755 4137 797 4191 col
830 4135 961 4191 fortmso:
995 4140 1177 4202 utramque
1215 4153 1344 4188 noxam.

259 4223 493 4276 Acceusurum
511 4224 597 4277 etiarn
614 4221 751 4275 Hertziuc.
789 4223 874 4290 1864]
