3060 5272
206 402 269 460 Lib.
288 404 372 460 XLV.
743 391 805 453 738

207 577 395 655 aberant;
418 575 465 639 ad
482 595 594 657 quem
609 574 769 640 litteris
785 576 931 654 missis,
952 597 999 641 ne
1017 577 1115 661 quid
1132 576 1180 641 ad
1196 596 1251 655 ea,
1272 597 1359 659 quae

114 716 117 721 ·
206 683 375 761 fierent,
398 689 643 763 moveretur;
667 690 851 749 senatum
874 684 1053 768 praedam
1075 685 1191 769 Epiri
1213 686 1358 750 civita·

205 798 296 871 tum,
320 811 403 874 quae
426 790 474 855 ad
491 787 643 856 Persea
662 791 925 871 defecissent,
948 794 1151 858 exercitui
1174 793 1355 872 dedisse;

206 898 425 965 submissis
447 899 761 964 centurionibus
783 901 822 964 in
846 900 1030 983 singulas
1053 901 1190 980 urbes,
1219 903 1286 986 qui
1315 921 1358 966 se

206 1008 393 1074 dicerent
415 1007 462 1072 ad
483 1007 675 1092 praesidia
698 1007 939 1074 deducenda
959 1010 1136 1090 venisse,
1165 1044 1208 1056 -
1230 1009 1358 1074 denos

205 1116 414 1201 principes
438 1136 482 1181 ex
505 1116 683 1199 singulis
707 1118 895 1181 evocavit
917 1117 1171 1183 civitatibus.
1214 1116 1356 1182 Pravum

207 1222 443 1303 submissim
466 1229 581 1307 aperte
603 1224 690 1289 enim
713 1230 746 1289 et
768 1224 877 1309 palam
901 1227 1110 1291 centuriones
1133 1224 1359 1305 mittebantur,

207 1333 270 1398 etsi
291 1332 502 1397 fraudulento
525 1331 670 1398 consilio.
715 1329 795 1397 (lod.
827 1353 919 1413 suos
948 1335 1096 1413 missis3
1132 1332 1357 1400 scribendum:

207 1441 408 1507 exercitui
442 1440 609 1506 dedisse
642 1459 728 1517 su,
763 1442 901 1506 missis
925 1450 986 1508 cet.
1031 1442 1133 1508 Paulo
1162 1449 1238 1527 post
1265 1440 1297 1524 (ἓ
1320 1440 1358 1522 6)

207 1550 330 1616 editur:
354 1549 527 1614 Vendita
549 1548 682 1632 praeda
704 1550 891 1630 omnium;
916 1549 963 1615 da
987 1571 1032 1615 ea
1054 1572 1207 1616 summa
1228 1550 1357 1615 militi

206 1664 463 1724 numeratum
486 1664 559 1722 est.
592 1656 696 1757 Nimis
714 1655 840 1723 infinite
858 1665 891 1723 et
907 1658 1064 1723 inusitate
1081 1659 1203 1724 dicitnr
1224 1657 1358 1742 praeda

119 1801 123 1807 ·
207 1767 393 1845 omnium,
427 1785 498 1847 qua
525 1766 669 1830 omnium
690 1786 815 1837 rerum,
845 1766 949 1830 omnis
972 1768 1099 1849 generis
1123 1775 1188 1846 est3
1221 1786 1359 1851 prorsus

206 1895 306 1960 prave
327 1874 530 1939 numerari
563 1872 853 1956 (impersonaliter)
885 1873 931 1939 de
960 1896 1006 1944 ea
1028 1896 1177 1941 summa
1199 1876 1275 1957 (hoc
1297 1883 1357 1952 est,

207 1982 247 2049 de
269 1982 404 2048 redacta
425 1979 590 2066 pecunia).
636 1981 700 2046 Sed
733 1983 765 2046 in
799 1982 910 2047 codice
944 1982 1099 2048 scribitur
1130 1991 1358 2048 numerata.

207 2090 359 2156 Efficitur
380 2091 494 2173 igitur:
518 2087 694 2154 Vendita
710 2090 846 2172 praeda
869 2090 1007 2169 ensis,
1031 2092 1121 2155 lude
1139 2112 1184 2157 aa
1207 2112 1357 2156 summa

207 2199 294 2283 (quse
317 2205 393 2264 ante
412 2196 598 2281 significata
614 2205 672 2276 est,
695 2199 912 2282 quadringeni
930 2199 1056 2265 denarii
1072 2202 1105 2265 in
1124 2201 1277 2283 equitem,
1301 2221 1357 2283 pe·

207 2309 330 2375 ditibus
348 2305 479 2388 duceni)
492 2305 616 2371 militi
633 2314 845 2372 numerata
867 2313 939 2373 est.
964 2308 1046 2373 Tum
1063 2292 1111 2392 §7
1130 2307 1358 2374 scribendum:

207 2418 334 2502 qui-
351 2421 541 2500 expertes
563 2415 681 2496 regias
704 2415 843 2499 praedae
867 2437 909 2481 se
927 2437 1014 2481 esse
1030 2416 1359 2498 indignabantur

208 2528 282 2607 (aut
314 2530 501 2609 expertes
534 2543 574 2586 se
607 2522 759 2605 regiae);
792 2525 826 2587 in
854 2524 924 2588 cod.
949 2532 983 2589 et
1007 2525 1079 2589 edd.
1109 2546 1149 2589 se
1179 2525 1355 2601 omittitur;

169 2708 176 2723 ·
208 2633 265 2700 sed
297 2653 405 2716 neque
438 2630 633 2712 indignor
671 2650 815 2713 expers
857 2652 946 2696 esse
980 2631 1027 2712 (in
1061 2652 1160 2714 prosa
1193 2631 1360 2713 oratione)

207 2762 313 2827 neque
353 2739 543 2821 indignor
583 2743 790 2820 expertem
824 2759 913 2803 esse
948 2739 1064 2803 Latine
1104 2739 1238 2821 dicitur;
1284 2738 1358 2823 [cfr.

207 2873 239 2935 p.
264 2853 323 2914 341
347 2870 377 2912 n.
399 2846 432 2911 h.
456 2843 531 2928 ed.].
576 2843 608 2928 (ἓ
631 2850 650 2909 9
672 2852 762 2911 recte
785 2845 953 2911 Dukerus:
979 2850 1142 2913 senatui
1172 2868 1355 2913 reserva·

207 2958 295 3040 rat.)
318 2956 355 3021 In
374 2955 481 3020 altera
498 2960 594 3038 parte
611 2953 708 3019 huius
727 2955 844 3038 capitis
863 2955 902 3020 de
914 2955 1068 3021 Eumenis
1085 2964 1120 3021 et
1136 2956 1306 3022 Gallorum
1323 2956 1359 3019 in

207 3068 287 3134 Asia
308 3062 541 3131 certaminibus
565 3072 598 3128 et
619 3062 738 3145 legatis
755 3063 912 3129 Romanis
936 3086 974 3130 eo
994 3060 1101 3129 missis
1118 3072 1282 3130 narratur.
1306 3064 1357 3128 Ibi

206 3177 346 3261 primum
371 3171 400 3257 (ἐ
427 3171 478 3253 11)
500 3171 570 3236 haec
593 3170 794 3236 scribuntur:
818 3171 892 3236 Ver
914 3175 1084 3255 primum
1101 3194 1146 3238 ex
1164 3173 1277 3238 domo
1296 3194 1359 3238 ex-

120 3298 191 3368 (615)
212 3287 324 3361 civit,
346 3284 505 3364 iamque
530 3278 715 3362 Synnada
737 3288 1024 3362 pervenerant,
1054 3301 1137 3344 cum
1160 3281 1357 3346 Eumenes

206 3394 254 3460 ad
278 3391 427 3457 Sardes
450 3388 629 3471 undique
652 3388 878 3452 exercitum
902 3397 1177 3453 contraxerat.
1213 3389 1285 3453 Non
1304 3410 1350 3453 so·

204 3501 274 3567 lum
296 3504 411 3565 contra
432 3517 527 3560 usum
546 3495 704 3560 sermonis
721 3493 1041 3579 plusquamperfecto
1059 3516 1119 3580 per
1141 3517 1259 3582 quum
1281 3517 1356 3581 par·

205 3609 340 3677 ticulam
375 3606 515 3671 alterum
538 3601 897 3686 plusquamperfectum
926 3603 1115 3684 subiicitur,
1149 3605 1207 3670 sed
1240 3612 1356 3671 contra

204 3738 315 3785 rerum
337 3720 504 3790 naturam3
527 3731 634 3794 neque
657 3711 743 3776 enim
765 3710 905 3776 altorum
922 3712 988 3777 iam
1004 3711 1130 3778 factum
1152 3719 1234 3793 erat
1256 3733 1356 3796 quum

205 3826 345 3892 alterum
367 3819 461 3902 (iam)
483 3818 607 3884 factum
635 3826 723 3898 erat,
757 3818 814 3883 sed
842 3839 942 3900 quum
975 3820 1116 3886 alterum
1143 3820 1267 3886 factum
1294 3829 1354 3887 est.

205 3932 328 4017 (Longe
341 3930 438 3996 aliter
455 3928 576 3993 dicitur
592 3926 821 3991 Germanicum
837 3926 1020 3994 wahrend
1038 3927 1357 4013 [gleichzeitigll

206 4041 316 4107 Livius
339 4038 510 4122 scripsisse
527 4035 669 4100 videtur:
693 4035 851 4117 iamque
874 4035 1061 4120 Synnada
1083 4043 1355 4121 pervenerant

205 4155 245 4215 et
271 4148 468 4213 Eumenes
496 4179 539 4189 -
569 4150 850 4221 contraxerat;
880 4145 999 4210 extrito
1028 4152 1066 4210 et
1094 4152 1170 4228 post
1191 4151 1213 4222 t,
1246 4152 1355 4210 ortum

205 4263 257 4321 est
290 4275 376 4319 cum
409 4274 450 4318 ex
482 4252 595 4336 primis
629 4250 750 4315 litteris
779 4253 920 4317 nominis
943 4252 1141 4317 Eumenis.
1186 4253 1224 4318 In
1247 4255 1356 4318 exci-
