3060 5272
154 752 226 821 (Mi

156 2908 228 2978 (⁸56)

237 352 301 409 Lis.
318 350 401 407 xxx.
783 338 846 399 436

238 536 330 589 tasse
359 523 567 587 scribendum
591 534 658 587 est:
681 524 785 585 -in
815 542 951 586 omnes
979 542 1102 586 casus
1131 544 1230 587 sum.
1259 542 1398 603 quum,

239 654 356 717 quem
380 668 422 677 -
443 638 719 695 tremuerunt.
747 629 813 693 liic
835 627 1006 711 cernas]

330 739 409 824 Cap.
435 743 485 803 3³2.
510 744 529 802 :3
551 738 606 817 (de
629 739 746 801 animis
770 737 925 803 militum.
953 759 1054 820 quum
1082 739 1245 822 proelium
1266 737 1311 803 ad
1333 738 1398 803 Za-

239 871 324 915 mam
348 848 461 913 inituri
483 856 608 915 erantt:
638 845 1099 928 contemplantibusque
1127 846 1244 911 modo
1271 866 1398 913 suam.

239 958 355 1022 medo
389 955 568 1019 bestium
602 956 748 1019 aciem.
787 975 904 1035 quum
944 952 1077 1018 oculis
1117 956 1243 1036 magis
1276 974 1398 1037 quarn

239 1066 406 1129 ratione
431 1070 656 1148 pensarent
680 1063 803 1125 sires.
832 1060 950 1125 simul
972 1060 1077 1127 laeta
1104 1062 1225 1125 simul
1247 1062 1398 1127 tristia

240 1171 585 1238 obversabantur,
640 1169 673 1234 Si
704 1169 817 1233 stolidi
840 1168 958 1233 oculis,
994 1190 1059 1232 non
1081 1172 1228 1247 ratione,
1260 1190 1399 1254 pensas·

239 1290 312 1345 seut
341 1280 441 1355 vires,
475 1276 556 1341 nihil
590 1276 679 1341 aliud
712 1279 776 1340 uisi
810 1298 943 1340 suorum
977 1288 1010 1341 et
1043 1275 1189 1341 hostium
1216 1277 1400 1343 multitudo

240 1388 454 1463 rrccrrrrissetg
490 1384 673 1449 mirandum
709 1394 820 1448 tamen
850 1394 951 1449 esset.
984 1405 1043 1448 cnr
1075 1384 1186 1449 Livius
1211 1384 1300 1449 hunc
1327 1392 1399 1451 stu·

241 1516 352 1579 parem
376 1494 685 1558 commemoratione
708 1493 842 1575 dignum
866 1502 1026 1575 putasset.
1075 1492 1140 1557 Sed
1163 1502 1196 1558 et
1219 1514 1292 1575 quae
1312 1515 1400 1578 pra>-

241 1602 362 1667 cedunt
396 1609 429 1665 et
462 1622 534 1682 quae
568 1608 767 1682 scequuntur.
802 1599 995 1665 ostendunt.
1029 1621 1103 1664 eum
1136 1600 1199 1665 hoe
1231 1622 1398 1671 nanasse.

241 1710 379 1774 militum
408 1710 525 1773 animis
554 1709 657 1771 tetius
684 1706 763 1772 belli
792 1709 927 1789 eiusque
956 1728 1091 1772 casuum
1119 1710 1310 1774 memoriam
1337 1709 1399 1775 ob·
1447 1725 1455 1733 '

240 1826 404 1882 uersatam
440 1838 512 1881 esse
541 1837 663 1899 eosque
692 1818 780 1880 varie
809 1815 965 1879 affecisse.
1022 1816 1139 1898 ltaque
1169 1826 1246 1881 ante
1273 1817 1400 1883 multos

241 1946 346 1989 annm
377 1924 611 1989 adnotaveram
646 1923 854 1988 scribendum
884 1945 971 1988 esse:
1007 1945 1125 2006 quum
1161 1944 1234 1986 non
1262 1924 1399 1991 oculis

241 2033 366 2113 magis
389 2054 503 2117 rpuam
527 2033 690 2096 ratione
714 2040 932 2115 pensarent
956 2033 1080 2097 uires:
1115 2033 1268 2115 idemque
1290 2033 1400 2099 Weis-

240 2140 417 2206 senbcruio
446 2142 479 2203 in
509 2146 649 2205 mentem
679 2141 821 2205 uenisse.
856 2161 941 2203 nunc
971 2140 1080 2219 video,
1113 2163 1173 2205 nee
1201 2148 1314 2206 tamen
1341 2139 1399 2205 fir-

242 2252 337 2314 miter
365 2247 625 2332 conprehensum
654 2268 736 2311 esse.
793 2245 938 2310 Similem
969 2249 1129 2313 orationis
1159 2248 1297 2313 formam
1326 2248 1399 2314 haec

240 2356 365 2421 babent
398 2358 430 2420 iu
465 2355 571 2429 xlm,
608 2360 663 2431 14,
697 2359 731 2417 2:
771 2357 1077 2438 praeoccupatis
1116 2377 1196 2420 non
1228 2356 1399 2422 auribus

242 2466 370 2547 magis
417 2483 533 2547 quam
583 2464 736 2526 animis
799 2460 1004 2526 Contrarium
1052 2465 1250 2529 sententiam
1289 2465 1400 2529 Livius

241 2573 352 2656 postrit
375 2570 430 2649 Vl,
456 2574 504 2647 13,
531 2574 563 2632 l:
598 2568 821 2633 multitudo
849 2569 1046 2649 hostium,
1074 2570 1176 2635 nulli
1207 2573 1268 2636 rei
1296 2594 1399 2656 prae-

241 2687 425 2760 torquem
466 2698 630 2741 numero
673 2677 786 2742 freta
825 2684 862 2741 et
903 2677 1036 2755 opulis
1069 2688 1284 2763 utramque
1317 2702 1398 2745 me-

242 2787 351 2851 tiens
375 2786 515 2849 aciem.

332 2890 412 2975 (lap.
437 2896 493 2967 35,
522 2897 539 2955 4
570 2899 603 2957 et
632 2896 666 2957 ῦς
701 2892 905 2957 Hannibal
928 2929 971 2936 —
993 2893 1284 2959 Hadrumetum
1305 2916 1398 2979 per·

242 3000 364 3083 largit,
398 3000 531 3064 curma
559 3008 598 3065 et
628 3001 666 3063 iu
697 3001 856 3083 proelio
888 3007 928 3066 et
956 3008 1053 3066 ante
1078 3004 1223 3081 aciem,
1256 3004 1398 3086 prius·

242 3130 359 3191 ‹prrtrm
396 3106 616 3173 ‹exreederet
648 3130 794 3191 pugna,
830 3116 1030 3191 expertus
1061 3116 1099 3173 et
1127 3109 1398 3176 confessione

242 3218 364 3283 etiam
405 3216 615 3299 Scipionis
661 3216 919 3298 omniumque
967 3218 1196 3300 peritorum
1236 3218 1398 3284 militiae

243 3346 391 3389 ‹rurriem
416 3323 528 3388 illam
552 3323 709 3387 laudem
733 3323 915 3406 adeptus,
938 3324 1137 3406 singulari
1162 3333 1249 3390 arte
1272 3327 1398 3391 aciem

242 3454 288 3499 eo
312 3432 374 3497 die
398 3432 663 3496 instruxisse.
705 3428 758 3494 Sic
782 3429 921 3511 codices,
945 3432 1008 3496 nisi
1032 3432 1120 3514 quod
1142 3432 1397 3516 Bambergensis

242 3540 320 3617 (riou
351 3540 390 3619 (J)
419 3545 452 3603 et
479 3538 567 3622 Lips.
598 3545 636 3602 ot
669 3545 745 3622 post
777 3539 942 3621 proelio
978 3541 1148 3620 omittunt;
1182 3540 1239 3604 sed
1272 3540 1398 3606 frustra

241 3646 355 3729 ligium
378 3645 533 3710 arrixilium
558 3645 738 3709 advocatur
760 3647 792 3709 in
817 3646 1031 3711 defendendis
1049 3647 1114 3712 illis
1135 3655 1228 3712 ante
1251 3649 1396 3728 aciem3

241 3776 317 3819 uum
358 3760 395 3817 ut
430 3753 539 3817 Livius
581 3753 737 3837 temporis
777 3753 924 3817 ordinem
959 3754 1146 3833 inverterit,
1187 3763 1299 3820 tamen
1331 3777 1397 3822 non

242 3862 352 3945 potuit
391 3860 592 3944 interpositis
634 3860 698 3925 illis
738 3867 834 3924 ante
875 3861 1004 3925 aciem
1038 3883 1193 3946 separare
1227 3884 1282 3940 ea,
1323 3885 1397 3947 quae

242 3968 424 4033 arctissime
449 3967 629 4033 cohaerent:
659 3969 697 4033 in
719 3968 891 4051 proelio,
914 3970 1151 4052 priusquam
1176 3971 1396 4038 excederet

243 4096 390 4161 patruum
419 4082 452 4139 ot
481 4096 554 4157 ultim
584 4081 676 4140 unte
705 4076 828 4140 aciem
852 4076 1016 4142 Hannibal
1046 4077 1088 4142 ad
1117 4078 1310 4143 uincendum
1341 4100 1396 4144 ex·

243 4191 356 4265 pertus
384 4188 436 4246 est
465 4182 554 4261 (nuru
583 4206 622 4248 ea
649 4183 720 4248 sola
748 4204 800 4249 ros
823 4183 876 4248 hic
899 4185 1018 4268 agitur,
1042 4185 1183 4250 exclusis
1207 4184 1288 4265 illis,
1322 4206 1396 4268 queo
