3060 5272
728 810 767 875 '71
1207 827 1273 883 Lib.
1291 827 1327 882 11.

163 1001 299 1062 tantum
329 997 399 1063 haee
432 997 622 1082 scripsisse:
663 994 739 1062 Sed
778 1017 850 1061 nec
884 997 1030 1082 quibus
1071 998 1325 1077 consulibus,

165 1104 267 1188 quia
289 1124 334 1171 ex
357 1105 552 1172 faet.l'ar.
570 1110 712 1171 essent
734 1103 788 1185 (id
811 1125 971 1190 quoque
994 1107 1098 1171 enim
1120 1106 1325 1190 traditur),

167 1233 310 1296 parum
348 1213 552 1278 creditum
591 1214 661 1292 sit,
699 1231 775 1277 nec
814 1213 905 1294 quis
939 1214 1109 1297 primum
1144 1214 1326 1280 dictator

163 1326 333 1386 creatus
361 1321 431 1401 sit,
464 1321 567 1386 satis
596 1326 772 1386 constat.
811 1319 899 1385 Illud
928 1340 1000 1385 nee
1028 1341 1106 1403 quo
1135 1343 1238 1388 anno
1268 1322 1325 1388 ad·

167 1428 328 1513 seriptum
356 1436 409 1495 est
434 1427 644 1494 declarandoe
665 1428 715 1493 rei
744 1448 846 1493 causa
874 1427 1016 1493 fortasse
1038 1429 1082 1493 ab
1105 1428 1234 1514 aliquo,
1267 1431 1325 1515 qui

164 1555 231 1600 non
260 1536 343 1602 satis
372 1536 572 1602 attendisset
600 1536 644 1601 ad
667 1536 751 1601 Livii
776 1537 935 1602 orationis
958 1535 1155 1602 brevitatem
1178 1537 1324 1603 studiose

160 1643 354 1726 quaesitam,
388 1665 455 1726 qua
483 1645 641 1728 temporis
666 1649 700 1710 et
722 1664 830 1709 causae
853 1642 1049 1727 significatio
1071 1645 1106 1709 in
1129 1665 1229 1710 unam
1251 1666 1323 1710 sen-

161 1751 302 1816 tentiam
329 1750 503 1818 conflatur.
548 1751 659 1834 (Quod
688 1753 722 1816 in
751 1750 824 1816 cod.
848 1750 1029 1842 archetypo
1058 1752 1216 1836 seriptum
1243 1750 1322 1817 fuit:

161 1858 312 1941 quibus
334 1858 436 1925 facti
459 1858 710 1939 consulibus,
733 1866 841 1925 ortum
863 1859 994 1925 videtur
1015 1859 1150 1925 librario
1173 1860 1323 1944 primum,

161 1988 268 2050 quum
301 1968 450 2052 quibus
478 1967 681 2050 scripsisset,
712 1966 889 2033 aberrante
919 1967 962 2032 ad
991 1969 1087 2050 quia
1114 1989 1173 2047 ex,
1203 1968 1321 2033 deinde

159 2075 201 2139 in
223 2074 329 2142 media
352 2096 431 2141 voce
453 2075 641 2141 faotione
664 2095 737 2141 sese
759 2075 974 2157 retrahente.)

251 2179 329 2267 (lap.
356 2188 404 2263 19,
428 2188 464 2248 7:
493 2182 573 2248 Nec
596 2182 753 2248 fefellit
774 2183 942 2248 veniens
965 2180 1148 2264 (AEbutius)
1170 2183 1316 2249 Tuscu·
1334 2200 1390 2270 (58)

160 2287 297 2355 lanum
320 2291 479 2371 ducem,
514 2298 663 2357 contra
692 2312 804 2374 quem
835 2295 875 2356 et
896 2288 968 2355 ille
991 2291 1144 2356 incitat
1166 2312 1318 2374 equum.

160 2397 346 2464 Admodum
365 2399 568 2483 ineleganter
585 2420 765 2484 pronomen
782 2398 956 2465 relativum
973 2399 1108 2482 ponitur
1118 2419 1183 2464 non
1194 2398 1319 2466 Tuscu·

160 2504 275 2571 lanum
297 2506 425 2586 ducem,
448 2507 506 2572 sed
529 2506 702 2573 AEbutium
724 2505 926 2590 significans;
956 2507 1150 2571 restituetur
1171 2513 1264 2573 recta
1286 2515 1320 2574 et

162 2612 284 2679 Latina
319 2614 480 2680 orationis
514 2613 636 2696 forma,
673 2621 712 2680 ut
744 2616 904 2697 negativa
939 2614 1110 2679 sententies
1143 2613 1319 2683 affirmatio

158 2721 277 2787 eodem
303 2730 459 2806 spectans
487 2722 674 2807 copulative
704 2721 784 2805 (non
806 2721 1024 2803 adversative)
1047 2721 1262 2805 adiungatur,
1292 2725 1320 2788 si

160 2828 317 2896 lineolam
345 2828 520 2896 sustuleris
548 2831 655 2896 vocali
677 2837 831 2896 extrema
851 2831 1055 2914 impositam:
1091 2836 1319 2913 contraque

159 2944 202 3002 et
229 2937 301 3003 ille
325 2939 477 3004 incitet
499 2960 654 3022 equum.
699 2937 784 3020 (Lib.
808 2938 833 3016 1,
857 2942 898 3002 49
921 2943 1002 3003 extr.
1027 2936 1097 3002 cod.
1121 2937 1318 3023 archetypus

160 3042 280 3110 habuit
301 3066 372 3129 per
394 3066 510 3131 quem
531 3066 593 3131 pro
616 3066 779 3131 perque,
802 3052 841 3111 ut
863 3053 1003 3130 apparet
1025 3067 1065 3110 ex
1087 3044 1172 3126 MP.)

247 3150 345 3237 ‘Cap
369 3157 421 3233 21,
443 3160 477 3218 4:
512 3153 634 3219 Tanti
656 3174 820 3219 errores
842 3153 1056 3238 implicant
1077 3159 1316 3237 temporum,

158 3294 217 3338 —,
251 3268 297 3326 nt
328 3281 399 3326 nec
432 3263 499 3344 qui
534 3261 725 3327 eonsules
756 3262 974 3327 secundum
1002 3260 1212 3345 quosdam,
1246 3284 1317 3328 nec

157 3368 258 3451 quid
304 3390 467 3454 quoque
506 3390 608 3434 anno
648 3374 784 3435 actum
824 3371 898 3449 sit,
942 3369 1130 3453 digerere
1168 3373 1315 3455 possis.

160 3475 323 3541 Vitiosum
351 3497 422 3543 esse
446 3477 656 3562 quosdam,
690 3484 839 3542 senserat
861 3477 1029 3557 Dukerus,
1063 3480 1127 3544 etsi
1149 3480 1192 3558 is,
1226 3480 1316 3562 quod

158 3603 288 3662 vereor,
321 3605 363 3649 ne
385 3584 497 3650 multis
520 3585 693 3665 acciderit,
727 3585 946 3651 secundum
975 3586 1171 3670 quosdam
1194 3588 1316 3671 accipit

157 3688 200 3756 de
223 3692 433 3772 auctoribus,
468 3693 586 3758 Latine
619 3692 830 3775 loquentibus
857 3695 885 3759 is
914 3693 1132 3758 seeundum
1160 3694 1315 3759 Livium

155 3799 303 3864 consul
338 3800 434 3880 fuit,
470 3802 525 3883 qui
553 3800 682 3865 Livium
715 3801 749 3865 in
783 3799 957 3865 consulatu
993 3808 1123 3865 secutus
1151 3808 1216 3880 est,
1250 3823 1315 3867 non

156 3926 257 3988 quem
291 3907 404 3974 Livius
443 3915 562 3974 auctor
601 3917 652 3975 est
691 3906 860 3973 consulem
893 3906 1008 3987 fuisse;
1047 3906 1105 3973 sed
1137 3928 1198 3974 nec
1231 3930 1313 3992 quos

158 4015 240 4080 certi
273 4015 408 4097 quidam
441 4023 594 4083 auctores
628 4014 781 4082 consules
816 4014 919 4081 fuisse
946 4015 1132 4096 traderent,
1166 4037 1227 4081 nec
1256 4019 1313 4100 qni

154 4122 309 4189 consules
347 4131 424 4208 post
463 4131 572 4191 certos
604 4123 765 4207 quosdam
799 4122 869 4207 (qui
902 4123 984 4188 nulli
1019 4125 1127 4206 erant)
1162 4124 1312 4204 fuissent,

154 4230 368 4313 querebatur
396 4252 436 4297 ac
463 4232 696 4312 dubitabatur,
729 4232 787 4298 sed
816 4231 857 4297 de
885 4253 961 4297 vero
989 4232 1159 4298 consulum
1187 4232 1311 4312 ordine,

153 4359 258 4422 quum
284 4345 439 4406 auctores
467 4340 706 4425 discreparent.
763 4339 859 4418 Quod
886 4346 963 4405 ante
990 4341 1112 4406 multos
1136 4361 1240 4407 annos
1263 4341 1311 4406 in-

153 4444 357 4525 tellexeram,
381 4447 502 4533 duplex
524 4469 545 4514 a
568 4448 659 4514 Livio
681 4448 954 4532 interrogativum
973 4470 1154 4533 pronomen
1167 4449 1310 4533 positum

153 4552 255 4620 fuisse
278 4554 349 4638 (qni
371 4556 522 4622 consules
544 4576 627 4638 quos
650 4557 758 4622 secuti
779 4562 905 4633 essent,
939 4555 1002 4621 hoc
1025 4563 1084 4634 est,
1112 4577 1178 4641 quo
1201 4580 1235 4625 se
1258 4581 1310 4625 or·

152 4660 229 4727 dine
259 4661 410 4730 consules
433 4663 668 4748 excepissent),
703 4663 797 4729 video
826 4664 927 4728 etiam
949 4664 1133 4749 Hauptium
1161 4667 1309 4733 animad-
