3060 5272
240 351 303 408 Lib.
322 349 423 408 XLIII.
787 340 849 402 670

242 530 328 604 runt,
363 522 573 590 scribendum
608 530 674 593 est:
714 559 756 572 -
790 525 980 606 locutam;
1015 544 1099 590 eum
1131 520 1297 610 publice
1327 521 1393 589 ali.

244 631 312 717 [Sic
333 629 596 714 Hullemannus]
1247 624 1254 644 ’

327 739 405 825 Cap.
432 745 480 820 14,
503 744 521 806 6
546 739 593 823 (in
621 742 691 807 iure
719 740 878 822 iurando,
912 741 1003 827 quod
1035 761 1190 809 censores
1218 739 1395 807 adiuvandi

242 848 382 915 dilectus
405 870 506 916 causa
539 870 574 915 se
602 869 622 914 a
651 848 777 916 civibus
806 855 980 916 exacturos
1003 847 1207 931 edixerunt):
1240 848 1295 915 Tu
1322 848 1394 914 mi·

240 979 314 1023 nor
336 958 452 1024 annis
475 978 545 1023 sex
568 963 607 1024 et
631 957 909 1042 quadraginta
938 980 994 1038 es,
1028 965 1154 1042 tuque
1183 978 1228 1023 ex
1256 956 1394 1024 edicto

242 1065 276 1132 C.
302 1063 482 1147 Claudii,
517 1065 571 1131 Ti.
601 1065 833 1150 Sempronii
866 1087 1078 1133 censorum
1113 1065 1161 1133 ad
1194 1064 1395 1132 dilectum

244 1174 452 1258 prodibis?
493 1180 547 1254 et,
581 1176 909 1259 quotiescunque
939 1173 1118 1240 dilectus
1151 1173 1246 1253 erit,
1281 1194 1396 1257 quum

243 1282 305 1365 (sic
329 1302 403 1347 cum
420 1280 539 1348 Ursino
563 1282 770 1349 scribendum
788 1303 847 1366 pro
871 1304 964 1367 qua,
987 1283 1075 1366 quod
1092 1283 1126 1348 in
1143 1281 1216 1350 cod.
1233 1289 1299 1363 est,
1322 1279 1396 1347 edd.

243 1389 448 1473 quamdiu)
472 1390 513 1456 hi
531 1411 722 1457 censores
739 1391 1023 1473 magistratum
1039 1390 1313 1472 habebunt,'si
1329 1390 1395 1455 mi·

154 1498 227 1569 (55⁶)
246 1498 307 1564 les
329 1498 468 1565 iactus
487 1520 565 1566 non
583 1499 673 1578 eris,
695 1500 736 1564 in
753 1498 913 1565 dilectu
929 1498 1143 1583 prodibis?
1166 1498 1262 1565 Prius
1278 1496 1396 1585 prod·

245 1606 324 1673 ibis
363 1628 380 1672 e
420 1605 543 1674 Dulreri
581 1608 772 1673 coniectura
810 1614 977 1691 receptum
1010 1628 1030 1671 a
1063 1606 1302 1674 recentioribus
1335 1611 1395 1687 est,

245 1736 345 1798 quum
368 1714 524 1800 Grynaeus
548 1714 713 1800 prodito
737 1714 906 1781 edidisset.
952 1713 1016 1781 Sed
1039 1717 1145 1781 minus
1166 1721 1257 1782 recte
1279 1714 1331 1781 bis
1354 1713 1395 1780 de

244 1822 356 1888 futuro
378 1825 610 1908 interrogatur.
657 1821 817 1890 Censores
844 1824 879 1887 in
907 1823 1014 1890 medio
1045 1823 1168 1889 dilectu
1196 1823 1260 1891 hoc
1286 1823 1396 1889 edixe-

245 1938 339 2012 runt,
372 1933 423 2000 ius
446 1931 621 1999 iurandum
644 1939 761 2016 postea
783 1933 817 1996 in
841 1952 939 1997 censu
962 1931 1088 2015 agendo
1112 1932 1261 1998 exacturi
1283 1936 1395 2011 erant3

244 2042 358 2124 itaque
380 2048 450 2106 tum
474 2062 508 2107 se
532 2041 628 2107 etde
652 2040 774 2106 dilectu
797 2061 845 2117 eo,
870 2041 926 2123 qui
949 2061 1034 2106 nunc
1052 2042 1118 2106 iam
1136 2046 1297 2124 ageretur,
1319 2039 1397 2106 obe·

245 2147 444 2216 divissentne
480 2151 567 2215 cives
603 2148 725 2226 edicto,
760 2157 794 2215 et
816 2148 856 2214 de
878 2150 935 2228 iis,
958 2150 1015 2232 qui
1043 2155 1117 2233 post
1145 2147 1249 2215 futuri
1278 2154 1396 2226 essent,

244 2257 504 2342 interrogaturos
527 2256 711 2324 edixerunt.
758 2255 869 2323 Codex
891 2257 1055 2341 proditi.
1100 2255 1316 2324 Scribendum
1336 2256 1398 2339 igi·
1494 2300 1502 2319 s

243 2370 313 2430 tur:
347 2372 471 2448 tuque
493 2402 537 2412 -
559 2365 607 2430 ad
631 2365 825 2431 dilectum
848 2366 1017 2447 prodisti
1046 2374 1098 2446 et,
1128 2366 1395 2450 quotiescun·

244 2493 319 2557 que
347 2472 525 2540 dilectus
554 2476 648 2553 erit,
681 2509 724 2518 —
757 2472 964 2558 prodibis?
1008 2474 1117 2539 Edicti
1140 2479 1251 2539 sutem
1273 2474 1337 2538 vim
1361 2477 1395 2539 et

242 2582 294 2646 ius
316 2580 491 2647 iurandum
513 2587 602 2647 recte
626 2588 659 2646 et
681 2580 794 2647 ordine
824 2600 974 2647 censores
998 2604 1057 2647 suo
1079 2582 1186 2648 lustro
1209 2583 1396 2662 terminant,

243 2709 284 2754 nc
308 2688 448 2754 alienam
469 2695 672 2774 potestatem
701 2688 764 2754 sibi
786 2696 964 2754 assumant.
1010 2690 1110 2755 Recte
1138 2690 1240 2774 igitur
1268 2688 1396 2755 habent

243 2796 315 2862 illa:
345 2818 462 2881 quum
485 2795 525 2862 hi
548 2817 738 2861 censores
760 2797 1042 2881 magistratum
1064 2797 1284 2864 habebunt.
1317 2795 1393 2863 Iure

244 2911 363 2985 sutem,
400 2906 525 2989 opinor,
560 2904 711 2988 Sigonius
744 2907 785 2970 in
820 2905 1013 2971 dilectum
1041 2905 1127 2989 (cod.
1161 2906 1201 2971 in
1236 2905 1395 2971 dilectu

243 3011 544 3097 prouidcbis).¹)
589 3012 619 3097 (ἓ
644 3018 662 3078 2
691 3021 730 3081 et
758 3020 835 3080 ante
869 3015 1052 3081 iuniores
1085 3021 1175 3080 recte
1209 3013 1395 3080 Gronovius

177 3115 179 3119 ’
242 3120 315 3188 tolli
337 3121 484 3203 volebat3
517 3122 551 3187 in
579 3143 634 3200 ea,
667 3143 767 3207 quam
800 3122 987 3188 Perizonius
1021 3121 1105 3188 effici
1139 3121 1283 3200 volebat,
1318 3142 1392 3186 sen·

241 3231 347 3296 tentis
370 3230 542 3297 dicendum
564 3237 650 3296 erat:
674 3253 720 3297 ne
750 3232 930 3297 iuniores
955 3230 1125 3315 quidem.
1171 3228 1235 3295 Sed
1258 3229 1390 3295 omnino

242 3359 308 3405 non
341 3339 502 3422 agebatur
533 3346 619 3418 tum,
653 3341 685 3404 in
714 3339 896 3423 legionibus
926 3339 968 3404 ad
996 3338 1118 3404 bellum
1146 3336 1396 3404 Macedonicum

244 3446 436 3526 scribendis,
460 3449 524 3513 nisi
545 3447 586 3512 de
608 3447 808 3525 iunioribus,
833 3449 890 3532 qui
913 3446 1045 3532 quidem
1068 3447 1214 3512 Romane
1237 3445 1392 3512 diceban-

244 3563 306 3636 tur,
339 3576 398 3622 nec
432 3555 474 3621 ad
508 3555 589 3620 alios
628 3562 756 3640 spectat
790 3576 960 3622 censorum
982 3556 1064 3621 iuris
1087 3554 1218 3621 iurandi
1241 3552 1394 3622 formula.

267 3863 292 3927 ι)
311 3860 412 3932 [Miror
428 3861 534 3916 Dukeri
553 3876 676 3916 errorem
693 3879 783 3932 nuper
800 3866 829 3916 et
847 3867 946 3918 contra
965 3862 1131 3918 sententiam
1147 3865 1175 3917 et
1190 3865 1288 3917 contra
1301 3860 1391 3917 muni·

310 3946 412 4002 festum
440 3946 544 4003 codicis
562 3946 699 4003 indicium
726 3947 879 4017 (proditi)
907 3952 1049 4003 retentum
1073 3964 1140 4002 esse.
1177 3945 1311 4002 Censores
1327 3951 1395 4016 post

311 4048 374 4088 sum
395 4033 506 4088 demum
526 4033 675 4100 dilectum,
703 4034 751 4101 qui
777 4039 838 4088 tum
865 4034 958 4104 ipsum
975 4033 1143 4102 habebatur,
1171 4049 1286 4088 censum
1304 4032 1393 4088 recurri

312 4125 341 4173 et
359 4120 560 4190 interrogaturi
579 4135 613 4173 ex
632 4117 725 4174 edicto
746 4136 795 4174 suo
815 4126 902 4176 erant.
938 4118 1033 4175 Nihilo
1051 4118 1150 4173 melius
1174 4119 1208 4171 bi
1232 4134 1394 4174 censores

311 4206 341 4260 in
358 4205 413 4259 bis
433 4205 644 4261 censoribus
662 4208 808 4259 mutatum.
839 4202 924 4273 1864]
