3060 5272
238 307 405 364 nuxxu.
787 293 849 354 296

325 479 422 563 *Cap
452 482 509 557 22,
540 481 578 541 13
608 477 678 560 (ubi
700 476 829 541 Abelux
850 476 983 541 Bostari
1012 475 1144 556 suadet,
1173 484 1211 541 ut
1237 476 1402 563 Hispanis

239 589 369 655 obsides
397 587 546 668 reddat):
580 586 624 651 Id
652 591 692 650 et
719 585 913 668 privatim
936 585 1192 666 parentibus,
1226 606 1403 668 quorum

238 697 451 762 maximum
472 715 612 759 nomen
634 695 675 758 in
698 692 943 757 civitatibus
966 699 1029 758 est
1051 694 1144 772 suis,
1168 700 1210 758 et
1230 694 1401 778 publice

239 804 405 889 populis
434 809 593 885 gratum
622 802 710 866 erit.
767 800 806 864 In
839 785 1011 866 obsidibus
1046 801 1216 885 capiendis
1242 823 1310 868 non
1338 824 1401 869 no·

237 914 335 980 minis
362 913 450 977 fama
478 917 662 995 spectatur,
695 915 734 974 ut
767 929 880 973 eorum
909 914 1042 973 tantum
1069 909 1167 974 liberi
1195 909 1396 994 deligantur,

239 1022 296 1106 qui
318 1021 413 1086 factis
437 1026 472 1084 et
492 1019 598 1084 rebus.
615 1019 716 1101 gestis
738 1016 883 1082 illustres
904 1017 980 1096 sint,
1003 1016 1062 1082 sed
1085 1037 1198 1082 eorum
1221 1019 1402 1103 capiuntur

238 1129 308 1208 filii,
337 1131 394 1212 qui
415 1127 594 1204 natalibus,
623 1126 754 1203 divitiis,
777 1125 1026 1208 cognationibus
1049 1125 1189 1191 multum
1211 1127 1298 1192 inter
1319 1148 1402 1193 auos

238 1244 386 1322 possunt.
442 1236 480 1300 Iu
514 1234 664 1299 barbaris
699 1233 833 1316 quidem
862 1232 1015 1316 gentibus
1044 1234 1143 1298 etiam
1170 1234 1316 1318 ineptior
1344 1240 1397 1300 est

175 1369 178 1375 ’
238 1343 309 1408 haeo
329 1344 470 1408 nominis
492 1344 603 1425 magni
626 1343 759 1407 mentio.
809 1339 937 1406 Abelux
959 1341 1091 1406 Bostari
1122 1348 1297 1425 parentum
1323 1341 1401 1408 illo-

238 1473 311 1516 rum
344 1452 377 1514 in
411 1451 479 1516 suis
513 1449 701 1514 civitatibus
735 1451 818 1515 vires
852 1456 886 1514 et
918 1449 1147 1513 auctoritatem
1181 1449 1401 1533 proponebat,

240 1581 300 1643 pro
324 1557 651 1639 Carthaginiensibus
681 1563 844 1622 staturam
866 1558 929 1622 hoe
951 1564 1085 1639 accepto
1110 1556 1262 1622 obsidum
1284 1557 1400 1622 remis·

240 1687 351 1732 sorum
389 1665 556 1731 beneficio.
619 1666 736 1748 Itaque
775 1686 840 1729 non
879 1686 1014 1743 nomen,
1057 1663 1116 1729 sed
1154 1672 1397 1730 momentum

240 1774 415 1857 agebatur,
449 1773 547 1857 idque
581 1773 776 1838 vocabulum
804 1793 825 1837 a
852 1773 943 1838 Livio
976 1773 1120 1856 positum
1155 1771 1256 1837 fuisse
1290 1794 1399 1857 prope

240 1888 368 1948 certum
391 1889 453 1946 est.

154 2003 225 2070 (ω)
330 1990 410 2075 Cap.
434 1994 485 2069 24,
510 1994 544 2053 8:
573 1988 697 2077 Simul
721 1998 760 2054 et
781 2010 854 2073 per
876 2008 1021 2054 aversa
1043 1996 1180 2054 eastra
1203 2011 1220 2053 e
1243 1990 1400 2054 cestris

240 2097 486 2164 Hannibalis
515 2099 730 2181 equitatus
754 2077 951 2178 (Romanus)
975 2117 1060 2161 cum
1083 2096 1163 2162 levi
1185 2104 1398 2163 armatura

240 2208 408 2272 emissus
430 2207 470 2270 in
492 2206 813 2271 frumentatores
835 2203 920 2269 late
942 2204 1087 2269 caedem
1103 2206 1317 2289 fugamque
1334 2205 1402 2270 ho-

239 2316 360 2379 stium
381 2313 615 2397 palatorum
637 2313 745 2378 feeit.
790 2311 828 2376 In
850 2311 913 2376 hac
936 2311 1084 2376 codicum
1107 2314 1272 2397 scriptura
1296 2335 1401 2396 quum

238 2423 310 2486 iure
338 2421 551 2506 displicerent
578 2441 720 2485 aversa
750 2425 889 2484 castra
918 2441 935 2484 e
959 2422 1110 2484 eastris
1133 2420 1400 2501 Hannibalis,

238 2529 309 2594 fere
343 2551 381 2595 eo
415 2529 590 2593 decursum
624 2534 688 2607 est,
722 2535 761 2592 ut
793 2529 1025 2592 omitterentur
1057 2527 1159 2593 verba
1192 2550 1210 2593 e
1243 2528 1400 2594 castris

238 2635 381 2714 Hanc„
414 2637 479 2700 nisi
513 2634 604 2718 quod
627 2635 916 2700 Weissenbornius
946 2635 1071 2718 aliquid
1100 2636 1261 2701 excidisse
1291 2637 1400 2720 suspi-

240 2749 335 2808 catus
357 2749 424 2821 est,
453 2763 526 2823 quae
556 2742 701 2825 suspicio
725 2742 786 2807 hoa
809 2742 943 2825 quidem
965 2743 1051 2822 loco,
1079 2744 1135 2808 ubi
1159 2743 1417 2810 nihilomnino·

240 2850 284 2916 ad
311 2851 507 2915 sententiam
535 2849 730 2933 explendam
757 2851 938 2934 requiritur
967 2852 1232 2934 necquidquam
1256 2854 1403 2918 occurrit

240 2958 476 3042 supplementi,
510 2958 544 3022 in
573 2957 662 3041 quod
689 2957 748 3022 illa
776 2957 877 3023 verba
904 2965 981 3041 apte
1009 2959 1238 3038 includantur,
1272 2960 1399 3025 nollem

239 3066 342 3132 habet
364 3066 644 3150 probabilitatem.
696 3064 763 3130 Sed
791 3065 921 3130 omissis
948 3066 1015 3131 illis
1038 3088 1155 3150 parum
1176 3069 1302 3134 usitate
1324 3090 1399 3153 per

240 3195 381 3240 averse
415 3181 558 3268 eastra
597 3174 718 3238 dieitur
759 3173 800 3238 de
839 3194 956 3238 aversa
995 3182 1177 3239 castrorum
1219 3183 1313 3259 perte
1346 3175 1400 3241 vel

240 3284 350 3366 potius
373 3282 413 3347 de
436 3301 553 3347 aversa
575 3288 757 3346 castrorum
781 3288 895 3365 porte3
928 3302 1035 3364 neque
1059 3284 1143 3346 enim
1167 3304 1237 3367 per
1260 3291 1402 3348 eastra

240 3389 295 3472 (ne
322 3411 383 3475 per
411 3397 541 3474 partem
569 3389 703 3472 quidem
731 3386 929 3469 castrorum)
953 3390 1164 3469 emittuntur,
1198 3392 1254 3472 qui
1277 3392 1398 3456 eastris

240 3497 463 3582 egrediuntur.
492 3498 575 3563 Mihi
596 3497 730 3580 quidem
752 3497 855 3562 multo
878 3496 1086 3580 probabilius
1108 3498 1238 3563 videtur
1260 3506 1401 3564 castra

240 3629 262 3672 a
278 3607 366 3671 mala
383 3627 482 3671 manu
498 3606 685 3684 accessisse,
705 3626 805 3687 quum
822 3603 932 3668 Livius
949 3606 1147 3688 scripsisset:
1167 3627 1238 3689 per
1255 3626 1401 3672 aversa

309 3876 553 3931 Weissenbornius
571 3875 709 3930 tenuisset
727 3892 788 3929 eam
807 3873 1007 3942 coniecturam,
1025 3877 1055 3930 in
1073 3894 1157 3945 quam
1176 3882 1241 3931 ante
1258 3877 1401 3932 incideret

310 3978 449 4029 quamque
476 3977 529 4029 ego
557 3976 669 4029 quoque
697 3959 831 4015 feceram:
857 3977 920 4014 uec
943 3962 1165 4017 continentie
1188 3963 1288 4016 modo
1311 3977 1400 4031 prae·

310 4048 441 4102 lectast
467 4063 539 4113 ora,
567 4047 621 4101 etri
647 4045 677 4100 id
704 4046 894 4116 compositum
917 4062 993 4100 nunc
1011 4046 1142 4102 Tacitum
1163 4048 1288 4118 primum
1311 4047 1400 4102 habet

309 4138 421 4187 testem.
457 4131 572 4186 Passiva
590 4132 728 4186 orationis
744 4131 835 4186 forma
851 4131 943 4186 multo
962 4136 1006 4187 est
1023 4133 1134 4187 rectior.
