3060 5272
226 341 288 397 Lib.
309 341 330 396 1.
787 329 827 391 66

227 519 390 598 apparent
411 514 445 578 in
468 512 591 579 decade
614 518 735 596 quarta
755 512 789 577 in
813 512 1132 596 cod.Bambergensi
1155 514 1244 580 etin
1268 514 1391 599 quinta

226 623 260 686 in
289 621 546 688 vindobonensi.
601 620 664 686 Hic
697 621 829 705 quidem
863 642 901 687 eo
935 620 1066 687 facilius
1099 621 1291 688 aberratum
1323 627 1392 703 est,

226 728 314 814 quod
331 729 441 795 alius
459 729 502 794 ad
514 730 699 814 proximum
715 729 874 795 iuvenis
885 729 1090 795 trahebatur.
1121 728 1260 813 [Ibidem
1271 729 1387 797 inhia:

224 837 263 902 Is
282 858 400 920 quum
416 837 617 922 primores
636 837 831 917 civitatis,
854 837 894 901 in
917 835 1063 919 quibus
1081 836 1252 904 fratrem
1271 858 1386 904 suum

224 945 272 1010 ab
302 944 501 1010 avunculo
524 944 788 1009 interfectum
811 943 1048 1025 audivisset,
1143 946 1296 1011 statuit
1318 952 1382 1011 cet.

223 1053 399 1119 durissime
412 1100 415 1107 ,
428 1052 645 1137 pradicatum
674 1071 843 1117 commune
873 1053 920 1118 sic
949 1051 992 1118 ad
1020 1074 1139 1119 nomen
1161 1054 1196 1118 in
1220 1053 1392 1119 sententia

222 1161 362 1227 relativa
384 1162 615 1245 interpositum
637 1159 794 1239 refertur,
825 1166 863 1226 ut
884 1162 1085 1245 primores
1107 1159 1206 1246 plane
1229 1160 1390 1246 pendeat,

223 1290 284 1334 nec
318 1270 463 1353 suspicio
498 1268 607 1347 abest,
647 1269 726 1351 quin
759 1268 871 1334 Livius
912 1268 1161 1335 interlectos
1201 1269 1383 1354 scripserit.

224 1376 307 1442 Sunt
330 1384 442 1443 tamen
466 1377 532 1442 alia
554 1397 620 1441 non
643 1398 782 1460 prorsus
806 1376 981 1441 dissimilia
1005 1377 1315 1443 accommodationis
1339 1376 1386 1442 ad

223 1486 363 1569 propius
387 1484 547 1568 exempla.
596 1482 702 1566 1861]

153 1599 207 1665 (54)
312 1591 390 1676 Cap.
416 1597 465 1672 58,
496 1597 514 1656 5
539 1591 600 1673 (de'
617 1591 689 1658 Sex.
714 1591 893 1673 Tarquinio
918 1592 1078 1657 Lucretia
1101 1599 1222 1676 prater
1243 1598 1385 1658 mortem

223 1699 365 1765 dedecus
394 1699 549 1782 minato):
584 1720 662 1783 quo
696 1707 855 1764 terrore
891 1719 1010 1783 quum
1042 1701 1215 1766 vicisset
1248 1701 1386 1766 obsti·

222 1813 360 1873 natam
394 1807 639 1891 pudicitiam
668 1808 782 1872 velut
809 1808 959 1872 victrix
987 1807 1116 1873 libido
1145 1808 1383 1893 profectus·

223 1935 297 1998 que
325 1915 418 1979 iude
440 1916 695 1999 Tarquinius
725 1913 840 1980 ferox
870 1923 1098 2000 expugnato
1128 1917 1275 1982 decore
1297 1936 1382 1980 rnu-

222 2022 346 2087 liebri
370 2030 489 2103 esset,
511 2023 707 2088 Lucretia
730 2028 808 2089 cet‘
827 2023 865 2088 ln
887 2024 949 2089 hoc
972 2024 1044 2089 loco
1067 2046 1169 2108 quum
1192 2024 1386 2108 superiores

222 2151 335 2196 omnes
369 2132 566 2209 tacuissent,
606 2131 732 2215 primus
766 2131 981 2197 Marklandus
1014 2132 1125 2210 haesit,
1164 2133 1198 2197 in
1231 2131 1385 2199 remedio

221 2237 409 2304 adhibendo
443 2237 558 2304 infelix
592 2237 717 2319 (velut
755 2239 899 2319 ultrix,
938 2240 1027 2324 quod
1062 2262 1096 2305 a
1115 2240 1281 2306 sententia
1314 2240 1381 2306 loci

221 2346 458 2412 alienissimum
486 2347 565 2429 est);
599 2346 752 2411 Hertzius
781 2368 886 2431 nuper
914 2346 1032 2413 fortius
1061 2348 1143 2414 duas
1172 2368 1267 2414 voces
1289 2367 1382 2413 rese·

221 2453 344 2520 candae
380 2454 590 2538 significarit,
624 2475 697 2538 quae
727 2455 814 2520 unde
844 2460 926 2520 ortae
956 2463 989 2519 et
1017 2455 1138 2522 additae
1167 2457 1247 2535 sint,
1282 2474 1382 2520 nemo

221 2560 353 2626 divinet.
409 2562 563 2627 Mendum
599 2567 709 2627 tamen
743 2569 777 2627 et
810 2562 1021 2629 manifestum
1054 2571 1105 2630 est
1139 2570 1173 2631 et
1206 2562 1380 2642 eiusmodi,

221 2668 309 2752 quod
342 2668 469 2734 nullum
501 2671 640 2753 recipiat
673 2671 893 2736 excusationis
928 2671 1081 2738 colorem.
1144 2671 1229 2737 Nam
1261 2691 1384 2754 neque,

221 2797 280 2841 cur
318 2777 434 2841 victrix
472 2776 574 2842 libido
613 2778 728 2843 vicisse
768 2779 962 2861 pudicitiam
995 2780 1139 2859 dicatur,
1180 2777 1246 2844 ullo
1279 2777 1381 2843 modo

220 2884 438 2966 intellegitur,
474 2887 569 2969 quasi
593 2906 657 2949 uon
680 2886 797 2950 victrix
818 2888 946 2953 vincere
969 2888 1129 2971 potuerit,
1163 2908 1285 2970 neque,
1318 2905 1378 2950 cur

220 2992 333 3056 velut
367 2992 483 3056 victrix
517 2993 661 3070 dicatur,
697 3014 769 3076 qua
801 3015 875 3059 vere
904 2996 1066 3079 planeque
1096 2995 1188 3075 ricit;
1222 2993 1377 3079 quodque

220 3099 506 3166 Weissenbornius
536 3099 578 3164 ad
607 3121 718 3165 vocem
740 3102 887 3167 victrix
911 3102 1084 3181 adscribit,
1118 3124 1158 3169 ea
1180 3122 1254 3168 cum
1275 3100 1382 3168 verbo

219 3208 390 3273 vicisset
423 3208 579 3291 copulata
613 3209 755 3292 speciem
788 3231 866 3275 vero
901 3212 1102 3276 contrariam
1136 3209 1314 3294 significari
1342 3216 1378 3275 et

219 3336 292 3380 cum
314 3337 353 3381 eo
376 3315 606 3399 comparari1),
634 3338 768 3401 prorsus
791 3319 915 3400 ignoro,
944 3339 1016 3403 quae
1040 3318 1083 3383 sit
1105 3339 1145 3384 ea
1167 3325 1226 3383 aut
1248 3317 1382 3401 species

218 3430 277 3489 aut
299 3424 519 3509 comparati03
548 3424 825 3505 Weissenbornio,
855 3426 945 3511 quod
969 3446 1064 3510 saepe,
1087 3426 1247 3492 accidisse
1270 3424 1381 3506 video,

217 3537 255 3596 ut
282 3532 324 3597 ad
353 3531 565 3597 offensionem
588 3533 728 3616 primum
751 3533 1005 3613 adhoeresceret,
1039 3534 1158 3600 deinde
1180 3533 1271 3600 inani
1293 3533 1375 3599 arti·

217 3637 291 3704 ficio
320 3660 355 3704 se
379 3641 558 3723 expediret.
615 3639 829 3705 Scribendum
858 3648 922 3706 est'
938 3662 1004 3706 una
1031 3640 1144 3706 littera
1171 3642 1205 3705 in
1234 3641 1375 3706 similem

216 3753 346 3812 mutata
368 3748 394 3827 (t
415 3748 449 3811 in
472 3746 513 3830 l):
548 3770 625 3832 quo
654 3754 815 3813 terrore
844 3768 959 3830 quum
988 3750 1163 3815 vicisset
1185 3748 1377 3815 obstina-

246 4015 268 4083 ¹)
288 4015 356 4084 „Die
374 4017 560 4087 Verbindung
586 4019 639 4072 mit
667 4017 815 4073 vicisset
842 4017 911 4073 heht
934 4019 997 4073 dem
1016 4020 1193 4074 Wirlrlichen
1211 4020 1379 4090 gegenuber

254 4117 259 4125 ¹
286 4102 335 4156 das
354 4102 527 4158 Scheinbare
544 4102 671 4158 hervor“.
