3060 5272
223 390 337 448 mex.
771 375 834 437 230

311 559 390 645 Cap.
415 565 471 639 22,
503 566 539 625 4:
575 557 836 642 Subscripsit
869 558 1053 625 orationi
1087 560 1173 625 eius
1202 557 1255 640 (Q.
1277 557 1387 639 Fabii,

224 670 282 752 qui
298 669 333 733 P.
353 668 491 733 Decium
513 666 676 750 collegam
699 665 763 731 sibi
785 665 997 751 poposcerat)
1021 664 1232 749 oonsul(L.
1249 664 1386 733 Volum-

223 775 310 858 nius)
339 796 424 841 cum
456 775 612 840 moritis
639 774 675 837 P.
698 773 814 838 Decii
841 774 1050 854 laudibus,
1083 781 1182 854 tum,
1216 794 1305 857 quse
1336 795 1386 839 ex

225 883 446 950 concordia
485 882 696 947 consulum
735 881 842 946 bona
881 901 1048 965 quaeque
1087 902 1133 946 ex
1171 881 1386 948 discordia

223 991 330 1057 mala
357 993 396 1055 in
425 990 789 1056 administratione
816 1010 948 1054 rerum
970 990 1218 1055 militarium
1241 989 1384 1054 eveni-

224 1105 331 1177 rent,
360 1097 629 1176 memorande,
661 1118 778 1180 quam
800 1118 924 1180 prope
947 1096 1135 1162 ultimum
1159 1097 1385 1163 discrimen

225 1207 311 1272 suis
340 1212 380 1270 et
408 1205 578 1288 collegae
608 1204 905 1269 certaminibus
927 1225 1054 1288 nuper
1076 1211 1240 1270 ventum
1262 1204 1384 1286 foret,

224 1313 477 1379 admonendo
513 1311 575 1395 (sic
603 1312 629 1376 P
657 1311 856 1395 reliquique,
890 1312 925 1377 M
958 1310 1068 1377 foret
1102 1318 1140 1377 et
1167 1311 1382 1394 monendo)

223 1421 661 1503 DociumFabiumque,
684 1425 727 1484 ut
755 1441 833 1484 uno
857 1421 1000 1499 animo,
1023 1441 1101 1485 una
1123 1426 1253 1485 mente
1276 1421 1384 1486 vive·

223 1535 329 1608 rent;
353 1549 445 1594 esse
468 1534 673 1611 praeterea
696 1527 802 1591 viros
820 1533 939 1592 natos
956 1528 1114 1592 militiae
1132 1533 1194 1593 cet.
1225 1528 1332 1593 Multa
1347 1529 1384 1593 in

223 1634 275 1700 his
292 1642 369 1700 sunt
385 1636 475 1713 vitia,
493 1635 633 1718 primum
651 1634 765 1713 levius,
792 1633 826 1717 [a
837 1634 969 1699 Dukero
987 1633 1275 1718 animadversum,
1293 1635 1385 1721 quod

223 1743 484 1808 memorando
502 1742 585 1807 duas
603 1744 785 1807 sententias
803 1744 898 1825 regit,
916 1743 1055 1807 alteram
1067 1743 1316 1826 praecedentem,
1333 1743 1383 1808 al·

224 1858 331 1916 teram
347 1850 612 1932 subsequentem,
635 1851 704 1914 sine
723 1849 801 1929 ulla,
825 1870 897 1933 quae
915 1850 949 1914 id
967 1855 1113 1930 excuset,
1136 1850 1253 1934 figura,
1271 1857 1385 1916 cetera

224 1958 429 2042 gravissima,
451 1958 539 2040 quod
556 1957 680 2022 Fabius
698 1964 731 2023 ct
749 1957 879 2036 Decius,
904 1957 960 2039 qui
978 1978 1108 2041 semper
1125 1944 1384 2024 concordissime

223 2087 276 2131 res
295 2072 476 2150 gesserant,
495 2065 723 2144 admonentur,
741 2071 779 2129 ut
797 2065 1003 2130 concorditer
1020 2066 1139 2145 vivant,
1158 2065 1275 2131 deinde
1292 2066 1384 2148 quod

223 2175 356 2239 omnino
389 2195 501 2238 sorum
528 2172 597 2237 ulla
619 2172 800 2238 admonitio
823 2174 1059 2256 interponitur;
1092 2175 1127 2238 in
1149 2173 1272 2258 populo
1294 2173 1384 2238 enim

224 2281 430 2346 admonendo
459 2282 563 2345 omnis
593 2287 744 2346 versatur
773 2281 896 2360 oratio,
930 2287 968 2344 ut
994 2279 1070 2346 illos
1100 2280 1252 2346 consules
1276 2287 1382 2362 creet,

222 2410 282 2454 nso
305 2388 514 2454 Volumnium
545 2387 621 2454 illos
649 2386 800 2471 adloqui,
834 2388 892 2453 sed
915 2387 956 2452 de
978 2387 1044 2453 illis
1067 2387 1257 2471 loquentem
1278 2389 1382 2454 ratio·

223 2517 297 2560 nem
320 2495 459 2574 adferre,
490 2515 548 2559 cur
570 2495 704 2560 creandi
728 2497 803 2575 sint,
832 2495 1014 2561 clarissime
1039 2496 1275 2576 demonstrant,
1307 2517 1382 2580 quae

225 2603 459 2668 subiiciuntur:
494 2623 582 2667 esse
605 2609 807 2686 praeterea
830 2610 892 2668 cet.
947 2602 1027 2668 Haec
1049 2604 1130 2669 vitia
1151 2603 1325 2687 Ussingins
1347 2609 1382 2669 et

220 2711 304 2775 vidit
325 2717 359 2775 et
381 2709 515 2776 sustulit
537 2709 601 2774 bac
624 2711 867 2775 emendatione:
901 2731 1017 2792 quam
1046 2733 1172 2795 prope
1195 2711 1382 2777 ultimum

224 2817 445 2883 discrimen
471 2825 701 2883 -ventum
737 2818 860 2897 foret,
902 2817 1171 2883 admonendo:
1215 2818 1381 2884 Decium

223 2923 475 3006 Fabiumque
513 2948 591 2993 uno
631 2927 779 3004 animo,
817 2946 897 2989 una
929 2931 1063 2990 mente
1096 2927 1249 3007 vivere3
1288 2948 1379 2992 esse

222 3038 425 3117 praeterea
448 3039 509 3099 cet.
555 3033 661 3111 Quum
684 3033 848 3098 Decium
871 3023 1123 3117 Fabiumque
1146 3035 1281 3100 nomina
1303 3054 1378 3100 cum

222 3140 474 3207 admonendo
509 3142 630 3207 obiecti
666 3141 740 3207 loco
776 3142 950 3206 coniuncta
984 3146 1110 3220 essent,
1153 3142 1304 3207 additum
1337 3148 1381 3207 ut

220 3247 411 3332 factumque
436 3249 628 3314 viverent.
659 3248 782 3331 (1861.)
828 3248 892 3314 Sed
912 3248 1167 3314 memorando
1186 3248 1379 3315 -admo-

221 3355 361 3422 mendo
387 3356 525 3421 obscure
551 3363 584 3421 et
606 3357 723 3421 vitiose
745 3357 814 3422 sine
838 3356 958 3441 copula
981 3356 1239 3440 coniunguntur3
1266 3358 1380 3440 itaque

221 3469 311 3529 recte
346 3463 520 3547 Siesbyeus
560 3485 759 3547 quamque
799 3464 1007 3529 scribendum
1040 3465 1192 3529 coniecit.
1255 3464 1379 3546 (1875.)

222 3568 318 3654 [Quae
340 3580 457 3655 postea
478 3571 764 3636 Weissenbornius
786 3572 942 3652 tentavit,
973 3593 994 3637 a
1017 3573 1182 3636 sententia
1203 3571 1381 3637 manifesta

222 3677 387 3759 aberrant,
411 3685 444 3744 et
467 3684 583 3762 aperta
605 3679 677 3743 vitii
699 3680 790 3761 origo
813 3677 1058 3762 neglegitur.]¹)

250 3946 275 4017 ι)
295 3946 372 4017 [Cap.
391 3950 433 4014 28,
456 3950 576 4018 tquum
595 3953 680 4004 esset:
707 3965 768 4004 nec
792 3966 827 4005 se
849 3949 919 4002 viri
940 3948 1153 4004 bonorumve
1171 3951 1245 4005 sius
1262 3978 1297 3990 -
1314 3966 1380 4021 poe·

290 4033 412 4102 nitere,
435 4050 513 4088 vero
531 4034 758 4103 gloriaretur,
781 4052 805 4089 a.
827 4036 892 4089 1861
911 4035 1011 4104 scripsi
1030 4051 1064 4088 sr
1082 4052 1174 4105 vero,
1198 4035 1379 4105 quamadmo-

291 4117 359 4172 dum
385 4135 437 4187 pro
466 4119 607 4173 adverbiis
631 4119 795 4175 dicerentur
820 4138 860 4175 ex
888 4137 1109 4190 supervacuo
1132 4120 1177 4189 Π,
1205 4123 1253 4189 37,
1279 4123 1311 4189 8,
1339 4138 1380 4176 ex

291 4209 415 4272 aperto
432 4202 509 4271 XXI,
536 4206 579 4271 32,
609 4206 652 4271 10,
680 4221 719 4259 ex
742 4209 819 4261 tuto
838 4204 939 4274 XXVI,
966 4208 1009 4268 38,
1027 4207 1052 4273 6,
1072 4223 1111 4261 ex
1133 4223 1222 4261 vano
1239 4204 1379 4275 XXXIII,
