3060 5272
186 356 352 414 11111.
734 339 796 400 356

102 539 174 608 (291)
192 531 352 614 accipias3
385 548 492 611 neque
521 524 599 589 addi
628 530 668 588 et
695 523 728 588 in
757 523 905 606 proximo
935 523 1094 588 orationis
1122 523 1269 588 membro
1292 520 1347 602 (et

188 640 300 705 fossa
327 636 484 720 ingens)
508 639 636 719 potest3
664 631 734 696 haec
757 632 844 696 enim
867 632 1011 716 partium
1034 634 1144 717 operis
1167 631 1346 715 descriptio

188 769 229 812 en
263 766 358 829 aeqno
387 743 441 825 (et
469 779 512 788 -
534 741 585 825 et)
615 739 761 823 generali
795 740 905 824 operis
934 739 1168 823 significationi
1197 738 1347 824 copulari

188 854 312 936 nequit.
363 851 557 916 Tollendum
588 857 638 914 est
667 855 708 913 et
736 854 850 912 natum
881 869 920 912 ex
947 854 1095 915 extrema
1121 848 1237 914 littera
1257 848 1348 913 vocis

189 961 282 1026 inde
305 959 383 1043 (sid.
407 959 449 1024 ad
472 957 587 1036 XXVI,
610 962 661 1036 40,
687 955 786 1037 17).¹)
819 956 998 1040 Aliquanto
1022 957 1108 1022 infra
1130 955 1161 1040 (ἓ
1187 956 1250 1037 17),
1274 958 1348 1037 etsi,

190 1091 262 1153 quae
285 1069 337 1134 via
359 1089 379 1132 a
402 1073 500 1151 portu
524 1065 566 1129 ad
588 1086 679 1130 mare
702 1066 901 1129 transmissa
923 1070 989 1143 est,
1017 1065 1133 1130 eadem
1156 1064 1349 1149 plerumque

155 1177 157 1181 ’
190 1180 261 1243 iure
290 1178 329 1241 in
352 1182 512 1260 portum
535 1196 556 1238 a
577 1174 678 1238 mari
700 1174 945 1238 transmissa
968 1172 1033 1255 (vel
1056 1175 1166 1256 potius
1189 1172 1237 1238 ad
1260 1196 1349 1258 por-

191 1285 288 1367 tum)
318 1286 383 1349 dici
415 1289 540 1368 potest,
575 1304 670 1347 nemo
704 1288 815 1346 tamen
849 1281 947 1346 facile
974 1282 1023 1346 ita
1050 1281 1215 1367 appellat,
1247 1301 1348 1367 quum

192 1396 301 1477 egitur
329 1393 369 1457 de
399 1392 649 1475 opportunitate
677 1410 778 1453 naves
808 1410 847 1453 ea
874 1392 928 1454 via
951 1412 969 1454 e
991 1397 1089 1474 portu
1112 1390 1146 1454 in
1168 1411 1258 1456 mare
1280 1396 1350 1456 tra·

191 1503 301 1567 hendi.
357 1501 474 1580 Itaque
509 1520 609 1581 quum
643 1499 676 1562 in
705 1497 731 1560 P
760 1499 944 1579 ceterisque
972 1498 1041 1562 fere
1070 1498 1238 1564 codicibus
1268 1500 1349 1564 scri-

192 1611 308 1675 batur:
344 1628 429 1691 quae
458 1608 498 1670 in
527 1612 649 1689 portu
677 1640 720 1649 —
744 1605 792 1669 ad
821 1627 944 1684 mare,
973 1628 1139 1692 quumque
1169 1607 1258 1691 apud
1286 1607 1349 1673 Po·

193 1717 317 1802 lybium
342 1714 442 1795 (Vlll,
461 1715 515 1795 36)
539 1715 597 1778 Sit:
620 1722 758 1794 φέρουσαν
777 1725 805 1775 ἐκ
822 1723 869 1776 rod
887 1723 991 1795 λιμένος
1008 1719 1046 1786 εἰς
1062 1722 1108 1791 τὴν
1126 1720 1177 1786 ἔξω
1200 1723 1350 1787 θάλατταν,

193 1830 282 1888 recte
300 1823 450 1904 Sigonius
473 1822 571 1886 scribi
598 1821 716 1886 voluit:
740 1844 823 1905 quae
846 1842 862 1885 c
887 1823 929 1904 (is
947 1823 1079 1906 quidem
1097 1823 1156 1904 ex)
1175 1828 1351 1907 portu-

194 1931 244 1997 ad
266 1951 383 1995 mare.
428 1929 533 2007 Quum
556 1950 574 1992 o
596 1936 673 2013 post
694 1952 777 2015 quae
801 1932 984 2009 excidisset,
1007 1931 1156 1996 additum
1180 1937 1230 1996 est
1252 1932 1301 1996 in.

281 2038 360 2122 Cap.
387 2041 445 2117 12,
471 2042 506 2101 4:
540 2037 594 2101 Ex
623 2036 742 2103 huius
772 2039 914 2103 Marcii
938 2039 1049 2120 (vatis)
1080 2039 1234 2104 duobus
1263 2060 1351 2105 car-

195 2147 370 2214 minibus
404 2146 582 2210 alterius
616 2152 708 2229 post
741 2167 824 2210 rem
857 2153 989 2211 actam
1018 2146 1119 2211 editi
1147 2155 1351 2215 cumrato

196 2257 428 2323 auctoritas
468 2262 616 2319 eventu
650 2254 776 2318 alteri
811 2276 985 2336 quoque,
1027 2255 1144 2320 cuius
1176 2255 1352 2321 nondum

195 2373 353 2448 tempus
377 2369 553 2440 venerat,
576 2361 793 2426 adferebat
815 2361 947 2426 fidem.
982 2363 1096 2444 Neque
1119 2365 1352 2430 auctoritas

196 2495 281 2538 cum
315 2477 458 2535 eventu
488 2478 578 2534 recte
606 2491 665 2552 pro
694 2472 895 2535 auctoritate
924 2477 1041 2535 eventu
1072 2471 1265 2537 confirmata
1293 2494 1353 2557 po-

196 2581 285 2645 nitur
307 2598 413 2662 neqne
436 2585 551 2642 ratus
575 2585 744 2643 eventus
768 2578 837 2643 ullo
862 2579 1012 2662 exemplo
1036 2601 1076 2643 ex
1098 2581 1233 2645 minima
1256 2587 1352 2665 parte

158 2762 159 2766 Ἰ
197 2687 296 2752 simili
325 2687 446 2750 dicitur
479 2686 674 2765 (auctoritas
710 2686 849 2751 alicuius
885 2693 960 2751 rata
988 2709 1060 2752 esse
1090 2694 1123 2752 et
1150 2686 1266 2752 haberi
1293 2710 1353 2773 po·

197 2795 287 2876 test),
316 2796 451 2877 ipseque
480 2793 655 2857 verborum
684 2794 763 2858 ordo
787 2796 1008 2879 suspicionem
1030 2795 1139 2860 mendi
1162 2795 1253 2860 facit.
1303 2796 1354 2862 Ex

198 2909 380 2970 cumrato
428 2902 661 2966 auctoritas
709 2908 854 2967 eventu
895 2901 981 2966 effici
1021 2902 1165 2968 videtur:
1214 2925 1354 2971 corro-

198 3013 348 3078 borata
377 3011 605 3075 auctoritas
636 3017 781 3075 eventu
811 3010 883 3090 (aut
912 3010 1179 3092 confirmata).
1238 3010 1354 3095 [Con-

194 3121 366 3185 firmata
387 3121 453 3184 iam
476 3118 676 3199 Freundius3
707 3118 911 3202 probabilius
936 3121 1036 3184 etiam
1059 3119 1232 3202 Ussingius
1256 3141 1354 3186 com-

198 3227 383 3313 probata.
433 3226 496 3290 Pro
527 3233 657 3291 actam
686 3229 841 3309 quoniam
869 3229 902 3290 in
926 3228 950 3291 P
976 3235 1026 3292 est
1048 3235 1178 3307 sacta,
1209 3227 1354 3294 scriben-

199 3337 276 3402 dum
300 3336 429 3401 videtur
450 3334 610 3399 factam.
659 3333 765 3417 18611]

285 3443 363 3526 Cap.
397 3448 450 3522 13,
487 3448 525 3507 10
555 3443 610 3524 (de
639 3443 808 3508 Hannonis
836 3445 969 3522 castris,
1004 3445 1039 3507 in
1067 3465 1140 3525 quae
1164 3442 1228 3509 duo
1251 3443 1356 3510 millia

199 3553 426 3637 plaustrorum
454 3558 488 3615 et
515 3549 685 3615 incondita
712 3551 813 3615 turba
840 3550 1007 3616 hominum
1035 3562 1193 3616 venerant
1221 3552 1264 3616 ad
1287 3550 1356 3617 fru-

197 3709 359 3721 —--....
380 3709 418 3714 .--

228 3792 254 3858 1)
272 3789 288 3859 ἓ
303 3793 334 3844 10
346 3788 457 3843 omissis
477 3788 586 3856 aliquot
606 3786 708 3841 litteris
726 3793 824 3842 natum
845 3793 889 3841 est
901 3796 1058 3844 monstrum
1071 3790 1235 3844 locutionis:
1254 3790 1356 3858 isque

269 3873 555 3929 finisllennibeli
573 3872 807 3928 init-arcem
826 3876 1186 3946 oppugnare-Longe
1205 3873 1281 3928 alind
1299 3878 1355 3929 est:

269 3961 367 4015 labor
389 3964 443 4015 est
465 3960 597 4023 fecere,
625 3959 680 4013 hoc
700 3963 743 4013 est
762 3958 890 4025 difficile,
918 3961 1010 4016 alind:
1039 3962 1067 4015 is
1089 3960 1175 4015 finis
1201 3959 1283 4014 mihi
1301 3964 1359 4014 est

267 4055 391 4104 lacere.
442 4045 533 4099 Multo
563 4045 678 4115 previus
709 4051 889 4115 comparatur
920 4047 1001 4101 illud:
1034 4045 1158 4101 edendi
1187 4044 1273 4099 finis
1305 4046 1359 4098 est

271 4131 445 4186 desideria
477 4137 609 4186 naturas
642 4131 878 4203 restinguere,
911 4133 960 4187 nbi
993 4132 1064 4186 nihil
1098 4130 1195 4202 potuit
1221 4130 1276 4185 nisi
1302 4146 1356 4184 re·

271 4217 451 4287 stinguere
469 4217 535 4284 dici,
553 4217 800 4287 restinguendi
817 4217 1033 4273 vitiosissimum
1052 4223 1132 4272 esset.
