3060 5272
229 359 293 415 Lib.
313 357 395 414 XLV.
773 345 834 409 736

231 532 404 597 medium
426 550 560 609 unum,
588 531 753 613 utrique
782 531 920 615 generi
948 530 1177 612 adversum,
1210 530 1383 598 liberta-

230 645 308 705 tem
332 647 371 704 et
392 639 504 722 leges
527 639 732 704 tuebatur.
778 635 857 703 Ood.
880 637 1011 704 media
1033 660 1174 704 una-
1196 638 1381 721 adversa,
1479 623 1481 629 ’

230 767 305 832 qua
327 745 489 813 femininae
511 747 753 812 terminationis
777 747 962 812 constantia
990 746 1079 812 aliud
1103 746 1236 813 subesse
1264 751 1383 831 arguit,

231 875 331 938 quum
348 856 529 939 presertim
541 875 656 939 parum
673 862 763 920 recte
779 876 897 920 unum
914 876 1040 940 genus
1058 856 1223 938 utrique
1240 858 1380 940 generi

230 962 323 1045 (non:
346 963 442 1029 huic
464 962 641 1046 utrique)
665 963 873 1028 adversum
891 963 1031 1028 dicatur.
1064 962 1204 1029 Videtur
1221 963 1380 1030 excidisse

231 1079 347 1139 secta
369 1070 442 1155 [aut
463 1069 580 1155 pars].
624 1071 701 1138 Mox
724 1069 741 1155 g
765 1076 783 1134 5
807 1069 1021 1153 (Secundis
1044 1071 1164 1137 rebus
1187 1071 1288 1138 elati
1310 1072 1381 1138 lto·

229 1200 432 1247 manorum
466 1181 600 1265 partis
634 1181 721 1246 eius
754 1177 954 1260 fautores)
988 1179 1181 1264 pravissime
1210 1181 1257 1246 sic
1279 1180 1381 1246 rerba

229 1287 436 1354 collocantur
459 1288 739 1371 (Romanorum
767 1287 967 1372 transposito
996 1294 1073 1372 post
1094 1288 1304 1372 participium
1327 1309 1380 1354 co·

229 1395 378 1480 pulatum
396 1417 469 1462 cum
486 1398 616 1463 nomine
637 1394 846 1479 fautores),
869 1397 963 1479 quasi
980 1396 1165 1462 fautores
1189 1395 1381 1463 Romano·

229 1525 314 1570 rum
348 1506 433 1571 eius
466 1505 600 1590 partis
633 1503 867 1588 significentur.
922 1503 1176 1569 Restituendum
1209 1505 1279 1570 sine
1311 1504 1382 1570 ulla

230 1611 451 1679 dubitatione:
476 1612 677 1679 Secundis
699 1611 820 1679 reb-us
838 1613 1104 1678 Romanorum
1122 1612 1222 1677 elati
1245 1614 1381 1696 partis

229 1722 317 1788 eius
341 1721 525 1804 (Romana)
542 1720 735 1787 fautores.
780 1719 874 1802 (cod.
895 1721 1019 1786 elatis
1044 1720 1381 1786 Romanorumim·

228 1829 387 1915 partis.)
429 1829 582 1913 Sequitur
613 1826 645 1912 (ἐ
670 1826 701 1911 t)
726 1828 766 1895 de
788 1828 840 1894 bis
862 1830 944 1913 ipsis
967 1829 1121 1893 Romanae
1144 1830 1250 1913 partis
1272 1828 1381 1897 fanto·

228 1936 335 2005 ribus:
358 1937 472 2003 Hi-
494 1938 714 2021 implevere
737 1958 856 2002 aures
880 1936 910 2001 X
932 1937 1179 2020 legatorum:
1202 1936 1232 2001 N
1240 1959 1288 2002 ou
1310 1958 1380 2004 eos

227 2051 398 2126 tantum,
423 2047 490 2129 qui
513 2067 553 2111 se
577 2045 787 2130 propalam
810 2066 881 2130 per
902 2045 1129 2111 vanitatem
1151 2045 1380 2112 iactassent

229 2161 429 2238 tamquam
468 2155 655 2238 hospites
696 2162 735 2220 et
773 2155 923 2220 amicos
961 2152 1117 2234 Persei,
1150 2153 1218 2218 sed
1250 2153 1380 2220 multo

227 2262 369 2349 plures
392 2262 500 2329 alios
524 2284 569 2329 ex
592 2262 755 2328 occulto
778 2262 948 2343 favisse,
981 2262 1164 2346 reliquos
1193 2282 1263 2346 per
1296 2283 1380 2346 spe·

228 2372 328 2437 ciem
350 2370 512 2438 tuenda
544 2371 760 2437 libertatis
794 2372 832 2435 in
861 2370 1052 2437 conciliis
1082 2370 1281 2435 adversus
1309 2369 1380 2436 Ro·

141 2482 214 2551 (618)
233 2500 371 2546 manos
406 2480 541 2545 omnia
572 2480 831 2544 instruxisse.
876 2477 947 2544 Hoc
976 2477 1108 2561 quidem
1135 2498 1199 2543 non
1228 2477 1380 2562 reliqui

226 2588 337 2653 nescio
361 2588 417 2669 qui
440 2587 575 2671 (praeter
596 2585 722 2652 multo
744 2586 884 2670 plures
908 2584 1030 2666 alios)
1054 2584 1219 2664 fecerunt,
1250 2585 1309 2652 sed
1331 2585 1381 2651 illi

227 2695 306 2778 ipsi,
334 2695 389 2779 qui
418 2693 545 2760 occulte
574 2694 730 2759 favebant
751 2694 879 2759 Perseo.
924 2693 1107 2759 Durissime
1135 2693 1228 2759 deest
1250 2692 1380 2759 dativus

226 2803 316 2886 apud
338 2802 474 2868 verbum
506 2801 669 2869 favisse.
715 2800 793 2868 Ood.
817 2801 973 2884 reliqui
999 2834 1043 2847 —
1071 2802 1378 2867 instruxissent.

227 2909 301 2976 Non
325 2917 482 2993 quattuor
503 2912 537 2977 in
560 2910 688 2977 duabus
706 2910 839 2976 vocibus
856 2910 984 2990 litterae,
1008 2909 1096 2992 quod
1115 2909 1274 2995 Grynaens
1292 2907 1379 2989 fecit,

227 3019 286 3085 sed
316 3041 383 3085 una
411 3018 570 3084 mutanda
592 3025 679 3084 erat:
710 3019 815 3085 alios
846 3040 891 3085 ex
920 3017 1084 3083 occulto
1111 3017 1263 3085 favisse
1287 3017 1380 3099 regi,

226 3128 568 3214 qnlperspociem
591 3127 751 3192 tuendae
774 3127 984 3192 libertatis
1007 3127 1204 3191 -omnia
1231 3127 1379 3191 instru-

225 3237 395 3303 xissent.
420 3237 513 3316 Quod
526 3236 673 3319 proxime
691 3232 722 3318 (ᾖ
734 3233 767 3318 8)
787 3233 957 3301 scribitur:
974 3235 1055 3300 nisi
1072 3234 1218 3299 fractis
1236 3232 1379 3299 animis

226 3346 417 3430 partium,
447 3346 480 3411 in
510 3345 622 3410 codice
651 3365 711 3428 pro
734 3344 910 3427 partium
938 3350 988 3408 est
1016 3343 1186 3426 aptium,
1215 3361 1276 3408 nec
1305 3362 1379 3425 par·

226 3453 309 3517 tium
343 3455 470 3520 animos
503 3452 610 3536 frangi
632 3452 696 3533 illi,
725 3473 864 3536 quorum
894 3451 1001 3516 oratio
1028 3449 1185 3530 refertur,
1217 3448 1379 3529 volebant,

226 3561 284 3627 sed
307 3562 480 3627 contraria
503 3568 561 3627 aut
583 3559 691 3627 dubiae
713 3561 828 3644 partis.
863 3559 901 3624 ln
923 3559 1081 3644 aptium
1105 3559 1254 3642 suspicor
1275 3558 1379 3623 latere

225 3667 435 3750 vocabulum,
470 3689 536 3755 quo
571 3669 731 3753 ancipites
767 3668 808 3751 (ot
840 3667 1109 3750 ἐπαμφοτερίζοντα)
1143 3665 1378 3749 significentur,

227 3778 385 3845 contrarii
406 3778 463 3858 iis,
487 3779 555 3862 qui
577 3777 682 3844 nibil
705 3784 855 3861 praeter
877 3776 1089 3860 imperium
1111 3775 1380 3840 Romanorum

228 3893 474 3970 spectarent.
499 3882 783 3970 [Ancipituml]

314 3993 392 4078 Cap.
418 3998 468 4074 32,
493 3998 512 4059 8
542 3994 598 4076 (de
620 3993 654 4058 L.
679 3991 838 4076 AEmilio):
874 3990 932 4057 Ab
966 3992 1087 4058 seriis
1119 3989 1239 4055 rebus
1273 3989 1379 4054 ludi·

228 4122 350 4182 crum,
384 4102 488 4188 quod
522 4124 567 4168 ex
600 4102 726 4167 multo
755 4107 847 4167 ante
876 4106 1109 4186 preparato
1144 4103 1182 4162 et
1209 4097 1248 4161 in
1275 4097 1379 4162 Asiae

230 4210 423 4278 civitates
447 4219 487 4279 et
508 4211 557 4277 ad
585 4231 700 4294 reges
731 4211 882 4289 missis,
912 4209 979 4294 qui
1008 4205 1316 4286 denuntiarent,
1340 4209 1380 4269 et
