3060 5272
223 374 285 428 Lib.
307 375 389 431 XLV.
770 366 831 428 720

223 547 371 629 additu):
395 549 438 613 ln
461 548 740 614 Macedoniam
763 550 939 618 culmina
960 553 1159 617 nominati
1177 552 1213 615 A.
1232 550 1376 615 Postu·

225 658 327 722 mius
351 657 518 736 Luscus,
543 655 576 722 0.
601 656 814 738 Claudius,
848 660 964 727 ambo
993 661 1187 739 censorii,
1211 655 1245 722 O.
1270 658 1376 723 Lici·

222 767 316 831 nius
340 763 528 845 Crassus,
563 767 727 848 collega
759 768 800 832 in
834 768 1054 834 consulatu
1083 768 1201 833 Pauli
1229 803 1280 831 —.
1303 766 1375 831 His

204 872 511 939 consularibus
545 874 745 941 addidere
785 882 856 954 cet,
891 884 928 941 ut
961 875 1177 960 significetur,
1211 876 1273 940 hos
1306 881 1375 941 tres

222 980 417 1048 consulares
440 982 533 1065 quasi
557 983 669 1066 capita
690 982 867 1066 legationis
891 991 924 1050 et
945 984 1155 1069 splendorem
1176 982 1287 1064 fuisse,
1310 1006 1399 1049 non-

222 1090 305 1155 satis
335 1087 547 1155 confirmatur
574 1112 637 1156 usu
665 1091 867 1175 loquendi.¹)
912 1090 1054 1158 Facilius
1088 1099 1232 1159 extremo
1266 1093 1374 1176 capite

222 1196 256 1280 (ᾗ
281 1197 313 1279 7)
343 1197 482 1281 expoliri
509 1205 621 1282 potest
650 1201 777 1284 Grynaei
806 1202 1008 1282 emendati03
1041 1222 1118 1267 nam
1152 1201 1240 1284 quod
1273 1201 1302 1266 is
1336 1221 1375 1264 ex

224 1306 286 1371 hac
310 1306 433 1372 codicis
451 1309 630 1392 scriptura:
654 1315 784 1374 tamen
803 1311 842 1374 in
860 1317 1005 1376 senatu
1022 1330 1184 1394 quoque
1202 1308 1375 1392 agitalte

223 1422 320 1481 sunt
349 1436 497 1481 summa
525 1416 795 1482 consiliorum
825 1416 948 1482 effecit:
983 1424 1113 1483 tamen
1141 1453 1184 1464 —
1216 1418 1376 1500 agitata

222 1529 288 1588 est
310 1545 459 1588 summa
488 1524 768 1603 consiliorum,
797 1527 905 1609 potuit
933 1532 967 1591 et
991 1525 1105 1591 debuit
1127 1526 1251 1592 codicis
1274 1526 1374 1589 vesti·

224 1634 278 1714 gia
301 1632 400 1715 paulo
418 1634 564 1717 pressius
582 1636 691 1717 sequi:
714 1641 844 1698 tamen
862 1670 903 1682 —
921 1636 1088 1717 agitatae
1106 1640 1198 1699 sunt
1216 1653 1374 1699 summae

223 1740 502 1805 consiliorum.
548 1741 691 1806 Pluralis
714 1764 868 1808 numerus
890 1745 970 1807 satis
994 1719 1144 1807 convenit
1167 1740 1371 1807 multitudini

222 1869 332 1914 rerum
354 1851 388 1914 in
412 1848 540 1914 duabus
562 1851 738 1933 provinciis
761 1851 1030 1916 ordinandarum.

311 1956 388 2041 Cap.
416 1962 505 2036 18,3
540 1958 609 2039 (ubi
644 1961 818 2043 exponitur
849 1981 975 2025 summa
1008 1960 1131 2048 decreti
1166 1965 1300 2023 senatus
1335 1957 1374 2023 de

224 2067 450 2151 componendo
472 2066 674 2132 Macedoniae
704 2067 827 2149 statu):
861 2057 1024 2133 Metalli
1058 2088 1216 2151 quoque
1245 2067 1375 2132 Mace·

167 2214 173 2218 ·
224 2177 376 2253 domei,
407 2175 514 2256 'quod
549 2176 691 2259 ingens
715 2177 891 2259 vectigal
914 2169 1026 2256 erat,
1059 2175 1375 2257 locutionesque

223 2284 470 2370 praediorum
492 2285 743 2350 rusticorum
766 2284 859 2350 tolli
877 2284 1081 2369 placebat.
1116 2283 1226 2348 Mendi
1248 2283 1375 2365 aliquid

222 2396 276 2461 hio
299 2395 443 2472 subesse,
467 2393 539 2474 ipsa
562 2393 722 2458 orationis
743 2391 850 2458 forma
868 2394 948 2457 satis
968 2392 1130 2471 declarat3
1160 2412 1266 2474 neque
1289 2393 1376 2456 enim

223 2503 383 2569 metalli
405 2500 724 2582 locutionesque
746 2500 992 2585 praediorum
1015 2522 1074 2584 pro
1097 2499 1256 2564 metalli
1286 2521 1376 2584 prae·

224 2611 465 2692 diorumque
488 2608 771 2672 locationibus
794 2607 902 2673 dicere
926 2608 1013 2673 licet.
1058 2608 1174 2689 ltaque
1198 2608 1310 2673 nescio
1334 2629 1376 2672 an

133 2738 212 2804 (599)
230 2721 316 2785 hanc
349 2714 576 2804 difficultatem
609 2717 717 2781 vitans
739 2716 1020 2782 Weissenbornius
1054 2716 1196 2781 ediderit
1229 2714 1376 2796 (sublato

223 2825 412 2907 commate):
447 2823 611 2888 Metalli
636 2844 793 2909 quoque
822 2824 1077 2889 Macedonici
1105 2823 1211 2906 quod
1234 2825 1375 2906 ingens

224 2934 400 3016 vectigal
422 2938 526 3010 erat,
550 2938 588 2997 ut
616 2933 784 3014 genetivus
808 2954 828 2998 a
856 2932 1073 3016 vectigalis
1102 2933 1233 2997 nomine
1256 2931 1376 3015 pende·

223 3053 283 3112 ret.
329 3042 394 3109 Sed
416 3061 521 3123 neque
544 3041 718 3106 verborum
741 3042 821 3106 ordo
844 3049 954 3108 rectus
985 3047 1035 3106 est
1064 3061 1169 3122 neque
1197 3046 1287 3105 recte
1317 3039 1375 3103 ad·

223 3155 376 3220 iiciuntur
409 3149 482 3214 illa:
518 3149 624 3233 quod
656 3185 698 3196 -
738 3156 826 3215 erat
861 3149 1050 3232 (dicendum
1084 3156 1171 3213 erat:
1212 3147 1375 3213 Metalli

222 3282 382 3348 quoque
416 3246 672 3322 Macedonici
705 3259 903 3341 vectigal,
939 3258 1046 3342 quod
1075 3257 1219 3337 ingens
1254 3254 1374 3336 erat);

221 3391 327 3456 neque
361 3369 434 3451 ipso
468 3387 527 3450 per
560 3387 594 3430 se
628 3366 778 3446 vectigali
801 3366 1036 3430 Macedonibus
1065 3363 1209 3429 invidere
1237 3370 1372 3428 senatus

221 3479 324 3546 videri
346 3474 477 3540 volebat
500 3473 694 3556 (vectigal
717 3472 835 3554 tolli),
860 3475 917 3539 sed
940 3472 1148 3538 incommoda
1165 3474 1196 3537 ei
1219 3471 1375 3536 adiuncta

221 3591 348 3653 timere.
393 3583 476 3647 Tum
512 3601 573 3645 nec
601 3582 888 3647 Weissenbornius
920 3603 981 3647 nec
1014 3583 1115 3646 ceteri
1145 3581 1372 3663 quasiverunt,

247 3802 271 3870 ¹)
290 3798 378 3869 [Nihil
395 3800 496 3868 postea
513 3796 613 3850 melius
631 3802 773 3866 repertum
791 3801 841 3850 est
870 3795 1026 3850 culmina
1043 3793 1266 3863 (colu'minall
1284 3794 1372 3864 ipsius

290 3883 450 3957 legationis,
467 3887 500 3936 ut
518 3882 584 3949 dixi,
602 3882 816 3951 intelleguntur;
835 3881 959 3952 alioquin
976 3899 1044 3936 sane
1062 3881 1208 3952 genetivus
1227 3879 1372 3933 addendus

290 3977 366 4039 erat,
386 3969 464 4023 velut
481 3968 529 4021 rei
545 3985 570 4037 p.
591 3973 638 4021 aut
656 3967 760 4021 similis.
795 3967 900 4023 Saltem
917 3968 971 4022 hoc
988 3972 1085 4021 tenere
1103 3970 1220 4036 praestat
1238 3981 1321 4033 quam
1340 3965 1372 4018 li·

291 4057 450 4112 cautissime
476 4052 659 4123 pro'culmi
682 4048 852 4108 substituere
879 4054 1084 4108 consulares
1103 4055 1278 4119 quattuor.
1315 4050 1373 4104 Lu-

289 4144 383 4196 mina
401 4139 504 4195 curiae
522 4139 573 4194 hos
592 4145 651 4193 tres
670 4140 829 4194 consulares
849 4138 948 4205 fuisse,
967 4137 1044 4192 nulla
1062 4142 1105 4190 est
1123 4135 1197 4206 apud
1214 4135 1324 4189 Livium
1344 4136 1373 4189 in

292 4229 393 4281 horum
412 4242 548 4280 annorum
567 4225 650 4278 rebus
668 4226 816 4279 narrandis
835 4223 1008 4296 significatio.
1038 4221 1122 4290 1864]
