3060 5272
238 333 300 386 Lib.
319 331 406 386 XXII.
697 334 701 341 '
789 317 850 378 308

238 506 385 588 proxime
414 503 566 568 codicum
589 501 742 582 vestigia3
771 522 847 565 nam
876 501 910 563 in
932 499 957 562 P
982 521 1122 569 amanu
1146 523 1196 585 pr.
1219 505 1271 568 est
1294 523 1399 587 saepe

239 610 507 693 consiliaequa
539 608 696 685 fronte,
729 629 750 672 a
785 629 884 672 manu
919 627 983 672 sec.
1013 628 1031 668 ο
1060 630 1163 692 supra
1190 629 1214 672 u
1243 609 1400 693 positum,

237 719 315 783 inde
342 719 376 782 in
406 719 527 783 ceteris
557 717 653 782 bonis
683 713 868 795 (CMCant.)
898 715 1019 798 quique
1048 716 1090 780 iis
1118 716 1399 798 blacterant,

239 848 342 911 saepe
366 826 642 907 consilioque,
665 824 729 888 hoc
752 830 817 887 est:
853 823 986 887 conisi
1009 822 1196 906 obliqua;
1227 824 1400 891 intercidit

238 957 305 999 una
331 935 445 999 littera
472 935 500 996 b.
563 932 682 996 Paucis
717 937 794 1013 post
821 930 929 994 verbis
960 936 1049 995 recte
1079 930 1267 998 Gronovius
1296 932 1397 998 scribi

238 1042 344 1108 voluit
360 1041 557 1106 institere
574 1060 635 1123 pro
653 1040 865 1117 insistere,
889 1037 1068 1103 infinitivus
1091 1039 1267 1104 historicus
1284 1040 1319 1105 in
1335 1039 1399 1106 bac

153 1165 226 1232 (252)
245 1151 330 1215 serie
354 1148 566 1232 (impulere
589 1183 631 1192 -—
648 1148 844 1211 insistere
860 1181 904 1190 —
922 1167 966 1210 ac
989 1153 1134 1212 tenore
1156 1168 1234 1211 uno
1251 1182 1296 1192 -
1313 1169 1399 1231 per·

239 1256 449 1338 venerunt)
479 1257 589 1322 locum
617 1277 682 1320 non
713 1253 829 1331 habet,
863 1275 923 1318 nec
952 1253 1056 1337 (quod
1084 1256 1193 1338 ipsum
1215 1255 1300 1321 illud
1320 1277 1398 1322 uno

239 1373 380 1430 tenore
422 1364 579 1445 ostendit)
619 1362 817 1427 describitur
858 1368 964 1427 status
1004 1383 1120 1445 pugnae
1155 1363 1400 1446 aliquantisper

239 1472 354 1538 eodem
377 1473 452 1538 loco
475 1492 620 1536 manens.
665 1471 883 1551 Peruagatunr
906 1477 957 1535 est
979 1470 1041 1534 hoc
1064 1471 1097 1533 in
1121 1470 1205 1536 Livii
1226 1471 1399 1537 codicibus

242 1580 352 1644 mendi
375 1602 478 1662 genus
502 1581 535 1643 in
559 1580 618 1643 ire
642 1585 675 1643 et
697 1578 791 1656 iere,
816 1586 885 1641 tum
908 1579 942 1641 in
960 1579 1152 1661 compositis
1171 1578 1262 1644 verbi
1285 1585 1398 1645 stare

239 1686 486 1766 (consistere
509 1709 569 1769 pro
593 1687 829 1763 constitere,
852 1693 889 1750 nt
911 1685 952 1764 II,
977 1690 1028 1757 30,
1055 1686 1117 1767 ll).

325 1793 423 1878 *Cap
448 1801 503 1874 49,
537 1799 591 1858 12:
626 1795 717 1859 Haec
746 1795 956 1875 exigentes
985 1793 1034 1865 (L.
1059 1794 1230 1859 AEmilium
1258 1794 1400 1860 Paulum

239 1910 273 1967 et
311 1901 367 1966 Cn.
402 1902 592 1984 Lentulum)
634 1903 748 1985 prius
787 1901 910 1966 turba
948 1901 1200 1983 fugientium
1240 1903 1398 1984 civium,

240 2010 387 2076 deinde
409 2012 548 2077 hostes
572 2032 824 2094 oppressere.
859 2008 949 2072 Nihil
971 2009 1058 2073 inter
1075 2009 1242 2074 AEmilium
1265 2016 1298 2075 et
1314 2010 1398 2076 Len·

238 2119 344 2183 tulum
367 2119 572 2202 exigebatur,
602 2119 664 2183 hoc
687 2124 753 2195 est,
783 2117 1044 2197 examinabatur,
1073 2139 1172 2198 quam
1195 2125 1284 2183 esset
1306 2127 1398 2184 recte

239 2225 377 2305 iactum,
407 2227 537 2293 codices
561 2226 636 2308 (PM
659 2227 730 2306 alii)
753 2225 878 2291 habent
900 2226 981 2289 haec
1004 2228 1235 2307 exagentis,
1265 2247 1305 2290 ex
1329 2249 1398 2311 quo

239 2334 291 2399 fit:
325 2336 414 2400 Haeo
437 2357 504 2401 eos
528 2336 701 2418 agentis.
753 2331 1053 2414 (Weissenbornius
1078 2355 1137 2398 suo
1162 2335 1293 2400 nomine
1316 2335 1398 2399 haec

237 2450 402 2525 agentes
444 2443 580 2526 posuit.)
638 2442 739 2506 Paulo
774 2448 849 2523 post
883 2439 913 2522 (ἐ
945 2440 1012 2521 15),
1048 2442 1105 2506 ubi
1134 2442 1258 2507 editur:
1306 2441 1399 2507 XLV

241 2550 375 2615 millia
398 2551 426 2614 D
451 2551 628 2634 pedites
662 2546 837 2614 MMDCC
861 2550 1036 2632 equites,
1071 2557 1110 2614 et
1133 2557 1249 2616 tanta
1271 2571 1398 2635 prope

241 2657 388 2721 civium
441 2661 729 2739 sociorumque
776 2677 888 2740 pars,
940 2658 1034 2722 caesi
1084 2658 1294 2737 dicuntur,
1340 2680 1398 2743 ap·

240 2772 351 2847 paret,
381 2765 521 2830 alterum
544 2788 561 2829 θ
585 2764 713 2831 duobus
738 2764 864 2828 Livium
894 2765 1034 2843 dixisse,
1063 2774 1122 2831 aut
1151 2788 1267 2850 parem
1295 2787 1399 2851 prope

240 2872 358 2937 civium
382 2873 611 2956 sociorumque
634 2893 805 2936 numerum
828 2873 994 2951 cecidisse,
1017 2881 1076 2939 aut
1098 2881 1313 2958 utrorumque
1336 2896 1398 2957 pro

184 2990 187 2996 '
238 2981 389 3063 portione
413 2981 469 3060 (-
490 3001 596 3063 neque
625 2981 714 3044 enim
737 3001 828 3064 aeque
852 2981 948 3045 multi
971 2983 1005 3045 in
1029 2984 1174 3047 exercitu
1193 2989 1309 3062 erant,
1339 2981 1399 3048 sed

238 3089 320 3154 socii
344 3089 455 3171 plures
481 3090 550 3170 -),
584 3096 737 3153 neutram
766 3097 877 3154 autem
905 3091 1104 3155 sententiam
1127 3113 1144 3154 θ
1167 3090 1278 3156 verbis
1309 3087 1397 3155 effici

240 3197 293 3275 (et
320 3203 439 3262 tanta
460 3233 503 3242 —
525 3196 647 3280 pars),
680 3197 856 3279 inquibus
881 3195 1019 3261 offendit
1041 3200 1142 3263 etiam
1165 3205 1204 3263 et
1231 3200 1278 3264 sic
1302 3198 1398 3263 addi·

239 3311 323 3383 tum,
356 3313 516 3389 tanquam
550 3305 676 3389 aliquid
710 3306 784 3370 novi
819 3305 1031 3387 adiungatur3
1065 3306 1160 3388 longe
1192 3307 1280 3371 enim
1307 3306 1399 3372 aliud

240 3420 304 3478 est:
343 3421 461 3480 tanta
499 3415 646 3478 civium
679 3421 832 3496 (quanta
866 3414 1087 3490 sociorum,
1128 3415 1235 3478 aliud:
1276 3422 1399 3480 tanta

240 3522 381 3587 civium
411 3523 704 3602 sociorumque.
747 3520 865 3603 Itaque
889 3522 1074 3585 Gronovius
1098 3522 1244 3603 priorem
1267 3529 1398 3587 senten·

238 3630 319 3694 tiam
353 3636 485 3694 secutus
518 3628 697 3702 dubitavit,
733 3650 773 3693 an
808 3627 1017 3692 scribendum
1052 3637 1154 3694 esset:
1196 3638 1236 3695 et
1269 3650 1396 3714 aequa;

239 3737 318 3802 mibi
345 3738 485 3802 alteram
507 3738 658 3818 sequenti
681 3744 714 3801 et
737 3737 873 3819 propius
897 3735 1049 3801 codicum
1071 3737 1212 3820 vestigia
1235 3738 1399 3822 prementi

239 3846 273 3911 in
295 3853 437 3910 mentem
460 3846 563 3910 venit:
583 3880 626 3888 -
643 3846 814 3927 equites,
844 3851 925 3906 rata
947 3865 1074 3928 prope
1097 3847 1245 3911 civium
1268 3847 1398 3911 socio·

239 3972 404 4036 rumque
428 3975 531 4036 pars.
576 3953 789 4036 Aptissimam
812 3951 895 4016 effici
922 3953 1118 4033 orationem,
1139 3961 1289 4038 apparet.

326 4060 404 4145 Cap.
436 4067 491 4140 51,
528 4065 561 4125 5:
601 4061 770 4126 Postero
807 4060 887 4139 die,
929 4060 998 4125 ubi
1033 4062 1204 4144 primum
1237 4062 1396 4140 illuxit,

240 4166 289 4231 ad
312 4169 446 4250 spolia
467 4169 640 4253 legenda
662 4169 906 4253 foedamque
926 4170 1052 4234 etiam
1071 4170 1267 4236 hostibus
1285 4192 1396 4254 spec·
