3060 5272
721 840 789 925 '101
1208 869 1339 925 maur.

179 1045 392 1124 nequeant
419 1037 601 1106 cohaereret
628 1039 914 1104 cumsolturos
942 1037 1033 1120 (bae,
1067 1047 1105 1105 ut
1124 1061 1212 1106 nnnc
1232 1039 1340 1125 loqui·

183 1168 272 1227 mur,
305 1147 488 1214 sententia:
528 1147 688 1227 scituros,
723 1132 1027 1231 eurbl'sspoteatatis
1059 1149 1228 1215 restitutio
1262 1169 1341 1215 oon·

185 1255 272 1322 dicio
301 1261 389 1320 esset
415 1255 604 1321 necessaria
632 1274 744 1319 rernm
770 1253 1042 1327 in⁰'colrcordiam
1063 1256 1341 1340 redigendarum).

185 1361 249 1429 Sed
281 1362 372 1448 quod
406 1362 555 1448 scripsit:
590 1363 786 1440 scituros,
820 1346 1013 1452 qb‚a¹],-nisi
1040 1365 1240 1431 restituta
1268 1372 1341 1446 cet,

184 1490 248 1536 non
269 1477 381 1555 potest
402 1471 486 1537 nisi
509 1471 557 1536 sio
580 1469 700 1535 subiici
722 1460 977 1564 interrogatilo’,
1000 1468 1143 1537 debebat
1166 1493 1238 1538 esse
1261 1494 1342 1557 qua

181 1598 259 1643 non
285 1580 503 1660 restituta3
536 1598 576 1643 ac
604 1598 646 1643 ne
667 1577 747 1642 nisi
769 1576 902 1660 quidem
920 1565 1082 1670 lacileex
1106 1580 1191 1644 sine
1214 1581 1343 1646 eruitur

181 1685 301 1766 (multo
335 1687 445 1752 minus
478 1706 558 1769 qua
590 1684 672 1751 sibi
704 1683 806 1766 non).
861 1675 1223 1778 Itaque.jberibendum
1258 1694 1341 1771 puto

181 1793 299 1860 eadem
333 1794 500 1859 sententia
533 1793 670 1877 propius
697 1792 741 1858 ad
769 1791 914 1858 codices:
949 1776 1229 1885 scittirbsque,
1264 1815 1341 1879 qua

182 1902 268 1968 sine
296 1903 504 1967 restituta
531 1898 772 1986 potestate),
805 1899 911 1966 forma
933 1879 1260 1997 orationis-{perrara
1282 1902 1341 1968 sed

184 2009 322 2095 abipso
346 2009 439 2076 Livio
460 2010 573 2094 posita
594 2006 695 2088 XLV,
726 2011 783 2089 25,
815 2013 850 2071 8:
886 2009 972 2073 siue
1005 2011 1220 2097 rogatione
1255 2010 1342 2076 nlla

184 2117 363 2204 perlata3
391 2116 450 2183 cfr.
473 2116 516 2196 V,
545 2122 574 2197 4,
603 2121 639 2181 4:
673 2116 759 2181 sine
782 2116 962 2199 impensa
985 2137 1119 2200 opera.
1144 2104 1341 2199 ‘sunnonis

184 2227 396 2311 perspicuum
418 2224 529 2291 locum
552 2229 587 2290 et
609 2221 779 2290 Ciceronis
801 2223 914 2288 addidi
935 2222 1016 2289 Adv.
1041 2223 1120 2290 Crit.
1143 2205 1240 2310 Iup?
1253 2226 1341 2309 367.)

183 2332 307 2417 (ram.)
1175 2308 1190 2335 ¹

269 2439 370 2526 *Cap
399 2444 456 2520 56,
484 2444 520 2505 δι
558 2438 640 2506 Nec
667 2439 708 2504 in
735 2438 966 2504 tribunicio
995 2441 1153 2507 auxilio
1181 2442 1337 2527 Appius
1356 2468 1411 2534 (83)

183 2563 257 2617 uec
286 2551 327 2615 in
355 2548 513 2615 iudicio
541 2547 685 2633 populi
714 2544 837 2612 ullam
866 2568 974 2630 spem
1001 2548 1197 2629 babebat;
1231 2554 1341 2615 atta·

184 2680 270 2724 men
299 2664 340 2724 et
367 2656 560 2723 tribunos
587 2654 724 2740 plebis
752 2653 983 2739 appellavit
1013 2662 1052 2721 et
1079 2688 1122 2701 —
1149 2663 1342 2741 arreptus

184 2788 206 2832 a
228 2766 399 2844 viatore,
423 2763 619 2842 Provoca,
643 2763 792 2847 inquit.
822 2762 889 2826 Aut
911 2782 956 2827 ao
979 2769 1113 2829 tamen
1133 2763 1342 2830 scribendum

185 2880 244 2939 aut
265 2874 379 2959 potius
401 2871 656 2952 attollendum,
679 2891 718 2935 ex
741 2869 868 2954 syllaba
890 2869 1089 2954 praecedenti
1111 2878 1229 2937 ortum.

272 2978 352 3066 Cap.
383 2983 440 3060 56,
477 2983 515 3043 12
550 2978 598 3060 (in
631 2979 782 3044 oratione
810 2977 939 3062 Appii):
980 2977 1091 3054 Quod
1126 2979 1159 3044 si
1188 2977 1343 3044 tribuni

185 3089 325 3156 eodem
362 3086 529 3154 foedere
568 3086 778 3170 obligatos
816 3106 856 3150 se
896 3085 1111 3152 fateantur
1148 3085 1341 3152 tollendae

185 3195 486 3282 appellationis
514 3214 652 3273 cansa,
685 3195 727 3259 in
756 3214 874 3278 quam
904 3195 1168 3278 conspirasse
1191 3192 1342 3259 decem·

187 3306 296 3371 viros
319 3303 533 3370 criminati
556 3303 656 3382 sint,
685 3309 726 3368 at
753 3323 792 3367 se
821 3321 1046 3386 provocare
1068 3302 1117 3367 ad
1139 3301 1341 3386 populum.

187 3411 405 3480 Scribendum
427 3431 515 3477 ease:
549 3410 691 3477 eodem
718 3409 887 3476 loedere
909 3445 961 3489 -,
991 3411 1032 3474 in
1056 3410 1173 3492 quod,
1200 3416 1270 3474 tam
1292 3415 1344 3475 est

185 3527 347 3606 apertum,
370 3526 409 3585 ut
431 3520 560 3599 mirere,
583 3518 706 3585 nemini
728 3519 761 3582 iu
783 3525 926 3583 mentem
948 3519 1085 3583 venisse.
1135 3517 1182 3582 Ao
1205 3538 1245 3582 ne
1268 3518 1344 3601 quis
1421 3597 1425 3605 Ι

186 3628 326 3712 figuram
354 3627 500 3711 aliquam
530 3626 811 3705 comminiscetur,
841 3646 908 3708 qua
935 3625 1110 3690 relativum
1140 3624 1342 3691 abeodem

186 3735 314 3818 seiungi
336 3735 444 3820 possit
464 3733 595 3816 (-etsi
616 3733 688 3798 fieri
710 3733 744 3798 id
767 3732 859 3798 nullo
881 3732 978 3797 modo
1000 3729 1188 3815 potest—)‚
1211 3730 1344 3810 addam,

186 3843 324 3909 ridicule
353 3842 418 3908 dici
446 3843 690 3926 conspirare
719 3842 758 3905 in
781 3839 1123 3924 appellationem
1156 3858 1232 3903 nam
1255 3837 1344 3922 qnod

185 3950 412 4018 tollendam
443 3949 551 4015 audiri
579 3949 710 4028 volunt,
744 3949 817 4033 quis
848 3966 995 4029 unquam
1023 3945 1181 4010 eiusmodi
1203 3945 1343 4029 figuram

185 4061 286 4140 norit,
307 4065 346 4124 ut
367 4056 583 4143 gerundivum
605 4057 812 4123 substantivo
836 4055 1001 4120 adiectum
1025 4053 1181 4118 audiatur
1203 4053 1246 4118 ad
1267 4075 1344 4138 pro·

186 4187 305 4233 nomen
343 4164 518 4232 relativum
552 4164 736 4231 subiectum
771 4163 881 4247 (quasi
915 4163 1023 4228 dicas:
1063 4159 1344 4246 oppugnandae

186 4274 303 4340 urbis
325 4293 464 4354 causa,
493 4273 533 4338 in
563 4292 679 4356 quam
702 4272 795 4338 veni
817 4292 889 4337 esse
912 4271 951 4336 in
974 4291 1091 4354 quam
1114 4288 1343 4353 oppugnan-

186 4379 311 4463 dam)?
336 4379 430 4446 ‘Tum
458 4401 500 4447 ne
528 4379 593 4448 boc
621 4379 755 4465 quidem
778 4379 938 4444 usitatum
966 4386 1017 4444 est
1040 4379 1282 4461 conspirare
1303 4376 1343 4442 in

186 4510 266 4554 rem
281 4488 526 4569 faciendam,
545 4486 603 4554 sed
621 4488 668 4553 ad
681 4486 1012 4553 remfaciendam.
1043 4483 1272 4550 Confitendum
1283 4483 1344 4569 igi·

187 4603 257 4677 tur,
285 4597 419 4682 opinor,
447 4596 525 4676 erit,
554 4616 734 4680 pronomen
757 4614 778 4658 a
800 4593 937 4658 librario
961 4613 1071 4658 errore
1094 4591 1137 4657 ad
1159 4593 1344 4677 proximum

187 4724 305 4770 nomeu
333 4702 621 4770 accommodatum
651 4724 732 4769 esse.
784 4700 1148 4784 vid.prooem.p.10
1175 4722 1224 4786 sq.
1275 4698 1344 4783 [Sic
