3060 5272
220 315 352 372 niam
779 302 820 362 96

222 492 466 572 pugnarent.
517 484 604 562 Quid
632 491 719 550 esset
746 485 781 549 in
808 484 860 551 his
882 485 991 570 pravi,
1018 492 1169 551 senserat
1191 483 1380 552 Glareanus

221 588 337 679 aliqua
375 615 416 660 ex
453 598 548 678 parte
582 599 616 657 et
649 592 780 659 duobus
812 592 921 659 modis
955 593 1142 659 enarrando
1175 599 1381 678 aperuerunt

222 701 513 769 Drakenborchius
536 706 570 765 et
591 699 894 780 Weissenbornius,
921 720 1062 784 quorum
1090 699 1146 765 ille
1168 700 1235 767 tria
1256 720 1382 785 genera

222 810 483 895 oppugnantium
506 807 663 890 distingui
686 813 793 892 putat,
814 829 875 873 nec
896 806 987 874 videt
1003 809 1173 874 maxime
1189 807 1379 874 necessario

221 939 298 983 cum
326 922 614 1001 oppugnarent
641 915 795 998 coniungi
823 914 1054 1000 (nequeenim
1076 914 1271 981 admirabile
1294 921 1380 993 erat,

222 1024 313 1109 quod
341 1024 576 1108 competitores
604 1029 638 1088 et
666 1023 748 1089 socii
775 1043 889 1087 eorum
919 1021 1119 1091 decemviros
1143 1029 1381 1107 oppugnarent,

222 1132 282 1198 sed
311 1132 545 1215 suspiciosum,
579 1130 670 1214 quod
691 1129 726 1195 hi
748 1129 917 1213 maxime),
949 1136 1034 1212 tum,
1067 1136 1106 1196 ut
1128 1131 1233 1196 socii
1254 1131 1379 1196 omisso

222 1260 357 1305 eorum
384 1238 526 1318 feratur,
560 1243 671 1302 tamen
697 1258 765 1303 non
792 1236 954 1321 intellegi,
988 1239 1044 1320 qui
1072 1238 1139 1303 sint
1159 1236 1209 1303 illi
1231 1242 1266 1303 et
1286 1237 1380 1303 cuius

222 1347 272 1412 rei
301 1346 396 1425 socii,
429 1352 598 1429 postremo
628 1365 765 1429 prorsus
794 1344 931 1410 ridicule
958 1346 1059 1412 tertio
1089 1347 1123 1410 in
1152 1365 1272 1429 genere
1299 1345 1380 1429 poni

222 1456 291 1521 sive
321 1453 394 1520 hos
424 1454 492 1518 sive
513 1452 586 1519 hos
608 1451 793 1531 maxime,
826 1453 923 1536 quasi
944 1453 1031 1518 inter
1052 1453 1138 1533 hos,
1172 1452 1229 1536 qui
1251 1470 1379 1536 oppug-

223 1568 342 1627 nantes
365 1560 642 1638 demonstrantur,
665 1560 777 1642 priora
799 1559 863 1625 duo
886 1581 1010 1644 genera
1033 1561 1295 1645 oppugnantium
1312 1581 1381 1626 non

223 1671 307 1747 sint;
347 1666 634 1733 Weissenboruius
680 1673 792 1731 autem
830 1674 921 1734 recte
959 1667 1124 1734 intellexit
1163 1688 1265 1734 unum
1303 1688 1379 1733 oum

222 1775 348 1840 inuidia
381 1780 415 1840 et
448 1775 635 1857 suspicione
668 1776 918 1841 commemorari
952 1776 1153 1841 decemviros
1187 1794 1381 1859 oppuguan-

223 1884 307 1948 tium
335 1903 454 1965 genus,
488 1902 620 1960 eorum,
655 1883 711 1963 qui
741 1883 804 1965 ipsi
833 1884 1089 1949 decemviratum
1110 1883 1285 1967 petissent3
1320 1881 1380 1947 sed

224 1990 305 2055 dum
331 1989 392 2054 hos
420 1995 478 2054 aut
506 1990 614 2054 socios
644 1995 703 2053 aut
732 1991 871 2054 maxime
895 2011 1105 2074 oppugnasse
1127 1991 1210 2070 vult,
1243 1995 1380 2074 prseter-

223 2118 325 2182 quam
353 2086 442 2179 quod
472 2097 608 2161 socius
637 2116 826 2180 oppugno
854 2097 936 2162 nihil
958 2119 1096 2182 prorsus
1119 2103 1253 2163 estnec
1274 2096 1380 2163 socii

224 2210 295 2269 aut
317 2205 488 2270 maxime
510 2210 601 2269 recte
624 2202 835 2287 copulantur,
866 2204 924 2269 sed
947 2205 1050 2271 socii
1073 2212 1144 2271 aut
1166 2205 1379 2289 principes

222 2311 378 2397 (quorum
400 2318 512 2377 tamen
534 2310 700 2396 principes
724 2312 835 2393 priore
858 2312 930 2377 loco
953 2314 1098 2396 ponendi
1116 2312 1234 2394 erant),
1256 2310 1380 2396 fingere

223 2420 294 2502 ipse
322 2419 451 2502 cogitur
479 2417 563 2482 alios
592 2418 704 2483 nescio
734 2432 818 2501 quos
847 2420 1060 2504 oppugnandi
1088 2420 1263 2504 principes,
1298 2441 1382 2504 quo·

223 2547 297 2590 rum
318 2525 353 2590 hi
377 2525 458 2591 socii
480 2523 612 2588 fuerint.
664 2523 781 2590 Omnia
808 2532 902 2591 recta
930 2532 1028 2591 erunt
1054 2525 1205 2592 adhibita
1225 2526 1382 2592 facillima

153 2662 209 2730 (30)
228 2639 262 2697 et
284 2633 466 2697 certissima
488 2630 731 2697 emendatione:
766 2639 809 2697 ut
838 2632 1104 2714 decemviros,
1137 2635 1206 2719 qui
1229 2633 1381 2699 decem·

225 2741 402 2804 viretum
431 2738 653 2822 petissent,
684 2746 754 2803 aut
781 2740 858 2802 soll
883 2747 955 2807 aut
976 2740 1018 2805 hi
1039 2743 1209 2807 maxime
1233 2761 1381 2827 oppug-

224 2846 417 2927 narent.¹)
466 2845 516 2909 Ea
545 2845 675 2910 demum
703 2854 793 2912 recte
823 2849 992 2914 contraria
1012 2848 1100 2914 inter
1123 2870 1158 2914 se
1180 2849 1380 2915 referuntur.
1468 2863 1475 2875 ·

223 2953 311 3036 [Hoc
334 2954 435 3018 etiam
453 2950 623 3017 Creverius
646 2953 858 3038 correxerat]
893 2956 1012 3021 Restat
1032 2957 1068 3021 in
1090 2956 1206 3021 eadem
1224 2956 1261 3020 L.
1272 2955 1381 3021 Malu·

221 3061 366 3144 ginensis
389 3061 538 3125 oratione
561 3060 652 3126 aliud
674 3062 828 3127 mendum
850 3061 880 3146 (ἓ
907 3063 976 3146 11);
1004 3065 1052 3129 sic
1074 3064 1162 3129 enim
1184 3063 1273 3148 apud
1294 3062 1380 3128 Drs-

223 3168 459 3234 kenborchium
483 3168 652 3233 scribitur:
673 3175 858 3237 ,ceterum
880 3171 1086 3251 neminem,
1109 3173 1263 3237 maiore
1285 3191 1382 3237 cura

222 3277 439 3361 occupatis
478 3276 640 3354 animis,
678 3297 813 3343 verum
848 3280 954 3359 esse,
994 3278 1281 3362 praeiudicium
1319 3278 1380 3344 rei

222 3390 347 3449 tantae
375 3382 546 3449 adferre.
603 3383 690 3448 Sibi
719 3384 885 3468 placere
913 3384 961 3449 de
990 3406 1035 3452 ec
1066 3392 1126 3451 cet.
1181 3386 1220 3450 Id
1241 3406 1381 3470 pravum

222 3512 295 3557 esse
319 3499 352 3556 et
375 3491 457 3556 ordo
480 3490 654 3556 verborum
676 3493 801 3573 arguit,
828 3493 1026 3558 neminem
1054 3495 1166 3578 inepte
1193 3494 1228 3559 in
1249 3492 1381 3560 initium

232 3648 239 3653 -
245 3644 453 3653 -——...—-——-

253 3726 276 3791 ¹)
295 3723 410 3794 [Errare
428 3725 595 3795 scripseram
612 3743 668 3781 uno
686 3727 772 3781 verbo
789 3727 866 3795 plus:
885 3728 941 3796 qui
959 3727 1028 3799 ipsi
1045 3728 1325 3786 decemviratum.
1347 3728 1382 3783 Id

293 3826 379 3863 unum
406 3808 534 3865 Kratzius
561 3829 624 3866 ann.
651 3810 748 3881 philol.
770 3809 860 3864 XCIII
885 3829 912 3881 p.
936 3814 989 3867 2⁷2
1015 3831 1100 3882 quum
1127 3814 1247 3871 consilio
1273 3813 1381 3869 factum

292 3899 418 3963 putaret,
445 3911 512 3950 sane
538 3902 616 3952 recte
641 3894 839 3966 reprehendit,
866 3895 902 3950 da
929 3898 1031 3954 ceteris
1055 3916 1145 3970 neque
1166 3899 1214 3954 hic
1236 3915 1329 3968 neque
1351 3898 1381 3953 in

291 3978 407 4046 reliquis
429 3979 500 4036 locis
518 3987 566 4036 aut
584 3981 652 4050 quid
669 3981 731 4034 uitii
749 3985 824 4035 esset
842 3987 890 4036 aut
908 3981 976 4051 quid
994 3985 1135 4040 sententia
1152 3983 1314 4055 postularet
1331 3990 1381 4039 aut

292 4063 361 4131 quid
382 4064 633 4219 aptegueffiferetur,
657 4064 803 4120 intellexit
847 4065 1059 4123 Eiusdemmodi
1082 4069 1137 4125 alia
1159 4084 1250 4139 neque
1272 4067 1382 4125 adnoto
1471 4088 1473 4092 ⁴

292 4162 384 4218 neque
402 4166 432 4203 re
463 4155 502 4204 to.
755 4167 758 4171 ’
