3060 5272
240 305 304 365 Lib.
321 309 383 365 Vll.
791 299 852 360 174

244 480 372 565 (loeus
400 480 463 564 al.)
498 481 658 567 scriptum
692 503 764 548 esse
793 482 966 566 probabile
994 489 1046 550 est
1071 505 1179 570 neque
1207 490 1297 550 recte
1325 504 1404 550 cnm

241 596 389 675 ternpore
413 591 623 674 coniungitur
644 591 737 656 locus
759 591 897 672 ebenus,
927 592 983 676 qui
1005 593 1094 658 inter
1114 614 1155 659 ea
1177 597 1237 674 est,
1264 598 1403 678 propter

175 693 182 705 ’
241 717 315 780 quae
347 703 477 783 tempus
512 698 712 764 deteriorem
744 697 874 765 hostem
906 699 1005 781 facit,
1037 722 1099 766 nec
1132 700 1265 766 omnino
1297 699 1402 782 locus,

240 805 298 889 qui
319 805 408 871 idem
430 812 551 887 manet,
573 828 648 871 cum
670 812 817 891 tempore
839 807 974 873 labenti.
1008 807 1205 890 Videndum,
1226 829 1269 874 ne
1290 813 1402 875 111111-

241 914 408 999 positione
429 911 519 979 facta
541 915 644 980 scribi
666 914 803 980 debeat:
831 936 946 999 quem
968 923 1128 1001 tempus
1151 915 1402 982 deteriorem

240 1024 281 1088 in
315 1023 401 1087 dies
435 1021 606 1103 faceret,
641 1020 708 1106 [et]
736 1022 842 1090 locis
871 1023 1023 1090 alienis
1052 1025 1140 1090 sine
1168 1030 1400 1109 praeparato

242 1135 534 1197 commeatu-
557 1137 795 1211 morantem,
830 1130 983 1198 adhoc
1013 1140 1074 1198 eet.
1119 1133 1204 1197 Nam
1226 1137 1331 1197 et-
1353 1130 1402 1197 ad

240 1239 315 1305 hoc
342 1261 401 1324 pro
432 1245 472 1303 et
492 1274 536 1284 —
558 1245 599 1304 et
619 1240 728 1304 minus
752 1239 927 1323 diligenter
949 1241 1094 1324 positum
1116 1261 1137 1306 a
1160 1240 1296 1306 Liuiano
1320 1240 1401 1305 scri·

240 1347 340 1413 bendi
363 1367 485 1431 genere
508 1345 675 1411 abhorret.
732 1344 825 1431 (Cap.
851 1351 903 1428 38,
932 1353 951 1414 9
975 1348 1085 1414 codd:
1120 1353 1160 1414 et
1186 1346 1401 1414 111111111-

239 1454 358 1520 beret
379 1477 440 1539 pro
463 1454 639 1519 haberet
660 1460 699 1520 et
720 1454 867 1538 111111.)

329 1561 409 1647 Cap.
437 1566 486 1642 13,
521 1566 540 1626 8
565 1560 611 1643 (in
635 1563 785 1627 oratione
808 1562 910 1627 Tullii
931 1563 1133 1629 centurionis
1156 1562 1246 1648 apud
1268 1559 1303 1628 Ο.
1327 1562 1401 1629 Sul·

239 1671 363 1755 picium
393 1668 622 1752 dictatorem):
662 1669 735 1736 Sin
764 1676 898 1736 autem
924 1692 1004 1736 non
1032 1677 1144 1736 tuum
1172 1672 1297 1752 istuc,
1330 1670 1401 1737 sed

238 1778 450 1863 publicum
478 1783 544 1842 est
571 1778 801 1858 consilium,
835 1785 877 1843 et
909 1800 1132 1844 consensus
1166 1778 1300 1863 aliqui
1327 1798 1400 1863 pa·

239 1892 365 1966 trum,
394 1904 473 1952 non
497 1885 701 1951 Gallicum
724 1885 876 1951 bellum
904 1907 976 1951 nos
1004 1886 1052 1952 ab
1080 1886 1193 1966 urbe,
1223 1906 1244 1951 a
1272 1906 1398 1971 pena·

239 1993 350 2060 tibus
379 1993 536 2060 nostris
565 1994 780 2077 ablegatos
809 1999 940 2074 tenet,
974 2016 1125 2078 quaeso,
1155 2000 1199 2059 ut
1226 2015 1285 2074 ea,
1314 2015 1399 2078 quae

239 2099 385 2184 dicam,
413 2124 494 2168 non
523 2101 776 2168 amilitibus
803 2103 1048 2187 imperatori
1077 2102 1191 2167 dicta
1219 2122 1399 2182 censeas,

239 2210 312 2276 sed
335 2232 355 2276 1
377 2209 498 2296 plebe
521 2210 725 2295 patribus,
755 2232 848 2294 qnae,
877 2210 987 2275 sicut
1007 2232 1076 2276 vos
1098 2215 1236 2276 vestra
1257 2210 1401 2277 habea·

239 2318 293 2384 tis
317 2319 505 2399 consilia,
529 2318 586 2384 sic
609 2340 649 2384 se
673 2340 745 2384 sua
766 2318 998 2384 habituram
1021 2318 1142 2384 dicat.
1194 2318 1291 2397 Quis
1314 2324 1399 2384 tan·

240 2425 326 2491 dem
355 2432 613 2506 suscenseat,
647 2426 803 2491 milites
830 2448 900 2491 nos
929 2447 1034 2506 esse,
1065 2448 1144 2491 non
1173 2447 1310 2492 servos
1332 2447 1399 2491 ve·

240 2538 364 2613 stros,
398 2534 446 2598 ad
468 2533 635 2614 bellum,
669 2534 809 2599 nonin
833 2533 1023 2598 exsilium
1045 2534 1189 2600 missos
1212 2541 1273 2599 cet.
1327 2533 1399 2600 Pri·

239 2661 330 2704 mum
358 2642 440 2707 satis
462 2641 621 2707 audacter
644 2649 678 2707 11
699 2641 822 2706 rustice
845 2640 973 2706 Tullius
997 2642 1192 2726 simpliciter
1214 2640 1400 2722 denuntiat,

240 2748 372 2833 plebem
411 2769 473 2813 sua
510 2748 701 2815 habituram
740 2749 895 2829 consilia,
935 2749 993 2814 sed
1026 2748 1089 2815 hoo
1121 2751 1278 2831 ieramus;
1317 2749 1399 2815 ferri

238 2876 306 2921 non
334 2859 448 2939 potest
474 2856 618 2941 primum
651 2877 871 2921 snscenseo
902 2857 973 2923 sine
1001 2857 1070 2923 ullo
1098 2864 1176 2923 ante
1205 2857 1400 2924 Suetonium

240 2961 391 3048 (Vespas.
415 2964 448 3045 5)
478 2964 626 3048 exemplo
654 2984 716 3050 pro
746 2964 939 3049 indignor
968 2986 1043 3030 cum
1075 2964 1205 3032 infinita
1232 2966 1399 3032 sententia

153 3094 225 3165 (147)
244 3072 403 3156 positum,
438 3069 557 3135 deinde
585 3071 691 3138 multo
715 3073 822 3138 minus
844 3072 914 3138 haec
936 3074 984 3139 sic
1007 3071 1111 3139 elata:
1146 3074 1237 3157 quis
1264 3072 1399 3157 indig-

240 3184 368 3260 netur,
389 3177 548 3244 milites
570 3201 643 3245 nos
667 3182 1398 3266 esse—,-pugnatnros-‚-otium

239 3288 367 3353 Romae
411 3286 552 3372 potius
592 3323 637 3333 -
677 3281 843 3354 acturos
886 3295 963 3369 cet,
1011 3311 1113 3374 quum
1158 3290 1308 3375 intellegi
1350 3290 1398 3357 sic

240 3396 400 3461 debeant:
434 3416 505 3460 nos
534 3418 605 3480 pro
634 3396 840 3463 militibus
868 3396 1015 3463 haberi
1044 3404 1084 3463 11
1111 3402 1306 3482 tanquam
1327 3398 1399 3463 mi·

239 3503 336 3568 lites
359 3504 536 3569 tractari
559 3504 678 3584 velle,
700 3539 744 3551 —
767 3539 806 3550 -
830 3527 876 3571 eo
901 3527 991 3571 esse
1013 3505 1155 3587 animo,
1178 3512 1221 3571 ut
1242 3527 1398 3591 pugna·

239 3612 325 3677 turi
347 3613 471 3676 simus
493 3645 545 3691 —,
568 3612 752 3677 -otinm
773 3614 902 3679 Rornae
924 3614 1271 3698 potius-acturi.
1311 3614 1398 3680 Nam

239 3719 421 3803 indignatio
451 3719 494 3784 ad
522 3719 626 3804 ipsam
647 3718 740 3786 illam
761 3720 966 3786 voluntatem
988 3728 1022 3787 11
1042 3722 1302 3807 postulationem
1323 3745 1398 3808 per·

239 3829 339 3908 tinet,
378 3849 452 3913 quae
484 3827 519 3893 in
552 3827 661 3893 verbis
694 3829 867 3895 omittitur.
931 3828 1069 3894 Sanabit
1101 3829 1172 3895 haec
1205 3836 1239 3896 11
1269 3837 1398 3897 rectam

240 3937 400 4002 orationis
432 3935 574 4001 formam
606 3938 842 4023 sententiaque
875 3959 1086 4021 progressum
1114 3937 1236 4004 efficiet
1264 3939 1399 4006 sublata

239 4064 307 4109 una
339 4042 453 4108 littera
485 4049 519 4109 et
552 4065 592 4109 ex
624 4065 692 4110 una
718 4065 797 4111 voce
826 4046 923 4111 iactae
952 4046 1041 4111 dnae:
1075 4067 1229 4131 quaeso,
1262 4054 1308 4112 ut
1341 4069 1396 4128 11,

241 4172 326 4234 quae
356 4152 499 4231 dicam,
530 4173 608 4218 non
631 4172 652 4217 a
672 4153 876 4219 militibus
903 4154 1144 4239 imperatori
1173 4155 1284 4222 dicta
1306 4176 1397 4221 cen·
