3060 5272
241 356 303 414 Lib.
320 356 406 412 XLII.
787 344 849 406 650

241 529 419 596 rachium
452 528 624 595 traiicit.
669 528 753 594 Nam
781 533 819 594 ut
841 528 970 595 dicatur
999 529 1327 614 promuntorium
1354 527 1394 592 in

241 639 341 703 mari
373 637 487 704 Ionio
521 636 634 722 (paulo
669 638 756 703 enim
783 636 946 702 diversum
975 644 1039 703 est:
1073 639 1112 703 in
1145 639 1245 703 mari
1278 636 1394 703 Ionio

240 744 321 811 haec
344 752 437 811 sunt
458 744 768 830 promuntoria)‚
791 751 901 811 tamen
924 767 1040 830 parurn
1058 752 1136 830 apte
1156 747 1204 812 'sic
1227 744 1393 822 scribitur,

240 861 410 937 tamquam
433 852 586 920 Calabria
608 853 650 918 ad
673 853 738 918 alia
760 855 860 920 etiam
882 855 987 919 maria
1009 854 1148 920 obversa
1174 854 1297 920 habeat
1319 873 1395 937 pro·

240 964 415 1028 muntoria.
450 961 569 1046 [Italiae
591 976 708 1027 nomen
727 963 761 1027 in
778 961 891 1028 codice
908 965 1145 1047 transpositum
1162 969 1238 1047 post
1256 980 1390 1045 super·

240 1077 381 1136 vectus
404 1070 458 1135 vix
479 1070 550 1134 iure
573 1070 607 1134 in
631 1070 851 1155 suspicionem
873 1067 1111 1153 adducitur.]¹)

155 1185 229 1256 (638)
333 1177 410 1263 Cap.
435 1182 484 1258 50,
507 1182 525 1240 7
549 1177 596 1259 (in
626 1176 861 1262 deliberatione
890 1179 1001 1245 Persei
1030 1200 1104 1245 oum
1137 1180 1204 1244 suis
1238 1179 1278 1244 de
1306 1178 1394 1247 bello

240 1288 404 1370 Romano)
427 1287 581 1372 quoniam
604 1287 652 1352 sic
675 1287 709 1352 in
732 1286 844 1353 codice
868 1288 1038 1354 scribitur:
1063 1310 1182 1352 unum
1205 1308 1293 1354 esse
1316 1288 1392 1353 Ma·

240 1396 418 1463 codoniae
440 1416 608 1478 regnum
628 1402 668 1460 et
683 1397 849 1479 regione
867 1397 1102 1481 propincum
1119 1404 1158 1462 et
1176 1395 1280 1480 quod
1300 1396 1395 1478 quia

239 1507 298 1571 sic
325 1505 403 1570 tibi
436 1503 523 1585 (edd.
548 1503 692 1585 sicubi)
715 1527 747 1588 p.
772 1504 810 1570 R.
835 1526 905 1570 sua
933 1505 1100 1572 fortuna
1128 1504 1254 1584 labet,
1286 1505 1394 1571 anti·

239 1635 338 1698 quos
362 1614 514 1677 animos
536 1611 703 1695 regibus
728 1613 1053 1679 suisridebatur
1077 1613 1394 1696 (edd.vi‹1eatur)

238 1742 359 1806 posse
382 1720 526 1801 iacere,
549 1718 621 1785 fieri
644 1726 764 1804 potest,
786 1722 873 1786 utin
897 1722 991 1804 quia
1013 1721 1118 1788 lateat
1135 1721 1298 1803 ablativus
1318 1743 1394 1788 con·

238 1830 340 1894 trarie
362 1828 487 1894 relatus
510 1828 553 1893 ad
575 1830 740 1912 regione
774 1828 827 1911 (et
857 1830 959 1912 quod
989 1830 1133 1915 opibus
1161 1829 1297 1896 similive
1321 1852 1393 1895 sen·

238 1937 402 2019 tentia).²)
438 1935 575 2003 Certiusi
590 1945 624 2002 et
641 1937 794 2003 mendum
817 1944 869 2003 est
892 1946 924 2004 et
942 1941 1102 2005 correctio
1121 1946 1265 2004 extremo
1285 1940 1394 2024 capite

183 2044 187 2051 ’
239 2045 364 2130 (§11)2
397 2045 605 2112 Postremo
634 2047 694 2130 ita
722 2044 831 2112 bello
861 2054 900 2112 et
927 2068 1027 2137 pace
1052 2049 1189 2130 quaeri,
1219 2054 1262 2113 ut
1285 2047 1394 2114 inter

238 2177 371 2222 omnes
405 2156 638 2225 conveniat,
672 2175 742 2220 nec
775 2156 940 2238 turpius
975 2156 1197 2239 quidquam
1232 2177 1318 2222 esse
1351 2191 1394 2202 -

239 2285 310 2330 nec
333 2262 569 2348 praeclarius
594 2270 654 2328 cet.
699 2262 773 2328 Non
796 2285 877 2348 pace
901 2271 934 2329 et
956 2264 1044 2329 bello
1067 2264 1178 2329 nescio
1202 2263 1280 2347 quid
1305 2286 1393 2349 quae·

237 2373 373 2439 rebatur
396 2371 706 2449 (Weissenborniua
731 2370 913 2437 desiderari
937 2372 1121 2438 subiectum
1145 2373 1305 2453 sentiens,
1328 2395 1392 2439 res

237 2480 423 2562 addendum
452 2501 522 2544 esse
553 2481 740 2563 suspicatus
764 2487 828 2559 est,
863 2480 954 2546 nulla
978 2479 1165 2565 sententia),
1196 2481 1253 2546 sed
1282 2489 1394 2547 utrum

237 2589 358 2654 bellum
388 2609 431 2652 an
463 2607 530 2670 pax
552 2587 758 2671 praeferenda
781 2596 881 2667 esset,
911 2588 1174 2668 deliberabatur3
1203 2590 1237 2653 in
1267 2610 1305 2655 ea
1335 2589 1390 2656 de-

236 2696 431 2762 liberatione
455 2695 519 2760 duc
544 2716 616 2760 esse
639 2703 729 2760 certa
753 2695 922 2776 dicuntum
958 2697 1166 2763 scribendum
1196 2699 1296 2780 igitur
1320 2699 1390 2764 sine

237 2805 306 2870 ulla
329 2804 550 2870 dubitat-ione:
573 2802 781 2869 Postremo
804 2804 863 2869 ita
886 2806 929 2867 ilc
952 2805 1060 2870 bello
1079 2818 1118 2871 et
1135 2827 1232 2891 pace
1252 2808 1390 2891 quaeri,

237 2920 279 2980 ut
303 2920 364 2979 cet.

324 3021 401 3106 Cap.
428 3026 477 3100 51,
503 3027 536 3085 5:
559 3020 727 3087 Paeones
751 3029 789 3087 et
812 3043 856 3087 ex
879 3022 1058 3088 Parorea
1082 3032 1120 3088 et
1142 3023 1392 3107 Parstrymo-

236 3133 303 3197 nia
325 3167 368 3176 —
397 3137 435 3196 et
457 3131 657 3214 Agrianes
679 3167 721 3176 -
743 3132 867 3196 trium
889 3131 1065 3196 millium
1095 3131 1222 3197 ferme
1246 3139 1285 3197 et
1307 3133 1391 3216 ipsi

237 3240 505 3325 expleverunt
521 3260 736 3304 numerum.
767 3239 912 3304 Primum
929 3239 1301 3323 Parastrymouiam
1319 3262 1390 3306 eam

234 3351 400 3433 regionem
422 3346 621 3432 appellatam
645 3348 776 3432 opinor;
799 3354 870 3412 tum
892 3348 1077 3414 necessario
1096 3349 1309 3415 scribendum
1332 3371 1391 3415 ex·

261 3621 285 3688 ¹)
305 3619 321 3689 ᾗ
339 3622 367 3674 9:
386 3620 428 3673 ab
446 3617 592 3689 Neapoli
609 3619 805 3688 proiectus,
824 3627 991 3689 superato
1010 3619 1119 3689 freto,
1139 3621 1188 3677 die
1207 3622 1336 3691 quinto
1355 3622 1390 3677 in

304 3704 568 3775 Cephalleniam
586 3705 796 3759 transmisit.
832 3704 865 3759 In
885 3704 944 3758 cod.
965 3710 1008 3760 est
1025 3724 1084 3776 per
1103 3706 1192 3776 Cep.;
1211 3707 1314 3763 fuitne:
1334 3706 1390 3761 die

304 3792 429 3860 quinto
447 3807 615 3859 permane
634 3790 771 3845 Ionium
790 3790 1073 3860 Cephalleniam?
1094 3793 1197 3859 (1864.)
1227 3793 1292 3864 Cap.
1311 3796 1353 3860 49,
1373 3796 1389 3847 5

303 3891 388 3945 prave
405 3877 466 3931 haec
486 3877 704 3945 coniunguntur:
725 3876 875 3942 adversa,
895 3877 1053 3944 secunda,
1070 3895 1218 3947 quaque;
1237 3886 1314 3933 recte
1330 3879 1387 3948 pri·

303 3979 380 4016 mum
406 3963 535 4017 universe
562 3963 785 4031 coniunguntur:
814 3962 960 4017 adversa
979 3964 1212 4034 secundaque,
1240 3970 1300 4018 tum
1319 3965 1385 4019 sub·

302 4048 398 4102 iicitur
416 4065 451 4102 ex
470 4064 562 4117 aequo:
582 4063 761 4116 quaa-qum.
790 4048 891 4115 (1864.)

258 4132 282 4200 ²)
302 4132 383 4200 Quod
402 4132 417 4202 ξ
436 4137 451 4187 5
470 4133 573 4203 legitur
591 4133 649 4187 sub
669 4135 808 4189 casibus
826 4135 947 4190 multis
966 4152 1053 4200 esse,
1073 4141 1233 4202 suspectum
1248 4152 1309 4190 esse
1328 4154 1385 4191 non

303 4217 416 4286 debuit3
437 4218 484 4273 cfr.
504 4222 545 4287 52,
566 4221 610 4272 12:
631 4219 790 4274 omnibus
809 4222 871 4275 sub
890 4220 1030 4274 casibus
1048 4219 1237 4274 maritimis
1255 4219 1340 4275 iore.
