3060 5272
709 248 751 310 40

154 433 277 517 partim
299 430 442 516 pusillis,
471 433 697 516 conspirantes
721 433 906 513 ostendant,
935 433 1047 517 qualia
1068 433 1188 499 menda
1208 455 1309 518 qnam

153 548 282 606 mature
313 562 380 607 non
413 541 446 605 in
480 562 545 605 uno
579 540 690 625 aliquo
724 541 843 606 codice
871 562 949 607 casu
980 543 1075 621 oriri,
1109 542 1167 607 sed
1194 542 1310 627 plures

156 671 334 734 omnesque
352 649 528 733 pervadere
547 650 716 733 potuerint
733 648 837 730 (uelut
853 650 886 714 in
903 650 1075 734 particulis
1086 649 1164 715 libri
1175 651 1267 718 tertii
1278 655 1308 732 7,

158 764 177 822 6
200 758 386 823 Rutilius
408 780 469 842 pro
492 757 668 833 Rutilus,
692 762 720 837 7,
746 763 764 822 8
788 759 1042 824 01010111010
1065 758 1230 843 publice
1247 781 1310 825 vo·

157 867 240 931 cati
264 888 325 950 pro
350 865 561 950 apublica
584 866 744 931 evocati
764 864 805 949 [V
824 865 967 949 vocat],
988 871 1086 946 18,11
1107 866 1309 952 ampliore

157 973 338 1039 ferretur
359 996 420 1058 pro
444 974 558 1058 ampl.
580 973 809 1054 efferretur,
832 979 882 1053 21,
906 982 926 1039 4
949 981 1131 1041 senatum
1154 976 1310 1042 consul·

157 1090 244 1148 tum
272 1104 332 1166 pro
363 1089 533 1148 senatus
562 1104 681 1162 cons,
710 1082 776 1147 ibd.
801 1087 819 1148 6
848 1084 1029 1167 peccatis
1052 1105 1111 1167 pro
1134 1090 1311 1168 peccate,

158 1189 1309 1276 213111110101110111101011[110110111110010110(11011126,

161 1304 198 1363 12
224 1301 264 1365 in
286 1301 375 1384 ipso
394 1322 453 1383 pro
474 1301 573 1383 ipso,
593 1303 643 1380 27,
665 1305 679 1362 1
701 1299 993 1384 L.Tarquinum
1016 1323 1076 1384 pro
1097 1300 1310 1384 L.Tarqui·

159 1409 269 1488 tium,
287 1412 338 1487 29,
358 1409 606 1472 7Lanuviun1
624 1396 790 1472 exilium
808 1430 868 1492 pro
882 1408 971 1473 Lan.
985 1409 1025 1472 in
1043 1408 1144 1488 exil,
1162 1407 1310 1474 ibd.Fa-

158 1515 250 1580 bius
269 1515 485 1592 Quinctius
503 1538 563 1599 pro
583 1516 826 1596 soloFabius,
846 1519 895 1590 34,
910 1522 929 1580 6
947 1515 1230 1600 appellatione
1248 1538 1310 1600 pro

160 1623 452 1708 appellationi,
483 1622 553 1705 [sed
576 1627 627 1703 12,
650 1630 669 1687 4
693 1623 830 1690 1110010
854 1626 1069 1690 certamini
1091 1647 1151 1708 pro
1176 1631 1310 1690 certa·

159 1733 262 1796 mino
291 1733 325 1796 in
354 1729 501 1813 ceteris]
533 1736 587 1810 35,
617 1738 635 1797 9
664 1735 892 1798 contionem
916 1731 963 1815 [M
986 1729 1307 1815 contentionem]

160 1863 221 1924 pro
246 1841 475 1919 coitionem,
498 1839 563 1920 al).
609 1840 725 1923 laque
747 1840 799 1905 his
822 1841 983 1906 admoniti
1007 1863 1047 1906 10
1072 1841 1147 1906 aliis
1172 1841 1308 1924 quidem

159 1948 242 2015 locis
275 1956 372 2014 certae
406 1955 439 2013 01
470 1949 665 2014 necessariae
698 1950 820 2014 rationi
854 1955 971 2015 contra
1002 1948 1088 2013 hunc
1117 1970 1312 2015 consensum

161 2078 276 2141 parere
300 2056 539 2135 dubitabimus,
567 2065 604 2121 ut
626 2057 690 2136 ΙΙΙ,
721 2062 776 2137 56,
809 2062 847 2121 12
871 2057 992 2141 (quod
1015 2079 1075 2141 pro
1100 2079 1224 2142 quam,
1252 2057 1311 2122 ubi

161 2188 282 2232 causa
304 2165 389 2231 male
412 2165 561 2230 additum
584 2166 611 2228 V
635 2164 736 2246 tollit)
760 2173 817 2230 aut
839 2165 898 2246 IV,
929 2170 984 2245 25,
1015 2172 1042 2246 7,
1072 2167 1172 2231 etiam
1195 2167 1229 2230 in
1252 2166 1311 2231 ad·

161 2275 351 2340 ditamentis
373 2274 529 2338 tollendis
558 2273 617 2351 IV,
652 2277 708 2351 21,
742 2278 760 2338 6
790 2273 957 2354 (metum,
980 2273 1069 2358 quod
1090 2273 1197 2340 Faber
1220 2275 1311 2339 dam-

161 2383 275 2465 navit),
302 2383 344 2463 V,
376 2386 431 2461 53,
460 2388 478 2445 6
503 2382 658 2464 (quam),
681 2382 734 2461 VI,
759 2386 786 2462 6,
810 2388 829 2446 8
853 2382 1134 2464 (dictatorem).
1190 2383 1312 2448 Verum

161 2493 231 2557 haec
269 2512 354 2555 nunc
393 2490 557 2556 sufficiant
598 2491 638 2556 de
677 2490 867 2555 adiumento
907 2499 983 2575 post
1021 2493 1144 2575 primas
1176 2497 1312 2556 nostras

163 2621 259 2665 ouras
284 2600 436 2663 Livianas
460 2597 648 2681 adiecto.¹)]

248 2709 374 2772 Livium
403 2715 480 2791 post
502 2707 704 2786 Rhenanum,
728 2708 909 2787 Gelenium‚
934 2708 1017 2774 alios
1047 2709 1188 2773 stataria
1210 2729 1313 2792 opera

163 2839 201 2882 ao
230 2822 391 2900 perpetua
418 2816 652 2880 recensendum
682 2801 745 2880 sibi
774 2818 914 2900 sumpsit
940 2816 1059 2882 saeculo
1087 2818 1227 2900 septimo
1256 2816 1312 2881 de-

164 2927 248 2990 cimo
276 2925 323 2989 lo.
347 2925 441 2988 Fred.
466 2924 669 3001 Gronovius,
698 2925 746 2987 vir
775 2925 923 3007 ingenio,
952 2924 1089 3003 iudicio,
1118 2925 1311 2991 eruditionis

163 3035 197 3097 in
227 3034 354 3098 Latinis
382 3033 501 3098 litteris
529 3034 626 3115 copia
655 3039 830 3115 praestans,
864 3039 935 3097 arte
963 3032 1106 3097 nondum
1135 3040 1194 3099 aut
1222 3034 1311 3117 quod

163 3142 207 3206 ad
234 3163 302 3206 rem
325 3143 571 3225 grammaticam
595 3141 713 3205 attinet
736 3143 850 3206 autin
873 3143 988 3206 critica
1010 3139 1192 3206 factitanda
1215 3142 1312 3225 plane

164 3250 361 3334 perpolitus,
395 3251 608 3334 plurimisque
643 3251 769 3333 egregie
803 3272 820 3315 e
854 3250 1023 3316 codicibus
1057 3257 1090 3314 01
1123 3251 1313 3315 coniectura

166 3358 360 3438 emendatis,
396 3380 468 3423 eam
497 3359 670 3423 constituit
693 3358 775 3423 Livii
805 3360 964 3425 orationis
987 3358 1141 3437 formam,
1175 3378 1247 3441 quae
1270 3357 1313 3422 ad

163 3475 311 3532 nostram
344 3473 473 3530 aetatem
501 3464 568 3531 fere
597 3474 728 3531 servata
757 3473 816 3531 ost.
872 3467 953 3531 Eius
975 3467 1112 3549 vestigia
1134 3467 1214 3549 legit
1236 3489 1312 3533 auc-

165 3578 398 3658 toritatemque
426 3575 544 3638 merito
574 3574 744 3656 amplexus
768 3580 833 3651 est,
866 3575 1040 3638 materiam
1073 3574 1215 3658 amplam
1242 3574 1312 3659 ple·

163 3704 304 3768 namque
332 3683 485 3765 exposuit
508 3687 602 3746 etex
626 3682 759 3764 optimis
782 3681 950 3746 codicibus
974 3687 1067 3746 etex
1091 3682 1313 3748 deterioribus

166 3789 464 3861 Drakenborohius,
487 3788 585 3854 homo
609 3787 741 3853 sedulus
765 3810 802 3853 ao
821 3788 967 3872 diligens,
990 3790 1111 3856 iudicio
1130 3797 1230 3870 recto,
1254 3790 1310 3856 sed

195 3984 217 4049 ¹)
238 3983 316 4051 [Haeo
347 3984 382 4038 de
413 3981 509 4036 codice
535 3981 692 4034 Veronensi
717 3983 814 4051 paucis
841 3984 956 4036 mutatis
983 4000 1017 4037 ex
1043 3982 1211 4053 praefatione
1238 3982 1312 4036 Livii

238 4069 372 4124 librorum
391 4069 514 4138 quinque
535 4067 688 4135 primorum
707 4067 807 4121 iterum
827 4069 859 4136 (a.
881 4067 957 4136 1873)
981 4068 1120 4123 editorum
1142 4068 1197 4123 huc
1221 4074 1312 4123 trans·

234 4156 299 4223 tuli3
319 4173 382 4210 nam
401 4160 430 4208 et
446 4152 602 4207 necessaria
619 4153 726 4206 mentio
744 4159 805 4208 erat
821 4171 872 4209 neo
890 4155 947 4207 ulla
964 4171 1055 4222 causa,
1074 4173 1131 4223 cur,
1150 4171 1212 4224 quae
1227 4155 1312 4211 semel

237 4239 412 4295 considerate
431 4239 604 4306 scripseram,
622 4237 713 4292 verbis
731 4237 885 4308 rariorem]
