3060 5272
246 362 309 419 Lib.
326 362 415 419 XLII.
788 352 851 415 630

246 542 311 602 sta
333 557 442 603 arma
462 536 527 620 pio
551 536 743 621 iustoque
767 557 807 602 se
829 543 1068 603 tutarentur
1098 537 1223 618 bello,
1256 537 1322 604 uel
1343 537 1398 605 ad

246 651 471 711 extremum
503 679 546 689 —
579 644 700 711 semel
730 651 977 725 statuerent,
1012 645 1110 728 quid
1132 645 1325 711 donatum
1346 667 1399 712 ex
1449 688 1454 695 -

246 752 380 818 alieno
403 752 631 818 Masinissae
659 752 821 819 uellent.
868 752 1035 819 Orationis
1058 752 1164 819 forma
1186 754 1397 840 apertissimo

244 860 400 946 postulat,
423 866 462 925 ut
483 860 553 925 haec
575 866 733 942 quattuor
755 859 856 926 verba
878 863 1074 932 sinerent.
1100 861 1396 947 disceptarent,

245 970 544 1053 permitterent,
569 975 800 1033 statuerent
822 968 865 1033 ad
887 970 975 1035 idem
998 971 1180 1037 subiectnm
1196 970 1395 1053 referantur,

245 1077 420 1142 Romanos.
451 1076 571 1141 Verum
589 1077 726 1140 Romani
749 1076 855 1161 apud
878 1081 1003 1143 socium
1027 1079 1184 1163 populum
1208 1078 1397 1164 disceptare

244 1205 309 1250 non
330 1191 499 1269 poterant:
533 1183 566 1249 id
598 1185 682 1249 enim
712 1206 825 1251 eorum
848 1193 908 1265 est,
932 1189 988 1272 qui
1012 1208 1144 1252 causam
1169 1207 1261 1253 suam
1284 1193 1396 1272 agunt,

244 1292 366 1376 populo
390 1293 478 1358 sooio
502 1293 678 1357 iudicante.
723 1293 760 1357 In
783 1295 895 1360 codice
918 1305 982 1360 est:
1011 1303 1055 1361 ut
1077 1296 1140 1360 uel
1164 1316 1208 1360 ex
1231 1317 1331 1381 equo
1353 1298 1397 1361 in
1507 1322 1516 1335 ·

244 1402 396 1466 socium
418 1400 701 1487 populumque,
725 1402 820 1484 quid
843 1404 1039 1486 cuiusque
1063 1415 1173 1470 esset
1190 1405 1396 1490 discepta-

243 1516 341 1574 rent.
394 1507 609 1574 Scribendum
643 1510 743 1592 igitur
776 1519 828 1575 est
861 1511 915 1592 (de
948 1512 1135 1591 Romanis):
1170 1518 1214 1577 ut
1247 1512 1311 1577 vel
1345 1534 1395 1577 ex

244 1638 354 1700 aequo
377 1618 638 1700 interregem
663 1619 812 1682 socium
835 1620 1118 1704 populumque.
1143 1643 1173 1704 q.
1198 1641 1224 1685 o.
1249 1643 1287 1701 e.,
1310 1620 1395 1687 dis·

244 1732 468 1810 ceptarent.
525 1724 641 1799 Paulo⁵
662 1732 737 1789 ante
783 1724 813 1809 (ὃ
848 1732 866 1791 3
902 1736 935 1793 et
968 1729 1001 1809 t)
1043 1730 1090 1792 sic
1130 1730 1396 1813 interpungenda

243 1835 349 1900 oratio
372 1841 437 1899 est:
462 1831 827 1917 Carthaginienses
850 1836 1017 1901 loedere
1040 1837 1230 1919 illigatos
1253 1838 1395 1921 silere3

244 1943 460 2028 prohiberi
494 1943 601 2007 enim
635 1951 751 2008 extra
784 1944 890 2010 fines
923 1944 1073 2009 efferre
1109 1966 1232 2027 arma3
1262 1968 1397 2032 quam·

244 2072 359 2136 quam
382 2052 516 2117 sciant
537 2052 576 2116 in
600 2052 684 2117 suis
707 2051 878 2131 sinibus,
909 2055 940 2116 si
969 2053 1061 2118 inde
1084 2052 1280 2120 Numidas
1314 2055 1397 2139 pel·

243 2167 343 2240 rent,
368 2182 407 2226 se
430 2167 621 2242 gesturos
640 2159 808 2240 bellum;
833 2161 1008 2243 (correctio
1026 2161 1095 2226 haec
1113 2168 1171 2241 est,
1196 2169 1295 2247 caput
1312 2161 1396 2228 illud

244 2269 284 2334 de
308 2270 407 2334 armis
431 2278 524 2333 extra
546 2268 625 2333 fines
647 2291 712 2334 nou
731 2268 903 2335 efferendis
922 2271 964 2335 ab
983 2271 1045 2335 hac
1068 2291 1103 2335 re
1126 2291 1313 2351 removens3
1336 2269 1394 2335 sed

243 2377 333 2442 aliud
354 2376 511 2458 restare:)
534 2377 605 2442 illo
628 2377 735 2442 haud
759 2378 946 2462 ambiguo
971 2380 1109 2463 capite
1127 2377 1302 2444 foederis
1331 2378 1392 2443 de·

242 2487 405 2563 terreri,
430 2506 504 2567 quo
527 2484 680 2550 diserte
703 2493 896 2551 vetentur
918 2495 978 2553 cet.
1014 2488 1166 2552 Fortasse
1187 2487 1287 2551 etiam
1311 2488 1392 2552 scri·

243 2592 387 2658 bendum
410 2592 514 2657 haud
539 2593 738 2674 ambigue,
763 2616 837 2658 narn
862 2602 962 2678 caput
983 2596 1091 2678 ipsum
1114 2616 1178 2658 non
1202 2595 1390 2678 ambiguum

243 2722 325 2782 esse,
348 2701 535 2767 declaratur
558 2700 715 2766 vocabulo
742 2702 904 2767 diserte.
948 2704 1103 2767 Extremo
1133 2704 1240 2786 capite
1264 2701 1295 2787 (ξ
1318 2709 1337 2769 9
1360 2712 1395 2768 et

245 2811 298 2892 10)
322 2810 430 2875 editur
454 2809 514 2874 sic:
543 2807 684 2872 Tutum
708 2812 945 2876 servitutem
969 2833 1009 2877 se
1033 2812 1117 2892 (cod.
1142 2813 1392 2877 iuventutem

243 2919 292 3000 ei)
317 2917 390 2984 sub
416 2918 589 2983 dominis
613 2919 805 2984 Romanis
829 2941 943 3004 quam
966 2920 1207 2986 libertatem
1230 2905 1393 3004 exposi-

241 3034 321 3093 tam
354 3026 400 3092 ad
438 3027 613 3091 iniurias
654 3026 881 3094 llasinissae
919 3029 1049 3094 malle.
1101 3028 1241 3093 Perire
1282 3049 1391 3094 nam·

242 3157 317 3220 que
341 3135 461 3201 semel
484 3135 578 3218 ipsis
603 3137 733 3201 satius
758 3157 846 3202 esse
870 3159 985 3220 quam
1020 3137 1092 3202 sub
1128 3136 1394 3201 acerbissimi

243 3244 328 3327 (cod.
352 3245 633 3325 acerbissimo)
657 3245 875 3311 carnificis
904 3247 1080 3311 arbitrio
1110 3246 1304 3328 spiritum
1326 3244 1391 3309 du·

242 3373 340 3418 cere.
386 3352 499 3418 Causae
533 3353 727 3437 significatio
761 3352 959 3437 (namque)
994 3375 1110 3437 parum
1144 3360 1223 3436 apta
1251 3352 1390 3418 videtur.

241 3463 395 3542 quoniam
412 3483 476 3526 non
494 3461 580 3526 idem
598 3469 647 3527 est
664 3463 798 3544 perire
823 3462 945 3528 semel
969 3463 1056 3526 etin
1079 3468 1171 3526 tuta
1188 3462 1392 3526 servituto

239 3569 356 3634 uivere.
402 3567 513 3635 Codex
536 3569 652 3635 habet:
686 3571 825 3655 perire
847 3592 979 3654 neque
1004 3568 1123 3635 semel
1146 3571 1233 3654 ipse
1258 3570 1391 3634 satius

239 3677 326 3760 ipse
361 3699 448 3743 esse
482 3699 597 3761 quam
620 3685 681 3743 cet.
727 3677 865 3743 Videtur
888 3679 965 3743 olim
989 3679 1146 3763 scriptum
1170 3678 1285 3743 fuisse:
1320 3677 1393 3743 Pe·

239 3787 322 3851 rire
346 3808 504 3869 quoque
528 3785 652 3851 semel
675 3789 775 3870 ipsis
798 3788 929 3853 satius
953 3809 1042 3853 esse
1066 3808 1180 3870 quam
1201 3796 1261 3852 oet.
1297 3784 1392 3870 [Rec-

239 3895 304 3960 tius
328 3894 522 3960 Vahlenius:
558 3895 697 3960 Perire
721 3893 920 3980 denique]

153 4001 227 4072 (519)
331 4000 410 4086 Cap.
435 4007 485 4082 24,
511 4009 542 4068 l:
577 4004 834 4088 Interrogari
859 4005 1070 4071 Gulussam
1093 4004 1265 4089 placuit,
1296 4002 1394 4088 quid

240 4110 288 4175 ad
322 4132 367 4175 ea
400 4110 486 4194 (quae
520 4112 620 4195 legati
644 4110 927 4196 Carthaginienses
962 4114 1068 4196 questi
1092 4112 1199 4193 eraut)
1223 4133 1393 4196 respon-

240 4217 372 4297 deret,
396 4228 481 4293 aut,
507 4221 539 4284 si
562 4222 675 4304 prius
697 4222 852 4303 mallet,
876 4229 1147 4306 expromeret,
1171 4239 1291 4304 super
1314 4240 1393 4303 qua
