3060 5272
697 869 758 931 733
1133 882 1196 938 Lib.
1215 884 1298 940 XLV.

153 1053 247 1138 voce)
279 1055 408 1137 codice,
447 1054 577 1121 sublata
610 1039 696 1121 enim
733 1075 800 1120 una
826 1052 954 1134 littera,
987 1053 1196 1121 scribendum
1237 1064 1304 1123 est:

153 1168 357 1246 tamquam
379 1164 604 1229 animali-
627 1162 841 1229 distracto.
856 1232 858 1236 Α
875 1163 1001 1228 Deinde
1019 1171 1109 1229 recte
1126 1162 1306 1248 Beklxerus,

154 1274 207 1338 cui
228 1274 428 1339 recentiores
446 1272 686 1352 adsentiuntur,
710 1272 947 1337 commercio
969 1292 1141 1339 revocasse
1158 1273 1304 1356 videtum

153 1401 232 1446 nam
254 1382 493 1447 commercio
524 1382 778 1465 interruptus
808 1380 922 1446 eodem
944 1380 1041 1446 modo
1063 1380 1174 1446 Livius
1197 1381 1305 1449 dicere

154 1490 279 1574 potuit,
308 1510 373 1572 quo
397 1488 510 1556 Cicero
539 1491 573 1554 in
597 1489 729 1555 Somnio
758 1488 919 1573 Scipionis
942 1510 969 1554 c.
999 1493 1028 1570 6,
1051 1493 1092 1555 20
1120 1512 1201 1571 eos,
1237 1494 1305 1576 qui

154 1598 338 1664 incolant
359 1604 520 1679 terram,
544 1599 805 1682 interruptos
823 1599 882 1662 ita
904 1618 994 1663 esse
1018 1597 1111 1679 dicit,
1134 1607 1178 1665 ut
1199 1600 1305 1666 nihil

154 1706 262 1772 inter
288 1707 403 1790 ipsos
432 1707 479 1773 ab
513 1706 613 1772 aliis
642 1706 689 1771 ad
724 1705 828 1771 alios
861 1726 1021 1771 manare
1054 1708 1196 1790 possit.
1242 1707 1306 1774 Sed

155 1815 243 1897 quod
265 1815 308 1880 ad
330 1815 517 1881 lacerata
538 1822 615 1898 post
637 1814 835 1881 Gronovium
858 1814 966 1883 audiri
984 1821 1104 1899 putant
1125 1814 1306 1883 Macedo·

154 1924 222 1989 nia
244 1944 283 1989 ex
306 1925 357 2004 iis,
381 1941 453 2009 quae
475 1931 665 2006 sequuntur,
688 1923 745 1989 ubi
768 1924 878 1989 Livius
902 1945 942 1989 ex
960 1944 1022 1989 sua
1038 1944 1182 2006 persona
1198 1925 1305 1991 Mace·

156 2031 278 2099 donum
299 2031 455 2098 iudicium
479 2038 512 2097 et
534 2031 688 2098 affectum
709 2031 887 2116 redarguit,
910 2031 944 2096 id
968 2030 1100 2116 quidem
1122 2031 1193 2098 fieri
1215 2033 1305 2099 nullo

155 2147 253 2225 pacto
275 2147 396 2225 potest.
441 2141 575 2226 Itaque,
608 2141 674 2206 nisi
703 2140 792 2206 aliud
821 2140 900 2225 quid
930 2140 1064 2220 excidit,
1099 2141 1307 2208 scribendum

155 2250 301 2315 videtur:
334 2250 591 2334 Regionatim
614 2249 855 2315 commercio
884 2250 1118 2333 interrupti
1146 2252 1204 2316 ita
1232 2251 1307 2314 sibl

155 2358 288 2424 rideri
320 2358 496 2423 lacerati
530 2354 736 2441 tamquam
760 2365 821 2423 cet.
865 2357 951 2424 Nam
979 2357 1090 2424 dativo
1119 2359 1172 2422 vix
1195 2378 1307 2425 carere

156 2465 189 2532 h.
211 2466 232 2531 l.
255 2487 440 2552 possumus.
476 2465 573 2550 [Usui
594 2472 706 2532 tamen
728 2465 885 2550 loquendi
907 2466 1011 2550 magis
1035 2467 1187 2532 convenit
1209 2488 1307 2532 com·

156 2576 306 2641 meroio
341 2576 577 2659 interrupto
610 2595 671 2640 nec
705 2574 785 2640 sibi
813 2573 909 2640 facile
939 2573 1125 2639 oblitterari
1158 2575 1306 2658 potuisse
1402 2566 1405 2571 ’

156 2681 311 2765 videtur]
366 2682 512 2767 Exponit
545 2681 662 2748 deinde
695 2681 822 2761 Livius,
863 2664 973 2767 quam¹
994 2680 1091 2747 facile
1129 2703 1164 2747 se
1198 2682 1307 2748 Mace·

147 2791 260 2858 'dones
283 2791 323 2857 de
346 2792 455 2876 patria
477 2811 537 2856 sua
559 2790 721 2856 distracta
743 2797 777 2855 et
800 2789 964 2874 discerpta
992 2788 1157 2856 consolari
1186 2789 1307 2856 debue-

156 2900 233 2982 rint,
244 2899 424 2985 Polybium,
437 2900 561 2984 opinor,
579 2898 612 2964 in
628 2898 820 2964 inanissima
836 2897 1018 2983 prudentia
1029 2899 1136 2982 specie
1155 2920 1306 2983 sequens.

157 3007 196 3073 In
207 3007 272 3074 hac
284 3015 378 3093 parte
396 3029 550 3092 magnam
568 3006 810 3073 dubitationem
826 3006 960 3085 babent,
980 3027 1052 3089 quae
1069 3005 1085 3090 ἕ
1103 3013 1123 3071 4
1139 3007 1307 3090 leguntur:

158 3115 390 3183 Maritimae
414 3138 573 3203 quoque
597 3116 933 3202 opportunitates
960 3116 997 3180 ei
1026 3114 1081 3197 (de
1110 3115 1217 3182 altera
1238 3116 1309 3181 Ma·

159 3224 304 3290 cedoniae
343 3232 438 3309 parte
478 3224 600 3309 agitur)
640 3224 822 3309 praebent
860 3231 1002 3309 portus
1043 3224 1089 3291 ad
1123 3224 1310 3291 Toronen

158 3353 203 3399 ac
224 3339 397 3398 montem
420 3333 526 3398 Atho
550 3332 692 3414 (AEneae
714 3339 863 3398 vocant
884 3332 1013 3415 buno),
1038 3333 1112 3399 alii
1135 3334 1182 3399 ad
1205 3336 1310 3399 insu·

157 3440 235 3506 lam
273 3440 492 3519 Euboeam,
535 3440 607 3504 alii
646 3439 695 3505 ad
728 3439 1043 3522 Hellespontum
1084 3449 1310 3524 opportune

157 3551 274 3616 versi.
318 3549 429 3614 Prima
451 3546 588 3613 offensio
611 3547 644 3611 in
667 3567 804 3612 numero
829 3552 878 3610 est
906 3553 1076 3630 portuum3
1109 3568 1186 3612 nam
1216 3536 1310 3614 initio

159 3657 243 3725 duos
267 3656 449 3742 significare
470 3655 578 3721 Livius
599 3653 737 3734 ridetur,
759 3653 900 3719 alterum
923 3654 965 3718 ad
988 3652 1148 3734 Toronen,
1171 3653 1310 3719 alterum

158 3766 201 3833 ad
223 3766 333 3832 Athon
356 3764 498 3849 (hunc),
528 3761 644 3829 deinde
673 3761 784 3847 plures
819 3760 906 3843 (alii
930 3797 973 3807 —
994 3760 1049 3827 ali
1059 3760 1102 3843 i);
1136 3768 1169 3826 et
1197 3760 1310 3846 plures

159 3875 219 3942 sub
242 3875 327 3941 Atho
351 3883 460 3941 monte
489 3880 604 3959 portus
632 3869 781 3955 appellat
808 3870 878 3953 ipse
901 3869 1011 3951 XLIV,
1035 3873 1085 3948 28,
1111 3873 1138 3935 3.
1184 3869 1310 3935 Deinde

157 3984 192 4049 in
219 3982 285 4050 his:
319 3983 444 4050 AEneae
476 3988 625 4049 vocant
656 3978 765 4044 hunc
801 3975 938 4043 offendit
971 3979 1073 4044 mirus
1106 3979 1311 4063 pronominis

158 4093 294 4177 positus.
340 4091 423 4156 Tum
445 4091 557 4156 AEneae
578 4096 711 4175 portum
739 4085 782 4152 ad
809 4092 953 4151 montem
976 4084 1085 4151 Athon
1108 4086 1155 4167 (et
1178 4087 1308 4152 videtur
1328 4088 1398 4158 (611)

160 4198 336 4284 significari
358 4220 423 4265 non
448 4197 621 4281 obscurus)
649 4217 745 4263 nemo
768 4214 904 4280 usquam
933 4202 1053 4278 praeter
1074 4194 1202 4260 Livium
1224 4216 1311 4260 com·

159 4317 327 4390 memorat,
349 4328 409 4373 nee
431 4308 465 4372 in
487 4306 545 4372 illa
567 4303 751 4390 paeninsula
772 4302 841 4369 ulla
858 4302 968 4369 AEneae
991 4303 1133 4369 nominis
1155 4305 1313 4370 memoria

159 4423 219 4483 aut
240 4416 421 4483 similitudo
443 4415 617 4498 reperitur,
641 4421 678 4479 ut
700 4413 733 4477 in
756 4410 898 4477 Threcia
920 4410 1034 4492 lEnus,
1057 4412 1091 4476 in
1114 4412 1187 4477 sinu
1209 4410 1312 4476 Ther·

158 4526 265 4590 malco
287 4525 400 4591 AEnea.
446 4521 554 4588 Codex
575 4520 685 4586 locum
708 4521 755 4585 sic
778 4521 937 4604 scriptum
958 4519 1073 4586 babet:
1097 4526 1241 4604 portus
1265 4517 1313 4584 ad

159 4631 381 4699 Toroneam
413 4638 586 4697 montem
619 4626 997 4695 athoeneaeuocant
1028 4628 1132 4694 hunc
1161 4627 1234 4694 alii
1258 4628 1313 4691 in-

160 4739 369 4825 sulamque
392 4739 595 4806 Euboeam
613 4742 685 4816 cet,
706 4735 740 4799 in
758 4733 837 4801 solis
856 4738 1010 4803 extremis
1025 4734 1312 4820 (insulamque)
