3060 5272
239 355 301 410 Lib.
319 354 404 410 XXV.
787 340 849 402 366

239 527 388 612 Apparet
415 526 601 593 necessario
630 525 834 590 transeuntis
863 524 907 590 ad
934 523 1121 590 Poenorum
1147 522 1228 589 belli
1255 543 1399 607 appara·

239 642 311 700 tum
339 634 592 700 describendum
621 632 781 699 orationis
803 639 918 699 notam
940 631 1084 714 aliquam
1106 631 1298 698 desiderari.
1348 631 1400 699 Ea

238 743 323 810 latet
355 744 388 806 in
421 741 480 808 illo
514 749 612 822 tum3
645 740 854 807 scribendum
888 747 940 806 est
973 742 1074 806 enim:
1108 775 1152 786 -
1184 762 1231 807 ea
1263 740 1399 806 hieme

240 851 288 916 ad
327 871 436 916 arma
475 850 621 915 excita.
683 848 853 912 lustin
893 854 981 914 tres
1022 850 1229 915 exercitus
1263 855 1399 930 erant3

239 957 473 1026 Hasdrubal
496 964 558 1023 cet.

326 1065 404 1150 Cap.
428 1070 484 1146 34,
514 1069 533 1129 9
556 1072 590 1132 et
614 1069 653 1130 10
676 1065 731 1147 (dc
755 1086 879 1150 pugna,
907 1067 942 1130 in
964 1087 1031 1149 qua
1052 1066 1088 1131 P.
1113 1064 1223 1151 Scipio
1246 1063 1398 1148 occidit):

240 1173 427 1241 Ceterum
460 1181 500 1240 et
527 1174 690 1258 equites
718 1172 901 1268 Numidae
929 1180 1117 1257 repente,
1152 1195 1252 1258 quos
1279 1172 1399 1241 fefel-

238 1283 341 1349 lissc
376 1304 416 1348 se
451 1281 529 1347 dux
562 1289 676 1347 ratus
712 1287 814 1361 erat,
849 1282 897 1347 ab
926 1281 1132 1348 lateribus
1161 1279 1400 1347 circumfusi

239 1411 419 1473 magnum
447 1396 649 1455 terrorem
677 1389 867 1470 intulere,
890 1397 936 1470 ct,
960 1396 1174 1456 contracto
1198 1390 1399 1455 advorsus

239 1498 435 1563 Numidas
458 1497 682 1562 certamine
705 1517 820 1576 novo,
851 1499 1007 1564 tertius
1035 1500 1205 1583 insuper
1234 1497 1400 1563 advenit

239 1605 375 1671 hostis
404 1611 466 1670 cet.
523 1604 623 1670 Posui
650 1605 773 1685 locum,
807 1606 1085 1688 quemadmodum
1112 1605 1307 1672 scribendus
1337 1611 1399 1686 ost,

240 1712 364 1792 addito,
387 1712 476 1795 quod
499 1719 575 1797 post
596 1733 613 1775 e
637 1712 843 1794 (intulere,
865 1713 929 1778 rid.
954 1714 997 1779 ad
1019 1715 1106 1794 XXI,
1130 1719 1180 1795 37,
1204 1719 1222 1778 5
1246 1720 1280 1779 et
1303 1712 1398 1795 alibi)

240 1819 378 1900 excidit,
413 1826 466 1899 et,
502 1820 572 1885 sinc
601 1842 667 1905 quo
698 1826 732 1885 et
760 1821 885 1904 pendet
908 1824 1059 1906 superior
1081 1822 1248 1906 particula
1270 1821 1398 1903 (cete-

238 1950 323 1992 rum
352 1927 403 2011 et)
432 1935 466 1992 et
488 1934 561 1994 tota
583 1929 690 1994 oratio
715 1928 879 1996 dissoluta
902 1937 962 1996 est.
1014 1930 1246 1997 Anacoluthon
1267 1931 1302 1995 in
1324 1950 1399 1995 sen·

238 2037 353 2102 tentiis
386 2058 522 2121 prorsus
555 2036 598 2101 ad
631 2037 819 2102 institutam
849 2037 892 2103 ab
920 2038 1015 2104 initio
1043 2036 1182 2105 formam
1210 2037 1309 2104 facilc
1341 2037 1398 2103 dc·

239 2145 449 2211 currentibus
471 2144 555 2210 nihil
577 2144 680 2209 habet
700 2145 773 2210 loci.
820 2144 890 2228 [Sic
913 2147 978 2211 iam
1002 2144 1199 2230 Creverius]

326 2253 403 2339 Gap.
435 2259 491 2333 35,
532 2258 551 2318 S
586 2260 619 2319 et
654 2257 672 2317 9
708 2252 763 2334 (de
797 2252 855 2319 Cn.
885 2254 1038 2339 Scipione
1078 2262 1112 2319 et
1146 2257 1217 2320 eius
1251 2255 1399 2320 exercitu

238 2363 364 2428 frustra
392 2384 426 2427 se
449 2362 566 2427 Poenis
595 2359 790 2427 subtrahere
814 2362 1041 2444 conantibus):
1075 2363 1178 2428 Luce
1201 2368 1245 2427 ut
1267 2382 1399 2428 sensc-

239 2478 335 2535 runt
363 2468 492 2551 (Poeni)
521 2468 733 2553 profectos
768 2468 924 2549 hostes,
957 2472 1181 2554 praemissis
1210 2469 1399 2536 Numidis

240 2599 358 2663 quam
392 2582 588 2660 poterant
622 2577 788 2641 maxime
817 2578 946 2642 citato
975 2581 1133 2663 agmine
1163 2578 1278 2662 sequi
1307 2599 1399 2645 coc·

240 2692 399 2770 perunt.
454 2685 556 2749 Ante
589 2690 748 2749 noctem
782 2684 972 2752 adsecuti
999 2687 1180 2753 Numida
1213 2708 1317 2752 nunc
1348 2686 1399 2753 ab

240 2799 365 2875 tergo,
389 2812 493 2856 nunc
516 2792 555 2856 in
578 2791 713 2857 latera
735 2792 1012 2860 incursantes.
1053 2794 1292 2862 Consisterc
1314 2815 1400 2861 coe·

241 2907 389 2985 parunt
411 2921 455 2965 ac
477 2900 607 2965 tutari
630 2919 778 2984 agmen.
831 2901 1032 2979 Quantum
1061 2911 1230 2987 possent
1251 2910 1399 2984 tamen,

153 3021 225 3092 (800)
244 3015 333 3074 tuto
367 3015 410 3074 ut
442 3006 563 3073 simul
597 3016 828 3092 pugnarent
854 3011 1229 3098 procederentque,
1258 3011 1399 3096 Scipio

239 3117 501 3197 hortabatur,
530 3118 770 3202 priusquam
798 3118 1014 3202 pedestres
1043 3121 1168 3205 copiae
1196 3120 1400 3204 adsequo-

239 3234 393 3293 rcntur.
444 3225 532 3291 Male
562 3225 704 3291 cohaeret
733 3228 840 3292 oratio
870 3228 903 3292 in
927 3228 1037 3293 subito
1060 3227 1117 3293 illo
1141 3229 1184 3292 ad
1207 3227 1299 3293 aliud
1321 3227 1399 3294 sub·

237 3336 373 3415 iectum,
407 3335 496 3417 quod
518 3356 584 3400 non
611 3335 801 3400 nominatur
824 3334 881 3416 (ad
904 3334 1094 3417 Romanos),
1117 3337 1280 3402 transitu:
1305 3356 1398 3401 con·

239 3444 388 3507 sistere
417 3451 652 3527 coeperunt.
710 3441 849 3524 (Omitto
879 3442 1093 3509 offensionem
1119 3445 1154 3508 in
1177 3444 1293 3510 codem
1317 3442 1399 3508 dua·

239 3573 313 3616 rum
335 3552 574 3616 sententiarum
597 3558 665 3615 tam
687 3551 868 3616 vicinarum
890 3553 996 3616 exitu:
1022 3553 1140 3636 sequi
1164 3558 1398 3636 coeperunt,

240 3660 471 3725 consistere
501 3657 752 3742 coeperunt.)
809 3657 874 3724 Sed
903 3660 1035 3743 gravius
1065 3666 1118 3726 est
1147 3658 1240 3726 aliud
1266 3660 1399 3740 vitium3

240 3769 454 3853 participium
493 3767 580 3831 enim
619 3767 885 3833 incursantes
924 3769 971 3832 sic
1010 3767 1158 3834 adhaeret
1190 3768 1290 3835 verbo
1326 3768 1398 3834 ad·

240 3877 371 3943 secuti
409 3881 516 3956 sunt,
550 3880 588 3940 ut
615 3873 765 3940 Numidae
800 3876 970 3956 dicantur,
1005 3877 1083 3942 dum
1111 3877 1147 3941 in
1174 3876 1398 3942 Romanorum

239 3992 369 4070 tergum
403 3991 437 4050 et
463 3983 570 4049 latera
596 3984 780 4063 incursent,
815 4004 872 4050 cos
900 3984 1048 4050 adsecuti
1077 4005 1165 4063 esse,
1199 3983 1289 4067 quod
1316 3983 1398 4049 ridi·

240 4095 352 4160 culum
382 4100 442 4160 est.
498 4091 582 4157 Nam
616 4113 718 4174 quum
747 4093 930 4174 Romanos,
965 4095 1022 4177 qui
1056 4093 1266 4178 aliquantum
1294 4092 1398 4176 spatii
