3060 5272
221 368 283 424 nib.
302 367 392 443 rum¹
766 357 828 417 426

221 541 301 605 ferri
329 545 438 624 potest
460 538 656 623 (praesertim
683 559 746 603 non
772 538 884 603 addito
908 540 1136 622 equitibus,
1170 540 1233 605 etsi
1254 538 1307 604 vel
1328 538 1377 604 sic

222 670 359 733 prorsus
392 648 551 712 inusitate
580 646 757 728 diceretur)
785 667 891 729 neque
922 648 964 712 ad
993 649 1180 730 genetivum
1201 643 1377 712 Cartha-

223 756 467 840 giniensium
502 754 609 819 audiri
644 754 712 819 ullo
746 753 843 818 modo
879 760 991 838 potest
1024 757 1213 839 equitatu
1241 753 1377 820 axelio

136 881 208 951 (347)
227 886 306 929 casu
334 864 367 927 in
395 864 562 946 superiore
589 863 759 927 sententiae
787 869 881 946 parte
911 864 959 928 sic
986 865 1110 948 posito,
1143 869 1181 927 ut
1208 882 1273 927 non
1299 861 1379 927 huic

222 971 368 1036 membro
391 970 607 1053 respondeat,
642 970 701 1034 sod
728 971 827 1035 alteri
857 969 1015 1052 (contra
1042 971 1234 1036 Italicum
1262 970 1378 1051 equi·

224 1087 355 1144 tatum
382 1113 425 1121 —
454 1085 598 1141 contra
631 1077 919 1159 Masinissam);
960 1085 1050 1143 recte
1083 1080 1170 1144 enim
1205 1077 1377 1143 scribitur:

223 1186 437 1252 Numidico
462 1186 650 1266 equitatu
674 1193 816 1249 contra
838 1185 1038 1266 Italicum,
1068 1185 1379 1268 Carthaginien·

225 1297 327 1361 sium
360 1298 504 1358 contra
537 1292 793 1357 Masinissam
830 1294 976 1358 locato.
1033 1294 1152 1358 Restat
1180 1294 1296 1376 igitur,
1331 1298 1379 1372 ut,

224 1403 373 1485 quamvis
402 1399 509 1464 sudas
537 1401 688 1464 videatur
712 1402 888 1480 correctio,
917 1400 1094 1465 scribatur:
1129 1399 1313 1465 Numidis
1335 1434 1380 1447 -

225 1507 648 1590 Carthaginiensibus
672 1505 723 1589 [ut
752 1514 804 1572 est
831 1509 865 1572 in
888 1513 965 1572 vett.
990 1508 1093 1588 editt,
1124 1506 1379 1590 Carthagini·

225 1616 391 1681 ensibus
420 1615 521 1679 etiam
550 1616 584 1679 in
613 1617 731 1679 ceteris
760 1622 836 1680 ante
861 1614 940 1697 W.]‚
964 1616 1025 1679 nisi
1054 1617 1163 1699 potius
1186 1621 1261 1700 post
1283 1613 1379 1681 Gar-

226 1723 548 1806 tbaginiensium
586 1724 709 1787 excidit
736 1725 869 1807 copiis
899 1723 1042 1806 (copiis
1071 1723 1237 1804 contra);
1272 1728 1306 1787 et
1332 1724 1380 1788 vi·

225 1832 345 1896 dentur
374 1852 486 1895 omnes
510 1829 812 1912 Carthaginienses,
841 1852 906 1895 non
930 1830 993 1896 soli
1016 1832 1159 1912 equites,
1194 1831 1380 1897 Masinissae

226 1940 370 2023 oppositi
403 1939 513 2003 luisse.
570 1939 653 2002 Nam
682 1944 714 2002 et
742 1938 897 2021 Polybius
926 1937 1030 2020 (XIV,
1060 1944 1094 2018 8,
1124 1943 1156 2019 7)
1187 1938 1380 2022 simpliciter

224 2056 285 2118 τοὺς
307 2052 514 2128 Καρχηδονίοις
536 2048 697 2125 nominat,
731 2067 792 2110 nec
814 2046 926 2111 Livius
955 2047 1120 2129 peditibus
1149 2046 1249 2111 alium
1271 2046 1380 2111 locum

225 2156 388 2237 adsigna-t.
451 2155 576 2220 Deinde
616 2160 727 2219 autem
767 2152 1005 2218 Celtiberos
1043 2154 1213 2219 mediam
1252 2155 1380 2219 aciem

226 2265 414 2347 accipere
436 2284 497 2346 pro
521 2284 575 2341 eo,
605 2261 692 2345 quod
717 2269 780 2347 est:
810 2263 847 2326 in
872 2260 1040 2326 mediam
1065 2263 1208 2342 aciem,
1237 2263 1380 2327 insolen-

225 2372 389 2435 tissimum
422 2370 524 2434 habet
556 2376 590 2434 et
624 2391 689 2434 non
722 2369 895 2434 ferendum
929 2369 1085 2453 loquendi
1119 2391 1239 2453 genus:
1273 2390 1379 2454 neque

226 2481 311 2543 enim
334 2479 422 2542 acies
445 2476 512 2541 ullo
537 2477 634 2541 modo
658 2478 827 2560 accipitur.
878 2477 991 2561 Neque
1014 2478 1058 2555 id,
1082 2479 1174 2543 cuius
1196 2478 1380 2544 adiectione

224 2585 511 2650 Weissenbornius
540 2585 624 2648 hanc
653 2584 862 2648 insolentiam
891 2583 1032 2650 fortasse
1061 2591 1173 2650 natam
1195 2592 1306 2671 putat:
1340 2585 1381 2650 in

227 2693 400 2758 adversa
421 2692 627 2772 legionum
651 2693 776 2774 signa,
800 2694 906 2775 ipsum
930 2695 1053 2758 usitate
1077 2693 1215 2774 dicitur3
1238 2714 1316 2757 nam
1339 2693 1380 2757 de

227 2801 421 2865 instruendo
445 2806 588 2863 contra
609 2807 668 2863 aut
691 2801 884 2866 adversus
908 2803 1036 2880 dicitur,
1066 2803 1104 2865 in
1128 2802 1167 2865 de
1190 2808 1291 2880 motu,
1319 2821 1381 2865 nec

228 2931 287 2993 pro
322 2929 376 2986 eo,
415 2907 503 2990 quod
538 2907 711 2990 praecedit:
747 2915 892 2973 contra
920 2910 1180 2974 Masinissam
1214 2908 1381 2987 locatis,

227 3017 339 3082 Livius
378 3017 500 3081 usitate
540 3015 690 3080 dixisset:
732 3017 769 3080 in
801 3018 1064 3082 Masinissam
1098 3017 1256 3081 locatis.
1312 3016 1382 3082 Nec

227 3126 300 3208 ipsa
333 3125 592 3189 adversorum
622 3125 826 3206 signorum
853 3126 976 3190 mentio
1005 3132 1074 3188 tam
1103 3124 1145 3188 ad
1173 3124 1320 3189 ordinem
1349 3130 1383 3188 et

229 3240 428 3298 structuram
469 3233 552 3296 aciei
591 3254 690 3314 quam
730 3233 773 3295 ad
813 3239 938 3297 motum
972 3239 1005 3296 et
1037 3233 1195 3316 impeturn
1228 3233 1381 3315 pertinet.

229 3340 364 3405 Omissae
388 3362 409 3404 a
430 3339 565 3405 librario
589 3347 665 3404 anto
689 3340 856 3403 mediam
880 3340 1122 3423 praepositionis
1146 3340 1183 3403 in
1206 3359 1307 3403 causa
1324 3338 1381 3419 (ι)

230 3454 346 3532 aperta
374 3453 432 3512 est.
490 3447 607 3530 Itaque
642 3455 767 3511 certum
798 3454 849 3511 est
877 3447 1002 3510 Livium
1033 3447 1220 3530 scripsisse:
1255 3446 1382 3511 Celti·

228 3556 348 3621 beros
379 3557 418 3618 in
447 3555 617 3619 mediam
641 3557 769 3619 aciem
792 3552 895 3638 [quod
918 3557 1017 3618 etiam
1041 3561 1156 3619 contra
1180 3554 1381 3619 Gronovium

229 3666 337 3729 tenuit
359 3661 671 3744 Drakenborobiusl,
695 3661 881 3745 probabile:
917 3663 955 3727 in
978 3661 1147 3726 mediam
1172 3663 1296 3726 aciem
1318 3661 1382 3726 ad·

229 3793 370 3836 versus
411 3772 526 3853 signa
565 3769 769 3850 legionum
810 3790 1006 3853 accepere
1041 3768 1382 3849 (aciemadversu·

230 3881 360 3963 Signa,
378 3899 392 3939 S
409 3878 508 3942 semel
526 3876 671 3961 scripto).
712 3877 736 3939 P
739 3876 879 3960 Olyblu82
902 3884 963 3948 τοὺς
982 3883 1149 3958 Κελτίβηρας
1166 3885 1266 3956 μέσους
1283 3883 1382 3947 ἔταξαν

230 3993 335 4058 ἀντ”ους
357 3997 415 4057 ταῖς
437 3995 490 4048 τῶν
511 3994 650 4064 Ῥωμαίων
673 3994 805 4066 σπείραις.
845 3983 1063 4068 [Adversus
1086 3986 1151 4048 lam
1175 3982 1381 4068 Ruperilus.]

316 4093 394 4178 Cap.
418 4099 454 4172 9,
487 4100 524 4157 lu
548 4094 603 4174 (de
625 4094 750 4158 l'uuete
774 4093 924 4177 oppido):
960 4094 1074 4157 locus
1104 4114 1221 4176 quum
1250 4093 1383 4176 operi·

230 4203 319 4283 bus,
348 4209 429 4267 tum
453 4208 597 4286 suapte
619 4207 768 4266 natura
790 4208 904 4266 tutus
928 4209 967 4265 et
989 4201 1056 4282 qui
1080 4207 1119 4264 et
1140 4200 1188 4265 ab
1212 4197 1384 4265 Cartha·
