3060 5272
221 335 350 391 num,
621 317 623 321 ’
777 322 818 386 sa

153 511 206 579 (76)
312 505 391 591 Cap.
415 510 465 587 37,
488 510 524 571 2:
547 505 749 572 Primores
772 512 932 591 patrum
955 507 1093 573 odisse
1115 506 1380 585 decemviros,

223 615 364 681 odisse
392 613 567 699 plebem3
599 634 672 678 nec
693 613 885 698 probare,
918 612 1195 699 quesierant,
1228 619 1271 679 et
1291 632 1380 679 cre·

222 723 318 787 dere
335 721 441 787 haud
458 721 639 804 indignis
656 721 861 802 accidere;
884 721 1002 788 avide
1018 720 1173 787 ruendo
1190 720 1240 788 ad
1257 719 1380 786 liber-

222 835 348 895 tatem
375 831 416 894 in
445 829 693 896 servitutem
722 829 889 913 elapsos
917 829 1058 895 iuvare
1079 827 1207 909 nolle,
1241 847 1381 894 enmu-

221 936 309 1002 lare
337 957 500 1021 quoque
528 937 721 1016 iniurias,
755 941 799 1001 ut
831 937 955 1002 taedic
988 937 1253 1021 prasentinm
1282 955 1379 1002 con·

223 1043 333 1110 sules
372 1044 450 1110 duo
489 1043 654 1109 tandem
688 1049 728 1109 et
762 1048 897 1109 status
935 1043 1139 1127 pristinus
1172 1063 1306 1110 rerum
1339 1044 1379 1108 in

223 1151 476 1217 desiderium
497 1152 674 1216 veniant.
719 1151 858 1216 Prorsus
879 1150 1117 1216 incredibiliter
1137 1151 1300 1236 primores
1320 1171 1381 1235 pa·

222 1266 320 1339 trum,
350 1259 407 1343 qui
430 1259 571 1324 oderant
593 1259 792 1323 decemviros
815 1264 858 1336 et,
887 1279 959 1341 quae
982 1257 1108 1337 fierent,
1136 1257 1381 1344 improbabant,

224 1367 411 1433 cumulasse
444 1367 507 1448 ipsi
540 1366 681 1430 iniurias
716 1365 972 1430 decemvirorum
1000 1371 1194 1446 narrantur,
1227 1366 1291 1431 hoc
1319 1371 1380 1443 est,

224 1476 355 1541 auxisse
377 1474 460 1539 alias
483 1472 651 1552 addendo,
683 1493 744 1538 nec
771 1471 920 1556 proiecto
943 1473 976 1537 in
1000 1473 1200 1539 desiderium
1221 1479 1381 1539 venturus

224 1590 296 1648 erat
318 1581 478 1666 pristinus
501 1585 608 1646 status
632 1586 667 1644 et
688 1580 895 1660 consulatus,
930 1581 958 1645 si
986 1580 1108 1665 plebeii
1135 1580 1299 1665 primores
1322 1602 1381 1665 pa·

224 1698 330 1768 trum,
364 1688 422 1773 qni
450 1687 599 1752 consules
627 1685 730 1752 futuri
760 1693 856 1752 eraut
878 1691 913 1752 et
934 1687 1131 1772 plurimum,
1166 1688 1381 1773 sipristinus

156 1807 209 1877 (77)
229 1802 337 1863 status
369 1794 524 1874 redisset,
562 1796 717 1880 potentia
749 1793 909 1874 habituri,
949 1795 1088 1860 iniurias
1121 1795 1381 1863 decemvirorum

224 1904 427 1970 cumulantes
447 1902 605 1967 viderent.
647 1900 794 1985 (Siquis
817 1902 1026 1968 cumulare
1050 1902 1264 1988 interpretari
1281 1923 1381 1969 cona·

223 2012 314 2079 bitur
336 2012 529 2077 oratione
552 2028 710 2091 augere,
739 2030 845 2093 neque
868 2009 902 2074 id
923 2009 1023 2075 verbo
1047 2008 1252 2094 significatur
1274 2030 1382 2094 neque

223 2121 384 2205 primores
412 2124 546 2203 patrum
576 2131 650 2181 cnm
681 2116 822 2201 plebeiis
845 2138 1015 2184 sermones
1038 2116 1253 2183 conferebant
1274 2138 1384 2202 neque

225 2227 290 2295 hoc
323 2227 392 2293 ullo
421 2225 519 2292 modo
548 2224 714 2308 particula
740 2245 901 2309 quoque
929 2231 1089 2310 tanquam
1117 2225 1249 2309 gravius
1277 2225 1383 2310 priori

225 2335 276 2400 illi
308 2336 447 2400 iuvare
479 2332 590 2398 nolle
623 2331 756 2415 adiungi
788 2331 947 2416 poterat.)
1002 2331 1145 2397 Tantum
1178 2332 1310 2412 aberat,
1344 2339 1383 2398 nt

225 2448 337 2527 patres
377 2441 508 2526 plebem
542 2440 635 2506 avide
667 2439 793 2504 ruendo
828 2438 871 2504 ad
903 2439 1089 2506 libertatem
1122 2440 1157 2504 in
1189 2441 1381 2506 servitutem

226 2548 356 2633 lapsam
376 2549 489 2614 iuvare
511 2547 641 2626 vellent,
665 2552 704 2611 ut
725 2548 858 2630 gravius
876 2547 976 2612 etiam
993 2569 1059 2614 non
1077 2548 1154 2627 suis,
1176 2546 1235 2613 ssd
1251 2546 1383 2613 decem·

227 2657 371 2722 virorum
392 2656 521 2720 iniuriis
544 2655 685 2738 opprimi
707 2674 780 2718 eam
804 2661 978 2739 cuperent,
1012 2656 1060 2721 sic
1081 2654 1282 2720 desiderium
1305 2674 1383 2719 con·

228 2765 357 2830 sulatus
381 2771 414 2829 et
436 2763 569 2847 pristini
593 2768 702 2827 status
726 2762 888 2826 oriturum
909 2762 985 2828 rati.
1040 2762 1091 2827 Ea
1118 2763 1285 2828 sententia
1312 2759 1384 2827 elfi-

228 2872 334 2937 cietur
355 2892 421 2935 una
442 2871 555 2935 littera
576 2875 718 2934 mutata:
750 2870 790 2933 in
813 2870 1054 2935 servitutem
1078 2870 1219 2954 lapsos
1242 2869 1384 2935 iuvare

296 3144 390 3209 patres
411 3157 471 3194 rem
493 3141 584 3210 ipsam
606 3140 640 3193 de
663 3139 772 3209 legibus
789 3157 848 3194 non
867 3140 1009 3210 aspernati
1027 3145 1190 3208 narrantur,
1217 3138 1267 3194 sed
1285 3138 1383 3194 datu·

296 3243 366 3279 rum
399 3226 496 3295 leges
522 3224 689 3278 neminem
715 3225 788 3279 nisi
815 3241 854 3278 ex
880 3225 1041 3294 patribus
1069 3224 1181 3280 dixisse
1230 3224 1320 3293 Atqui
1346 3224 1383 3280 de

295 3309 455 3366 ferendis
482 3310 591 3380 legibus
618 3308 756 3378 agebatur
779 3309 822 3378 (sc
843 3328 881 3365 ne
898 3310 1023 3377 dubites,
1050 3310 1190 3379 sequitur:
1218 3326 1318 3378 quum
1341 3308 1384 3364 ds

296 3396 432 3465 legibus
451 3394 669 3460 conveniret,
693 3394 732 3450 ds
751 3396 865 3449 latore
882 3399 1019 3451 tantum
1037 3393 1269 3463 discreparet),
1291 3409 1384 3463 neque

296 3482 361 3535 ullos
384 3498 507 3549 unquam
525 3480 555 3534 in
572 3497 604 3535 re
621 3479 735 3548 publica
752 3480 880 3535 Romana
902 3480 990 3534 datss
1013 3481 1091 3550 leges
1109 3484 1177 3535 sunt
1194 3480 1259 3547 (uisi
1277 3480 1301 3534 si
1319 3480 1383 3549 quis

296 3568 387 3636 legem
402 3584 419 3620 a
433 3583 462 3619 se
476 3565 662 3635 compositam
677 3565 768 3633 alteri,
786 3571 818 3619 ut
833 3583 884 3635 pro
895 3582 946 3620 sua
954 3565 1048 3633 ferret,
1067 3564 1166 3632 dedit),
1183 3565 1385 3634 nsquoidvsr·

296 3653 364 3705 bum
382 3650 418 3705 ds
435 3668 469 3705 sa
485 3668 516 3704 re
534 3650 580 3716 (de
597 3667 664 3705 vera
681 3649 710 3703 in
728 3667 758 3704 re
775 3650 889 3720 publica
906 3650 979 3721 lege)
1004 3652 1040 3706 ab
1057 3650 1187 3706 Romano
1204 3649 1320 3705 homins
1333 3666 1384 3720 po·

297 3737 382 3791 situm
395 3739 439 3789 est
452 3735 555 3805 ponive
569 3734 671 3804 potuit,
685 3734 761 3803 qnod
776 3735 812 3789 ab
824 3735 963 3790 institutis
976 3740 1005 3790 et
1018 3736 1184 3791 notionibus
1191 3735 1384 3791 Romanorum

295 3820 460 3890 longissime
479 3819 655 3873 abhorrebat.
678 3818 777 3888 Itaque
791 3819 885 3887 Dralr,
903 3838 940 3877 ns
958 3826 1108 3890 cogeretur
1127 3818 1134 3872 Ι
1154 3838 1206 3890 pro
1225 3821 1240 3874 d
1259 3820 1385 3874 scribere

297 3907 459 3973 (laturum
479 3904 594 3974 leges),
618 3920 634 3958 a
647 3904 771 3974 Vergilio
784 3905 864 3959 iura
877 3905 953 3960 data
966 3905 1115 3962 advocavit
1130 3911 1158 3960 et
1172 3922 1206 3961 ea
1220 3904 1385 3960 defensione

297 3992 399 4047 ceteris
418 3990 562 4046 satisfecit
605 3989 726 4058 (Dantur
744 3991 820 4059 leges
837 3991 920 4045 victis
939 4008 956 4044 a
972 3991 1136 4059 victoribus,
1154 3991 1239 4046 sociis
1256 3994 1286 4045 et
1303 3989 1383 4044 dedi·

298 4076 373 4130 ticiis
392 4094 408 4130 a
425 4081 525 4130 senatu
543 4082 571 4131 et
589 4076 806 4146 imperatoribus
826 4073 893 4144 [cie.
912 4075 993 4129 Verr.
1011 4076 1047 4144 11,
1068 4078 1131 4145 1213
1152 4075 1214 4154 biv.
1233 4073 1281 4143 IX,
1300 4076 1343 4143 110,
1358 4075 1384 4142 b,

296 4159 381 4228 XLV,
399 4164 442 4231 al,
462 4160 497 4231 1],
516 4161 564 4231 qui
581 4161 666 4215 etiam
684 4159 763 4230 pacis
781 4160 858 4229 leges
875 4159 964 4227 dant)
