3060 5272
240 343 304 399 Lib.
325 342 422 399 XLIV.
785 332 847 393 692

238 517 378 582 Persei
410 536 541 606 neque
574 514 686 580 bello
719 536 804 581 eum
837 516 1030 581 invadere
1064 518 1195 583 animo
1229 517 1392 597 habuit3

148 616 151 621 ’
238 646 316 691 non
337 630 420 690 tam
441 624 536 709 qnia
557 630 739 707 paternae
760 626 872 690 inter
900 645 970 690 eos
1003 625 1241 690 inimicitia
1269 632 1392 691 erant

238 754 353 817 quam
375 732 557 817 ipsorum
579 732 687 798 odiis
710 733 822 799 inter
844 753 886 798 se
909 753 1107 798 aocensae.
1151 732 1237 799 Non
1268 754 1314 798 ea
1334 755 1391 800 re·

237 862 325 926 gum
349 840 568 919 emulatio,
602 846 646 905 ut
667 861 778 926 aquo
800 842 933 907 animo
963 840 1113 907 Persea
1138 848 1279 908 tantas
1301 843 1390 926 api-

237 950 296 1016 sci
319 969 415 1033 opes
437 955 677 1033 tantamque
700 949 891 1032 gloriam,
915 956 1075 1034 quanta
1099 950 1289 1016 Romanis
1312 951 1389 1015 vic·

153 1066 226 1138 (ott)
244 1058 297 1124 tis
320 1078 406 1122 eum
428 1055 636 1136 manebat,
670 1056 867 1123 Eumenes
900 1058 1061 1122 visurus
1094 1056 1234 1123 fuerit.
1279 1056 1389 1124 Mendi

237 1165 362 1249 aliquid
385 1163 439 1230 hic
462 1185 547 1245 esse,
580 1165 646 1229 iam
668 1185 727 1248 per
749 1186 784 1231 se
806 1165 951 1248 intellegi
980 1173 1121 1249 poterat.
1165 1165 1279 1251 Neque
1303 1168 1390 1232 enim

237 1275 306 1341 nlla
328 1274 417 1339 iacta
444 1280 516 1339 erat
538 1273 682 1357 suspicio
713 1272 754 1337 de
777 1273 922 1339 Eumene
950 1274 1061 1340 Persei
1095 1273 1181 1339 bello
1211 1275 1389 1341 invadendi

238 1383 376 1449 consilia
398 1383 555 1464 agitante,
577 1381 642 1445 nisi
664 1380 753 1464 qnod
771 1401 850 1446 sane
869 1381 935 1446 iam
958 1381 1014 1447 diu
1037 1389 1152 1466 aperte
1170 1381 1333 1448 Romanos
1355 1387 1388 1449 in

238 1490 325 1557 bello
359 1497 476 1556 contra
509 1510 584 1555 eum
617 1488 811 1568 adiuvabat,
845 1510 959 1571 neque,
987 1512 1059 1575 quae
1088 1489 1314 1570 subiiciuntur,
1346 1493 1389 1558 ad

238 1620 311 1664 eam
335 1599 556 1682 suspicionem
577 1596 760 1662 tollendam
782 1597 852 1662 ulla
874 1619 914 1662 ex
938 1605 1032 1681 parte
1055 1600 1234 1681 pertinent,
1264 1600 1323 1665 sed
1346 1601 1389 1666 ad

239 1729 324 1786 eam,
358 1706 399 1771 de
422 1726 488 1788 qua
514 1727 581 1770 una
603 1705 778 1787 agebatur,
812 1707 1036 1787 cogitassetne
1059 1705 1230 1787 Eumenes,
1263 1709 1388 1774 relictis

239 1815 458 1881 Romanorum
482 1812 643 1897 partibus,
665 1813 786 1879 Perseo
811 1834 846 1878 se
869 1814 1056 1896 adiungere.
1090 1813 1197 1895 Atque
1226 1815 1295 1881 haec
1318 1838 1388 1883 cer·

238 1924 367 1989 tissime
390 1922 579 1987 testimonio
602 1920 775 1987 confirmat
804 1927 956 2005 repertus
984 1923 1017 1986 in
1040 1921 1233 2005 fragmentis
1258 1924 1387 1991 Vatica-

238 2032 288 2096 nis
311 2030 436 2115 Polybii
458 2030 561 2110 locus,
584 2047 684 2114 quem
704 2029 815 2096 Livius
838 2030 998 2113 expressit
1020 2028 1149 2113 (XXIX,
1175 2035 1189 2092 l
1215 2031 1281 2115 dp.
1305 2036 1386 2097 1032

238 2138 371 2222 Bekk.):
399 2145 459 2202 Ὅτι
479 2147 528 2219 μέν
559 2135 606 2201 οὖν
628 2143 745 2219 Εὐμένης
767 2143 815 2202 οὐκ
838 2146 871 2200 ἂν
898 2144 1034 2218 λβοαλίμλη
1063 2146 1171 2220 Περσέα
1199 2149 1329 2221 κρατῆσαι
1351 2152 1388 2223 τῷ

239 2254 347 2327 πολέμῳ
370 2252 415 2309 καὶ
435 2256 569 2330 γενέσθαι
591 2254 681 2328 κύριον
703 2254 755 2309 τῶν
785 2255 862 2319 ὅλων,
889 2253 996 2328 εὐχερές
1025 2256 1202 2327 καταμαθεῖν.
1247 2248 1386 2331 Egregie

239 2357 340 2440 igitur
361 2355 634 2421 Forchhammer:
669 2354 868 2420 Eumenes
902 2376 1028 2438 neque
1061 2354 1166 2418 favit
1198 2357 1385 2423 victoriae

240 2463 381 2530 Persei
409 2485 537 2545 neque
569 2462 681 2528 bello
715 2484 803 2527 eum
836 2462 966 2526 lavare
993 2463 1031 2526 in
1065 2464 1198 2529 animo
1232 2464 1386 2531 habuit.

240 2571 308 2655 [Sic
329 2572 396 2637 iam
417 2568 593 2653 Dobreus.]
639 2569 704 2635 Sed
727 2591 897 2654 superesse
919 2570 1072 2636 mendum
1095 2572 1206 2652 iniis,
1236 2595 1309 2658 qnae
1332 2575 1387 2640 de-

239 2679 405 2746 clarandae
428 2687 462 2744 et
485 2677 714 2744 confirmanda
737 2679 785 2743 rei
807 2698 910 2742 causa
933 2678 1166 2755 subiiciuntur,
1189 2679 1298 2759 arguit
1320 2679 1388 2761 pri-

238 2810 328 2854 mum
350 2787 456 2852 oratio
478 2787 613 2851 vitiosa:
636 2806 714 2850 non
746 2792 829 2851 tam
859 2787 959 2866 quia
989 2794 1175 2869 paternae
1204 2802 1388 2867 —quam

237 2900 427 2981 ipsorum
467 2895 579 2961 odiis
625 2913 811 2958 accensa
864 2892 1020 2972 (debebat
1064 2895 1149 2960 enim
1200 2895 1387 2959 necessario

238 3007 304 3073 dici
337 3025 470 3088 quam·
488 3002 658 3089 quia—),
693 3001 811 3067 deinde
851 3003 926 3086 ipsa
965 3024 1018 3069 res
1056 3003 1183 3087 (inepta
1213 3011 1264 3067 est
1300 3002 1388 3066 enim

210 3096 220 3118 ⁶
239 3115 379 3198 diligens
401 3112 471 3177 bac
495 3111 662 3177 distinctio
685 3117 719 3175 et
741 3112 945 3195 comparatio
968 3112 1214 3176 inimicitiarum
1233 3117 1388 3194 paterna·

236 3246 309 3289 rum
331 3229 366 3288 et
386 3222 475 3287 inter
496 3220 587 3304 ipsos
610 3238 831 3297 accensurum,
854 3241 954 3303 quum
978 3220 1159 3303 praesertim
1177 3218 1236 3283 has
1260 3240 1299 3283 ex
1321 3217 1387 3282 illis

239 3333 380 3399 crevisse
403 3331 477 3414 ipsa
498 3326 600 3393 verba
622 3325 835 3410 significent),
862 3334 934 3392 tum
967 3348 1122 3410 perversa
1151 3328 1389 3392 sententiarum

238 3440 440 3507 continuatio
464 3436 525 3518 (sio
548 3437 635 3501 enim
657 3435 829 3501 subiicitur
853 3436 1031 3501 communis
1062 3455 1175 3517 regum
1208 3434 1388 3500 aemulatio·

238 3544 289 3609 nis
306 3545 439 3623 mentio,
461 3549 633 3629 tamquam
655 3545 688 3608 in
711 3565 751 3609 ea
772 3545 889 3628 posita
912 3543 1034 3609 fuerint
1054 3543 1120 3608 illa
1137 3545 1284 3628 ipsorum
1303 3543 1388 3607 odiis

238 3672 383 3718 accensa
405 3650 608 3733 inimicitia),
631 3659 796 3735 postremo
826 3650 952 3735 Polybii
974 3653 1158 3718 auctoritas
1192 3651 1227 3733 (l.
1252 3672 1278 3715 o.
1303 3656 1388 3732 χωρὶς

237 3769 293 3845 γὰρ
315 3769 359 3837 τῆς
381 3769 510 3843 πατρικῆς
533 3765 733 3842 ἀλλοτριότητος
755 3765 801 3821 καὶ
817 3765 984 3839 δυσμενείας,
1007 3769 1037 3836 ἦν
1060 3761 1135 3837 εἶχον
1157 3767 1227 3841 πρὸς
1250 3765 1388 3837 ἀλλήλους,

238 3877 269 3934 τὸ
291 3879 335 3945 της
357 3875 442 3952 ἀρχῆς
464 3874 590 3951 ὁμογενὲς
613 3873 704 3930 ἱκανὸν
726 3865 757 3943 ἦν
779 3874 824 3930 καὶ
847 3874 976 3937 ἀπιστίαν
999 3875 1045 3931 καὶ
1065 3877 1226 3945 ζηλοτυπίαν
1248 3875 1294 3929 καὶ
1316 3877 1388 3929 καθ-

239 3984 303 4040 όλου
319 3984 365 4053 τὴν
381 3986 511 4059 μεγίστην
528 3982 717 4058 ἀλλοτριότητα
735 3984 950 4058 παρασκοοάζτιι
966 3988 994 4040 ἐν
1012 3978 1123 4057 αὐτοῖς).
1153 3977 1299 4060 Apparet
1311 3996 1388 4041 0011-

239 4085 328 4169 iungi
352 4085 441 4170 apud
463 4085 634 4169 Polybium
656 4085 844 4149 inimicitias
876 4106 999 4169 easque
1033 4092 1189 4169 paternas
1224 4090 1258 4148 et
1291 4105 1388 4148 aemu-
1450 4157 1452 4162 ,

239 4193 398 4258 lationem
431 4194 563 4277 regibus
598 4213 820 4274 communem3
855 4195 1043 4260 inimicitias
1077 4200 1232 4277 paternas
1267 4192 1387 4271 bivine,
