3060 5272
653 884 656 890 ¹
707 804 766 864 311
1150 819 1211 873 ne.
1230 820 1317 874 xxn.

156 1005 289 1068 neque
306 986 388 1050 hiis
406 993 598 1052 sescenta
615 986 745 1051 millia
762 987 903 1052 hostes
922 986 1139 1071 obstitere)
1160 990 1315 1056 efficitur:

159 1112 290 1174 neque
311 1092 377 1158 his
400 1095 614 1159 sexcentis
638 1094 778 1160 hostes
802 1095 1014 1161 obstitere.
1049 1097 1181 1161 Millia
1203 1105 1317 1164 natum

158 1206 211 1265 cst
238 1221 278 1264 ex
300 1202 515 1283 praecedenti:
551 1224 597 1267 ex
624 1201 811 1267 millibus
841 1211 1006 1286 septem.
1065 1209 1146 1269 1862
1170 1212 1204 1269 et
1226 1207 1316 1290 apud

159 1307 419 1390 lngcrslevium]
480 1309 583 1375 Paulo
623 1310 820 1393 exquisitior
859 1310 1046 1376 emendatio
1079 1312 1232 1378 facienda
1266 1322 1317 1380 est

160 1413 178 1498 ς
201 1419 257 1493 21,
285 1415 342 1480 ubi
365 1416 470 1500 (quod
493 1417 536 1482 ad
559 1438 600 1482 ea
621 1419 750 1496 attinet,
780 1417 821 1482 dc
844 1417 965 1500 quibus
988 1420 1112 1502 agitur)
1136 1422 1239 1486 sicin
1262 1442 1316 1487 co-

158 1523 289 1588 dicibus
313 1523 487 1589 scribitur:
510 1525 621 1589 Nunc
644 1531 777 1591 autem
800 1527 1133 1610 quemadmodum
1156 1529 1195 1593 hi
1218 1528 1315 1595 boni

159 1631 391 1714 fidelesque
426 1632 527 1711 (nam
562 1632 694 1699 fortes
727 1654 774 1698 ne
810 1634 892 1715 ipsi
926 1634 1086 1715 quidem
1120 1635 1314 1720 dixerint)

155 1740 267 1804 cives
290 1761 379 1805 esse
402 1741 597 1823 possunt?
621 1740 710 1805 Nisi
732 1742 824 1824 quis
847 1742 1013 1806 credere
1030 1748 1171 1825 potest
1187 1744 1314 1810 fuisse
1391 1760 1396 1767 '

158 1854 202 1913 ut
218 1848 537 1930 erumpentibus,
561 1850 639 1930 qui,
661 1870 709 1913 ne
727 1856 990 1932 erumperent
1007 1849 1046 1931 (P
1064 1852 1313 1933 quineorum-

159 1964 317 2040 perent,
347 1954 406 2020 CM
436 1957 502 2039 qui
530 1977 602 2021 nec
633 1955 907 2040 erumperent)
936 1957 1145 2024 obsistere
1174 1962 1314 2026 conati

153 2070 268 2143 sunt,
291 2070 463 2129 autnon
486 2063 671 2129 inridere
695 2086 764 2130 eos
787 2085 905 2147 quum
927 2066 1210 2133 incolumitati
1233 2076 1314 2135 tum
1420 2098 1425 2106 ·

157 2172 299 2255 gloriae
328 2171 494 2236 illorum
524 2193 594 2255 per
622 2173 816 2237 virtutem
845 2178 986 2255 partae,
1021 2196 1139 2257 quum
1162 2177 1244 2242 sibi
1265 2179 1314 2243 ti·

158 2300 306 2344 morem
340 2281 630 2363 ignaviamque
667 2280 886 2345 servitutis
914 2283 1197 2364 ignominiosa
1226 2306 1313 2351 cau-

157 2409 241 2453 sam
270 2409 358 2453 esse
386 2389 532 2452 sciant.
588 2388 633 2454 Ut
662 2388 829 2452 sententia
855 2388 970 2472 aliqua
997 2411 1037 2454 ex
1064 2393 1152 2457 istis:
1176 2393 1314 2481 ¹fuisse

158 2502 201 2561 ut
230 2496 542 2579 erumpentibus
570 2495 760 2574 eliceretur,
795 2496 1081 2562 Weissenbornius
1110 2500 1202 2580 (nam
1230 2501 1313 2565 alio·

158 2625 232 2668 rum
253 2610 393 2669 conatus
417 2604 549 2679 omitto,
585 2624 727 2686 quorum
754 2604 807 2667 rix
835 2604 1012 2686 quisquam
1035 2605 1099 2670 sibi
1121 2607 1192 2689 ipse
1215 2609 1313 2671 satis·

158 2712 260 2793 fecit),
283 2732 383 2793 quum
401 2712 600 2794 scripsisset:
623 2710 752 2776 fuisse
769 2717 850 2775 tum
869 2713 1186 2794 erumpentibus,
1206 2713 1313 2778 audiri

155 2841 198 2885 ex
231 2818 457 2903 superioribus
490 2818 593 2884 voluit
632 2818 759 2884 bonos
798 2816 1066 2915 fidelesque
1108 2819 1173 2885 Sed
1207 2842 1312 2903 neque
1350 2907 1353 2913 ,

157 2927 285 2992 fuisse
313 2927 401 2991 nude
430 2927 478 2991 sio
507 2927 571 2991 dici
600 2933 710 3009 potest
739 2925 791 3008 (ut
817 2927 861 2990 sit
888 2927 996 2992 tales
1018 2926 1171 3010 fuisse),
1206 2951 1311 3014 neque

157 3034 282 3100 bonus
310 3034 534 3117 fidelisque
564 3035 796 3117 erumpenti
825 3034 979 3099 Latinum
1008 3042 1072 3115 est,
1107 3057 1214 3120 neque
1244 3060 1313 3103 om·

156 3144 235 3209 nino
269 3142 482 3225 predicatum
516 3163 555 3207 ex
588 3143 758 3226 superiore
786 3143 1046 3226 interrogatione
1075 3147 1159 3210 sumi
1189 3152 1310 3229 potest,

156 3256 359 3336 repugnante
386 3258 459 3316 tota
488 3251 648 3316 orationis
676 3250 794 3333 figura,
828 3271 901 3334 quae
929 3258 1044 3334 aperte
1066 3254 1229 3336 postulat,
1263 3261 1309 3333 ut,
1328 3267 1399 3334 (255)

152 3358 432 3443 ,quemadmodum
465 3359 499 3422 in
532 3358 639 3423 altero
667 3357 706 3422 fit
732 3359 878 3423 membro
907 3359 991 3439 (aut
1020 3383 1096 3425 non
1124 3362 1312 3428 invidere

158 3488 226 3532 eos
272 3488 389 3550 quum
434 3466 720 3532 incolumitati
760 3472 842 3529 tum
887 3466 1027 3547 gloriar
1065 3468 1231 3533 illorum
1270 3505 1313 3514 —

152 3597 274 3659 quum
297 3573 383 3655 cet),
407 3581 549 3657 ponatur
572 3594 632 3657 per
653 3573 793 3637 ironiam
815 3572 888 3653 (sed
909 3575 944 3637 in
966 3574 1028 3640 hoo
1046 3576 1194 3640 membro
1213 3576 1313 3641 adfir-

157 3683 290 3763 mative)
313 3682 448 3765 aliquid,
471 3682 505 3745 iu
528 3703 592 3764 quo
614 3680 673 3744 illa
696 3680 827 3745 bonitas
851 3687 884 3744 et
900 3680 983 3745 fides
1001 3688 1170 3765 appareat,
1194 3682 1313 3747 deinde

156 3790 192 3854 id
214 3791 336 3874 ipsum,
371 3791 502 3855 adiecta
529 3789 696 3854 sententia
723 3786 876 3866 relativa,
911 3787 1049 3852 tollatur
1077 3795 1111 3853 et
1134 3796 1313 3854 evertatur.

155 3895 381 3963 certissimam
415 3897 608 3961 medicinam
643 3896 786 3979 graviori
814 3895 956 3961 vulneris
985 3897 1072 3979 parti
1101 3917 1169 3962 una
1197 3897 1315 3963 littera

156 4005 272 4071 addite
290 4005 433 4071 adferet:
456 4004 543 4068 Nisi
565 4004 654 4087 quis
672 4003 838 4069 credere
856 4009 1007 4087 potest,
1031 4004 1174 4068 lavisse
1192 4026 1314 4070 erum-

159 4115 369 4198 pentibus,
398 4113 493 4196 qui,
532 4134 577 4176 ne
612 4118 889 4196 erumperent,
931 4111 1141 4178 obsistere
1175 4113 1314 4179 conati

154 4230 265 4301 sunt,
299 4228 370 4286 aut
402 4242 479 4286 non
512 4220 698 4285 invidere
732 4226 795 4286 oet.
855 4218 905 4285 Ne
938 4219 1020 4285 illud
1054 4221 1189 4302 quidem
1223 4220 1315 4286 credi

158 4350 254 4414 posse
276 4329 465 4413 Torquatus
488 4328 582 4406 dicit,
611 4329 672 4394 hos
696 4327 852 4406 homines,
883 4327 971 4410 quod
993 4326 1154 4393 bonorum
1178 4334 1212 4392 ct
1234 4327 1315 4393 fide·

157 4437 239 4503 lium
272 4438 391 4503 civium
424 4436 523 4501 fuerit
556 4438 679 4518 sitque,
713 4435 844 4501 etiamsi
871 4457 936 4500 non
965 4435 1117 4514 fortium,
1151 4441 1210 4500 aut
1240 4442 1316 4501 vota

157 4542 276 4611 iecisse
298 4567 357 4629 pro
381 4545 629 4627 erumpentibus
651 4551 686 4609 et
706 4543 827 4609 favisse
849 4543 928 4609 forti
951 4543 1105 4621 consilio,
1135 4543 1229 4608 cuius
1251 4543 1316 4628 ipsi

155 4653 336 4735 participes
360 4673 433 4717 esse
456 4673 521 4717 non
544 4651 715 4732 auderent,
738 4659 797 4717 aut
812 4671 899 4716 nune
915 4650 1142 4716 incolumitate
1160 4658 1194 4717 et
1209 4651 1317 4735 gloria
