3008 4756
227 330 289 385 Lib.
308 328 405 384 xilv.
522 379 526 386 ,
769 316 831 377 688

225 501 363 568 idibus
391 501 684 568 Decembribus
718 509 778 566 cet.
827 499 941 586 Neque
964 502 1049 566 enim
1072 522 1217 568 census
1240 501 1293 569 hic
1316 503 1376 569 ab·

224 608 331 675 solute
353 609 417 675 dici
439 616 585 695 poterat,
615 630 654 675 ac
682 629 722 674 ne
745 609 858 674 addito
882 609 1013 692 quidem
1036 611 1220 693 equitum
1241 612 1374 678 nomine

223 725 312 782 recte
336 738 479 783 census
501 717 556 783 hic
574 717 811 801 appellaretur;
835 737 911 782 nam
927 718 1054 800 equites
1072 739 1221 785 seorsum
1238 739 1375 786 recen·

224 832 366 891 sentur
398 824 510 906 (XLII,
547 830 594 904 16,
631 826 671 909 l).
717 826 918 891 Recensus
952 846 1069 891 nomen
1103 826 1260 893 hactenus
1293 835 1373 894 ante

224 933 417 999 Suetonium
439 955 504 999 non
526 933 711 1016 legebatur,
733 939 770 999 ut
797 933 1050 999 recensionis
1077 941 1154 999 ante
1178 934 1372 1002 Suetonium

223 1063 289 1108 uno
313 1041 479 1108 Ciceronis
501 1039 575 1107 loco
597 1042 725 1124 legitur.

310 1148 389 1233 (lap.
415 1155 463 1230 1⁷,
487 1154 521 1214 7:
545 1149 691 1232 Itaque
714 1149 955 1232 designatos
979 1148 1143 1231 (eonsules
1162 1156 1194 1215 et
1212 1158 1375 1234 praterea

224 1281 253 1324 a.
279 1263 339 1324 168
362 1279 391 1325 a.
416 1256 507 1339 Chr.)
531 1256 734 1342 extemplo
762 1249 909 1323 sortiri
928 1257 1090 1340 placuit
1119 1260 1372 1342 provincias,

223 1374 277 1447 ut,
309 1368 395 1432 utri
416 1366 655 1432 Macedonia
677 1365 838 1431 consuli
862 1366 1008 1448 cuique
1030 1369 1198 1450 praetori
1221 1367 1372 1433 classis

225 1476 433 1540 evenisset
461 1473 522 1556 (sic
545 1472 729 1552 Creverius3
761 1474 858 1557 vulgo
881 1473 988 1555 ven),
1012 1475 1202 1554 sciretur,
1226 1476 1371 1540 utiam

224 1583 320 1648 inde
342 1584 580 1666 cogitarent
612 1588 904 1666 pararentque,
935 1603 1020 1666 quae
1054 1581 1161 1647 bello
1195 1583 1286 1647 usui
1309 1581 1372 1648 t'o'·

223 1696 324 1768 rent,
347 1697 408 1756 cet.
443 1690 605 1755 Vitiosum
628 1697 679 1755 est
700 1692 734 1754 in
756 1690 819 1755 hac
841 1691 999 1756 orationis
1018 1690 1235 1774 descriptione
1258 1690 1374 1773 (quum

224 1797 398 1863 defutura
427 1800 564 1863 scientia
598 1799 730 1880 agatur)
763 1798 1122 1882 plusquamperfectum
1155 1799 1372 1876 evenisset,

223 1907 329 1971 oratio
353 1913 464 1971 autem
487 1912 559 1971 tota
582 1908 661 1972 satis
685 1906 861 1985 dissoluta,
891 1908 1054 1971 sententia
1081 1905 1171 1970 finali
1200 1905 1307 1971 altera
1330 1906 1372 1972 ab

223 2014 331 2081 altera
351 2035 436 2080 nexa
457 2014 515 2096 (ut
536 2016 730 2095 sciretur,
754 2017 894 2080 utiam
916 2013 1032 2096 inde).
1067 2012 1192 2079 Codex:
1223 2015 1372 2079 sortiri

137 2127 209 2198 (570)
227 2122 385 2207 placuit
406 2123 748 2206 provideanteum
770 2123 863 2187 utri.
904 2122 1119 2188 Scribendum
1141 2127 1204 2186 est:
1229 2122 1372 2186 sortiri

221 2231 382 2315 placuit
404 2233 649 2314 provincias,
668 2237 717 2309 ut,
740 2251 827 2310 cum,
847 2232 930 2295 utri
949 2228 1191 2295 Macedonia
1209 2229 1372 2295 consuli

223 2340 373 2421 cuique
407 2340 572 2421 praetori
606 2339 753 2404 classis
775 2340 989 2418 evenisset,
1015 2339 1206 2416 sciretur,
1229 2338 1372 2403 utiam

222 2447 316 2513 inde
350 2447 584 2528 cogitarent
607 2455 669 2511 cet.
714 2447 805 2511 Ferri
834 2452 1000 2528 utcunque
1023 2452 1134 2529 potest
1155 2452 1198 2510 ut
1219 2444 1371 2529 pluribus

222 2557 405 2621 interiectis
438 2555 629 2636 repetitum3
662 2559 773 2636 potest
800 2560 910 2618 tamen
946 2557 1044 2646 etiam
1073 2553 1213 2618 alterum
1253 2560 1297 2619 ut
1331 2575 1373 2619 ex

223 2663 348 2729 ultimis
386 2662 506 2726 litteris
546 2660 635 2725 verbi
676 2662 854 2726 sciretur
897 2669 1005 2728 ortum
1049 2683 1134 2742 esse3
1163 2681 1255 2748 ‚narn
1292 2663 1372 2728 iam

222 2771 315 2836 inde
336 2770 477 2855 primum
509 2767 617 2833 locum
649 2775 760 2833 tenere
794 2769 913 2835 debere
946 2770 1083 2835 videtur.
1129 2769 1206 2853 [Pro
1229 2771 1373 2835 utiam

221 2879 364 2944 fortasse
383 2876 591 2942 scribendum
616 2877 753 2942 iiiam.
786 2877 893 2962 1864.]
934 2878 1160 2944 Subiiciuntur
1182 2875 1212 2960 (ἓ
1229 2877 1263 2959 8)
1285 2877 1373 2944 baec:

222 2987 388 3053 Latinas
420 3021 464 3031 —
501 2986 626 3069 primo
665 3007 822 3070 quoque
862 2994 1040 3070 tempore
1072 2985 1169 3052 fieri
1204 2987 1372 3070 placere
1436 3036 1442 3047 .

222 3115 350 3179 neque
373 3093 589 3174 consulem,
613 3095 676 3159 cni
705 3095 874 3161 eundum
897 3098 936 3161 in
952 3094 1229 3160 Macedoniam
1253 3104 1372 3173 esset,

221 3205 363 3271 teneri.
397 3202 509 3270 Codex
531 3208 699 3267 teneret.
731 3202 945 3269 Scribendum
963 3205 1063 3287 igitur
1080 3209 1138 3280 est,
1157 3202 1246 3286 quod
1270 3204 1371 3269 etiam

223 3311 479 3378 Forchhammer
501 3310 596 3375 vidit:
621 3328 664 3373 ne
685 3309 776 3387 quld
799 3311 1006 3377 consulem
1027 3347 1069 3356 —
1092 3316 1262 3376 teneret.

309 3418 386 3504 Cap.
424 3423 472 3498 18,
509 3423 541 3481 l:
581 3418 794 3502 Extemplo
832 3421 1030 3504 apparuit
1063 3418 1261 3497 omnibus,
1295 3441 1373 3485 non

223 3528 407 3610 segniter
429 3526 469 3591 id
492 3525 643 3591 bellum
664 3525 699 3591 L.
722 3527 919 3594 AEmilium
946 3536 1167 3612 gesturum,
1200 3534 1372 3610 praeter·

222 3654 341 3718 quam
363 3623 469 3717 quod
491 3632 602 3699 alius
625 3635 685 3699 rir
708 3641 809 3715 erat,
832 3638 955 3702 etiam
979 3636 1082 3719 quod
1105 3635 1191 3700 dies
1214 3642 1371 3702 noctes-

223 3763 297 3828 que
320 3742 505 3806 intentus
523 3762 568 3807 ea
591 3741 687 3821 sola,
711 3762 792 3823 quae
810 3744 858 3809 ad
880 3744 920 3809 id
938 3744 1087 3811 bellum
1104 3744 1371 3827 pertinerent,

223 3851 356 3915 animo
390 3848 588 3933 agitabat.
635 3844 706 3913 Vox
728 3849 832 3916 alius
865 3852 1070 3934 nonhabet,
1105 3875 1168 3936 quo
1198 3851 1370 3931 referatur,

223 3959 379 4040 quoniam
401 3959 549 4043 priorum
571 3957 605 4022 in
627 3955 821 4025 Macedonia
842 3960 1076 4044 imperatorum
1105 3960 1196 4025 nulle
1224 3961 1371 4046 proxime

223 4066 391 4146 precessit
412 4066 552 4147 mentio;
575 4065 693 4132 codex:
726 4066 831 4151 quod
854 4067 965 4149 aliis;
987 4074 1076 4134 recte
1099 4066 1369 4135 Forchhammer:

223 4178 496 4258 praeterquam
518 4173 627 4258 quod
644 4171 737 4237 tall·
754 4176 814 4241 vir
837 4184 928 4242 erat
944 4187 1017 4254 cet,
1040 4173 1074 4238 id
1097 4184 1157 4257 est,
1181 4197 1283 4261 aquo
1306 4200 1373 4244 non
