3008 4756
221 343 284 395 Lib.
302 342 415 396 XXXII.
769 332 829 395 482

224 514 325 596 sigius
354 513 399 577 tle
427 514 546 577 rebus
575 516 613 578 in
643 515 779 579 Gallio
806 534 1006 598 prospere
1035 512 1164 595 gestis
1198 516 1411 599 scripsit.¹)

223 622 265 684 Et
288 622 466 685 modestius
490 630 524 685 et
544 624 666 686 rectius
688 622 760 685 fist:
795 621 839 685 de
867 621 989 685 rebus
1018 623 1056 684 in
1078 620 1223 686 Gallia
1256 626 1409 707 gestis

223 748 336 808 prope
370 728 442 791 sub
471 726 574 792 idem
602 736 758 812 tempus
788 729 826 792 R.
851 748 879 791 a.
935 729 1009 793 Non
1044 726 1113 792 sere
1141 728 1259 793 minus
1294 730 1409 797 facile

223 841 466 899 commutantur
512 856 706 918 prospere
746 843 779 899 et
820 856 945 918 prope
990 856 1089 917 quom
1129 855 1322 919 propere
1367 846 1408 905 et

138 958 208 1025 (384)
227 964 363 1025 prope,
397 963 535 1025 quorum
564 949 825 1025 permutatornm
847 943 997 1025 exempla
1018 940 1328 1011 Drakenborchius
1353 946 1405 1011 ad

224 1047 371 1127 XXXIX,
402 1052 451 1126 31,
481 1054 500 1111 4
524 1048 670 1131 collegit;
704 1071 905 1133 quamquam
929 1049 1087 1132 exemplis
1109 1050 1144 1111 in
1166 1048 1231 1113 tali
1257 1072 1301 1117 re
1325 1076 1403 1119 uon

224 1155 318 1220 valde
342 1177 424 1237 opus
448 1154 545 1235 oswi

310 1262 389 1347 Cap.
413 1268 463 1341 40,
491 1268 521 1325 1:
555 1262 609 1328 De
632 1264 749 1346 Argis
772 1282 933 1345 quoqne
957 1262 1211 1345 disceptatio
1236 1264 1295 1329 ab
1319 1266 1400 1332 At-

224 1371 309 1436 talo
338 1391 432 1452 rege
461 1379 521 1434 est
542 1378 663 1445 mota,
699 1393 817 1453 quum
840 1370 983 1435 fraude
1005 1368 1207 1434 Philoclis
1237 1374 1397 1453 prodi-

224 1486 304 1541 tam
334 1477 469 1541 urbem
498 1479 534 1540 ri
563 1477 610 1540 ab
640 1499 683 1541 eo
713 1477 869 1558 (Nabide)
899 1479 1032 1542 teneri
1061 1483 1276 1559 argueret,
1315 1480 1397 1547 ille

225 1584 272 1648 alt
300 1585 403 1667 ipsis
432 1585 606 1665 Argivis,
635 1591 678 1649 ut
708 1607 747 1649 se
777 1585 1030 1663 defenderet,
1060 1584 1247 1647 accitum.
1307 1586 1395 1653 Per·

225 1710 323 1772 quam
364 1690 443 1754 dure
478 1712 517 1755 ex
552 1700 746 1771 argueret
784 1692 920 1756 auditur
954 1693 1112 1756 diceret
1145 1690 1233 1769 (cum
1271 1694 1395 1761 defen·

225 1794 347 1875 sione);
382 1818 482 1880 provo
511 1819 646 1880 prorsus
677 1799 770 1863 deest
792 1800 975 1863 subiectum
998 1798 1166 1881 participii
1189 1801 1392 1878 accitum,

225 1925 325 1987 quum
359 1906 541 1986 praesertim
575 1906 661 1970 inter
694 1927 729 1970 se
763 1908 930 1971 contraria
962 1906 1031 1970 haec
1063 1905 1178 1969 referri
1208 1904 1392 1988 deberent,

224 2012 360 2105 urbem
394 2013 593 2095 prodita-m
627 2022 660 2078 et
691 2034 730 2077 se
764 2014 950 2078 accitum.
1006 2012 1130 2096 Neque,
1165 2020 1203 2075 ut
1235 2014 1389 2097 Argivos

225 2120 430 2199 defenderet,
464 2142 498 2183 se
527 2122 666 2185 accitum
696 2121 804 2185 (licere
826 2120 929 2185 Nabis
958 2127 1089 2203 poterat
1117 2119 1292 2201 (quoniam
1314 2122 1389 2189 iam

225 2230 257 2291 in
282 2228 498 2293 Macedonum
520 2236 686 2311 potestate
710 2228 828 2307 erant),
852 2227 909 2291 secl
932 2234 969 2291 ut
991 2227 1155 2291 liberaret.
1208 2224 1276 2291 Sed
1300 2230 1388 2312 quid

227 2336 426 2417 argumentis
449 2342 539 2413 utor,
573 2356 669 2417 quum
700 2356 776 2399 vera
804 2336 970 2417 scriptura
1000 2333 1149 2398 omnibus
1172 2334 1327 2416 apicibus
1354 2338 1391 2403 in

227 2442 253 2505 B
277 2448 394 2519 exstet,
416 2462 522 2523 neque
546 2445 578 2506 in
602 2443 658 2507 illo
683 2442 798 2519 solum,
822 2442 880 2505 secl
905 2443 937 2504 in
960 2442 1128 2524 plerisque
1151 2439 1258 2517 (Pell,
1282 2441 1390 2509 Lorv.

227 2548 645 2627 tritiusllarl,lleadionis
659 2548 854 2628 ambobus)?
872 2546 925 2611 Sic
937 2550 1022 2612 enim
1035 2547 1098 2611 illi:
1117 2547 1190 2611 ille
1208 2547 1254 2612 ab
1273 2549 1391 2632 ipsis

227 2655 386 2737 Argivis
409 2675 450 2718 se
474 2653 713 2719 detonderct
736 2656 919 2727 accitum,
942 2654 1004 2719 hoc
1027 2663 1087 2733 cst,
1110 2654 1389 2737 pervagatissimo

227 2762 318 2825 vorbi
341 2783 420 2839 usu,
455 2761 647 2825 defendendi
678 2783 776 2826 causo
804 2762 937 2827 diceret.
993 2763 1067 2842 (Iis,
1101 2779 1174 2844 quse
1203 2764 1237 2825 in
1265 2761 1392 2831 lexicis

256 2982 279 3045 ¹)
299 2980 341 3033 W.
360 2982 390 3033 in
408 2980 496 3034 altere
515 2981 638 3034 editione
657 2983 811 3050 comparari
830 2982 910 3036 iubet
927 2982 1006 3034 locos
1024 2997 1139 3051 prorsus
1158 2979 1321 3035 dissimiles.

255 3066 279 3129 ¹)
299 3066 327 3119 G.
346 3069 392 3133 32,
416 3068 433 3119 6
451 3067 646 3120 abstinendum
665 3073 708 3119 cst
726 3067 904 3121 coniecturis.
950 3064 1101 3120 Gratata
1124 3080 1182 3119 non
1199 3062 1235 3117 ad
1254 3066 1385 3123 animum

296 3152 418 3219 Quinctii
442 3152 577 3221 pertinet.
605 3152 654 3204 scd
679 3151 715 3205 sd
738 3152 874 3220 speciem,
902 3168 984 3218 quom
1008 3168 1065 3219 prce
1091 3168 1120 3203 sc
1143 3148 1258 3203 ferebat
1306 3150 1385 3207 Gon·

296 3238 380 3292 cessit
397 3238 472 3290 enim
491 3238 560 3305 regi,
579 3241 610 3289 ut
627 3236 862 3303 colloquerentur,
881 3240 996 3303 gravate
1016 3242 1044 3289 et
1062 3234 1140 3301 qnasi
1158 3234 1266 3299 nolens,
1286 3250 1390 3303 quam·

297 3340 381 3391 quarn
404 3338 502 3391 reapse
525 3322 698 3389 colloquium
722 3320 790 3374 satis
812 3320 866 3388 ipsi
885 3318 921 3370 sd
939 3335 985 3385 es,
1013 3336 1075 3387 quae
1093 3318 1255 3387 cogitabat,
1282 3326 1388 3389 aptum

297 3408 451 3462 videbatur.
498 3405 541 3459 Eu
572 3407 613 3459 ris
646 3410 690 3458 cst
721 3405 921 3473 particularum
953 3421 1019 3457 nou
1047 3405 1145 3472 quin,
1176 3402 1254 3457 nullo
1282 3404 1391 3463 addito

297 3492 387 3546 altero
407 3491 541 3545 orationis
560 3491 694 3543 membro.
730 3487 758 3557 [ξ
779 3492 824 3543 15:
847 3488 945 3543 Istuc
964 3486 1109 3555 quidem,
1128 3488 1178 3541 uit
1195 3486 1389 3559 Romanus,

297 3594 357 3647 par
385 3575 539 3629 omnibus
569 3574 761 3642 pericnlum
785 3580 835 3627 cst
857 3600 904 3639 -,
935 3571 964 3625 si
992 3572 1089 3626 nulls
1116 3571 1205 3625 fides
1233 3572 1288 3626 sit.
1336 3572 1390 3631 Sto

296 3662 338 3715 W.
357 3678 391 3715 ex
417 3660 446 3713 B.
491 3658 546 3711 Sctl
572 3676 664 3726 nequo
693 3658 889 3712 coniunctirus
915 3661 1009 3709 rectus
1037 3664 1081 3709 est
1102 3663 1131 3711 et
1153 3662 1217 3711 tots
1238 3660 1389 3715 sententia

297 3744 501 3801 condicionalis
533 3760 627 3812 praru,
658 3742 814 3810 pericnlum
841 3740 966 3811 perfidiae
993 3758 1064 3807 esse,
1092 3742 1115 3794 si
1133 3740 1210 3796 nulls
1236 3738 1308 3795 fides
1335 3744 1387 3799 sit.

297 3832 429 3885 Gelenius
446 3828 566 3897 („lcgc‘·)
585 3836 622 3880 ut.
641 3826 738 3882 nulla
755 3826 773 3879 l.
792 3846 822 3891 s,
842 3826 923 3879 codd.
943 3825 1049 3895 aliquot
1066 3842 1137 3879 recc.
1155 3831 1194 3880 ut
1215 3826 1251 3879 iu
1273 3826 1388 3883 nullo.

298 3916 387 3969 Credo
414 3930 496 3982 prone
522 3912 619 3967 luisse:
651 3928 690 3963 ne
721 3912 817 3965 nulls
849 3910 938 3964 fides
966 3912 1024 3973 sit,
1058 3912 1217 3979 omissoque
1249 3928 1288 3965 ne
1316 3918 1388 3969 aute

298 4002 394 4055 nulla
412 4000 447 4053 eli
466 3998 528 4051 aliis
546 4005 591 4057 ut,
610 3996 645 4048 ab
664 3996 725 4049 eliis
745 3996 774 4048 si
793 3994 933 4049 adiectum
952 4012 1021 4050 esse.
1048 3994 1114 4064 Cap.
1133 3996 1175 4063 39,
1192 3998 1210 4048 2
1227 3996 1390 4065 repetenda

299 4085 457 4139 necessario
485 4082 651 4153 propositio
680 4092 745 4135 onte
770 4082 925 4135 Attalum
953 4080 1005 4145 (nd
1032 4080 1214 4147 Attalum),
1248 4082 1390 4149 quonism

299 4170 514 4239 distinguuntur
531 4167 659 4222 homines
678 4166 795 4220 diversis
813 4166 882 4221 locis
902 4174 1026 4235 egentes.
1064 4162 1149 4233 tete]
