3060 5272
212 351 274 406 Lib.
292 351 378 406 xm
753 341 816 401 624

212 532 362 590 senatum
385 532 435 589 est
456 525 679 603 introductus,
703 526 791 609 quod
813 525 961 590 consules
983 526 1059 590 irati
1087 546 1122 590 re
1145 526 1278 609 publica
1301 525 1361 591 eb·

213 632 380 698 stinebant
403 633 442 714 (e.
470 638 519 713 10,
545 632 607 715 15).
653 634 812 715 (1864.)¹)

298 737 376 824 (lap.
404 744 440 804 ll
466 749 547 807 extr.
571 749 605 806 et
628 762 655 805 c.
682 746 729 819 12,
757 748 769 806 l
797 742 844 822 (in
866 742 1021 807 Eumenis
1045 741 1085 807 de
1107 741 1227 807 Perseo
1255 742 1289 806 iu
1313 763 1365 808 se·

211 855 293 913 natu
316 849 464 915 Romano
488 848 650 931 oratione)
670 850 702 913 in
724 849 836 913 codiee
858 850 905 913 sic
919 849 1088 914 scribitur:
1111 849 1365 915 Adcessisse

212 956 263 1022 ed
279 958 388 1022 vires
411 978 508 1036 eam,
527 977 612 1039 quae
629 956 752 1038 longo
770 957 1357 1043 tempore—paretur(Kreyss.

212 1065 458 1150 pareretur),
483 1066 788 1131 auctoritatem
811 1087 889 1131 non
911 1073 1016 1148 aput
1039 1064 1204 1131 Graeciae
1227 1067 1364 1149 adque

211 1173 315 1239 Asiae
338 1175 540 1238 civitates
561 1208 605 1219 -
626 1152 764 1238 re'rer'i
795 1175 1059 1238 maiestatem
1089 1172 1182 1237 eius
1206 1190 1363 1249 omnes;

214 1279 388 1366 Gryneus:
411 1282 659 1347 Adcessisse
682 1281 729 1345 cd
747 1282 855 1346 vires
875 1302 967 1360 eam,
993 1316 1030 1326 —
1051 1279 1363 1346 auctoritatem.

213 1387 310 1454 Nam
335 1389 505 1473 apud-
527 1390 664 1455 vereri
686 1391 952 1454 maiestatem
976 1391 1064 1454 eius
1089 1408 1237 1454 omnes.
1283 1382 1361 1449 001·-

212 1497 341 1580 rigendi
352 1499 437 1564 viam
449 1506 482 1563 et
494 1497 597 1563 codex
608 1505 770 1562 monstret
782 1498 816 1579 (n
826 1519 844 1562 ο
853 1497 887 1578 n)
902 1504 935 1562 et
946 1499 1071 1577 orati03
1084 1503 1174 1561 recte
1188 1496 1273 1560 enim
1285 1493 1365 1557 dici-

213 1612 269 1672 tur
280 1627 398 1689 magua
409 1628 477 1671 esse
490 1607 671 1671 auctoritas
687 1607 774 1688 regis
793 1605 880 1689 apud
898 1607 1060 1682 civitates,
1084 1604 1274 1689 pravissime
1298 1623 1367 1666 om·

214 1734 272 1779 nes
295 1715 400 1798 apud
429 1715 630 1779 civitates
653 1713 725 1797 (pro
756 1735 809 1793 eo,
834 1714 920 1795 quod
944 1715 1050 1779 estin
1074 1710 1277 1792 civitatibus)
1300 1731 1367 1774 ve·

214 1823 299 1886 reri
331 1823 592 1887 maiestatem
625 1823 747 1904 regis.
793 1821 1006 1887 Scribendum
1030 1823 1141 1904 igitur,
1165 1819 1297 1903 expleta
1318 1817 1366 1881 le·

217 1951 317 1995 cuna:
350 1965 393 1976 —
426 1931 721 1995 auctoritatem
754 1951 835 1994 uon
867 1930 976 2014 apud
999 1930 1250 1994 llacedoniae
1272 1934 1365 1992 tan·

214 2044 311 2116 tum,
335 2038 405 2104 sed
429 2039 537 2121 apud
560 2037 720 2103 Graeciae
751 2047 876 2122 atque
904 2039 1005 2103 Asire
1040 2039 1247 2102 civitates.
1292 2034 1366 2099 Ve-

214 2148 301 2212 reri
322 2148 586 2212 maiestatem
609 2147 700 2210 eius
725 2168 871 2211 omnes.
918 2145 1039 2227 (1864.)

301 2252 379 2339 Cap.
407 2259 455 2334 12,
481 2253 894 2336 commemoratione)
929 2254 1006 2319 olim
1040 2252 1216 2318 edebatur:
1250 2250 1364 2315 Inter

215 2364 327 2447 ipsos
351 2383 508 2447 quoque
532 2383 647 2444 reges
670 2364 874 2446 ingentem
897 2363 1170 2440 auctoritate3
1200 2358 1363 2424 Seleuci

215 2471 350 2536 filiam
373 2470 542 2535 duxisse
566 2491 649 2534 eum
673 2478 744 2549 cet,
768 2470 824 2535 ubi
848 2477 961 2554 aperte
985 2468 1236 2535 desiderabatur
1258 2487 1363 2544 esse;

216 2572 304 2644 nunc'
324 2579 418 2643 rideo
442 2579 509 2642 edi:
544 2577 658 2642 Inter
686 2579 799 2660 ipsos
829 2598 859 2660 q.
882 2599 908 2642 r.
937 2579 1142 2659 ingentem
1176 2575 1362 2640 auctori-

215 2693 320 2765 tate,
348 2685 512 2751 Seleuci
540 2684 671 2749 filiam
695 2685 861 2749 duxisse
884 2707 971 2751 eum
994 2691 1066 2762 cet,
1090 2684 1146 2749 ubi
1168 2705 1297 2762 uereor,
1320 2702 1362 2746 ne

130 2795 201 2865 (⁶14)
219 2795 333 2860 vitiose
363 2793 526 2857 redundet
548 2814 644 2856 eum.
689 2792 883 2874 Videndum,
905 2815 946 2857 ne
969 2793 1079 2858 Livius
1102 2793 1285 2876 scripserit:
1308 2791 1362 2854 in·

215 2909 373 2986 gentem
397 2902 693 2965 auctoritatem
716 2921 817 2979 esse;
841 2902 1010 2967 Seleuci
1031 2899 1165 2966 filiam
1189 2899 1361 2964 duxisse

214 3032 303 3078 eum
327 3018 386 3076 cet.
433 3009 569 3092 [Eodem
593 3010 701 3093 capite
725 3007 741 3092 ξ
765 3014 783 3073 6
806 3010 913 3076 tribus
936 3012 1016 3076 locis
1046 3009 1151 3075 foedus
1173 3007 1361 3073 Boeotorum

214 3141 287 3185 cum
309 3119 427 3184 Perseo
450 3117 569 3182 litteris
592 3118 731 3181 incisum
755 3128 883 3184 exsta-re
912 3120 1049 3184 dicitur:
1083 3138 1158 3182 uuo
1192 3113 1359 3193 Thebis,

213 3228 349 3293 cltero
384 3226 431 3291 ad
465 3225 663 3305 siderium,
699 3228 993 3308 augustissimo
1029 3232 1066 3291 et
1089 3223 1359 3290 celeberrimo

211 3337 436 3420 intemplo,
460 3335 589 3399 tertio
612 3332 792 3418 Delphis.
825 3334 878 3399 Sic
901 3337 987 3399 enim
1011 3333 1167 3400 scribitur
1185 3334 1219 3397 in
1237 3331 1358 3398 codice.

237 3605 261 3674 ¹)
281 3605 297 3677 ἐ
316 3610 331 3661 5
350 3606 512 3661 adverbium
531 3606 679 3671 iamiam,
699 3605 774 3672 quod
791 3604 878 3659 futuri
896 3606 1031 3674 temporis
1050 3614 1078 3658 et
1090 3606 1131 3660 rei
1146 3605 1282 3674 proximse
1300 3602 1356 3671 sig·

279 3691 471 3747 nificuticnem
488 3690 573 3744 habet
592 3690 656 3756 (rid.
676 3691 711 3743 ed
729 3689 830 3756 XXVI,
849 3693 890 3756 33,
909 3691 945 3758 3),
966 3691 1000 3744 ab
1018 3691 1044 3744 h.
1060 3692 1077 3744 1.
1097 3691 1218 3744 alienum
1237 3698 1287 3755 est,
1305 3705 1357 3742 nec

279 3777 335 3832 dici
353 3779 467 3831 omnino
495 3776 632 3828 iamiam
660 3776 806 3844 primum
825 3780 930 3844 potest3
958 3792 1008 3828 nec
1034 3777 1122 3845 magis
1142 3776 1275 3830 convenit
1292 3775 1358 3827 ium

277 3863 438 3932 primum,
457 3861 533 3930 quod
550 3860 663 3915 transiri
681 3859 821 3927 significet
839 3860 875 3913 sd
893 3878 950 3915 rem
969 3878 1020 3929 per
1037 3869 1131 3930 partes
1150 3860 1356 3930 exponendam

278 3965 340 4002 nec
368 3947 459 4002 alere
487 3964 525 4000 ec
549 3946 667 3999 fovere
687 3945 843 3999 omnibus
862 3946 1026 4000 consiliis
1044 3952 1121 4000 recte
1139 3954 1282 4015 tamquam
1300 3945 1356 4014 pri·

278 4050 354 4086 mum
372 4033 413 4099 (in
430 4033 518 4101 pertis
537 4033 611 4086 locet
636 4031 806 4084 eontrarium
827 4031 943 4099 ponitur
960 4032 1013 4098 eis,
1032 4048 1095 4099 quae
1113 4048 1166 4100 per
1184 4039 1357 4100 prreteree

278 4118 477 4186 adiunguntur.
516 4116 668 4186 Scripsitne
699 4115 810 4170 Livius:
839 4124 1009 4185 tamquam
1036 4116 1184 4182 (omnium)
1211 4117 1354 4185 primum

279 4204 374 4257 clere
398 4202 469 4256 cet?
506 4199 565 4268 [Sic
589 4203 643 4255 iarn
663 4199 839 4271 Gronovius]
873 4201 929 4256 Sed
948 4199 1067 4257 sufficiat
1084 4203 1215 4255 mendum
1234 4210 1354 4256 notasse.
