3060 5272
244 341 307 396 Lib.
325 339 359 395 X.
792 328 855 391 226

245 521 312 580 tur
340 513 517 578 adderetur
546 532 631 575 nou.
688 510 753 577 Sed
781 512 887 592 simul,
916 534 1016 597 quum
1045 514 1305 598 inaequalitatem
1334 537 1406 583 mo·

246 622 363 687 dorum
379 622 413 685 iu
436 620 728 703 conspiciatur,
752 619 889 699 caedet,
913 622 1053 704 capiet
1070 642 1136 686 uon
1154 621 1324 689 ferendam
1341 646 1406 708 pu·

244 735 360 808 tarem,
377 729 520 814 primum
536 727 619 792 illud
635 727 669 791 in
687 728 969 811 conspicietur
985 731 1119 809 mutavi,
1142 731 1230 796 uude
1246 733 1405 798 coniunc-

244 839 331 904 tirus
351 844 442 903 ortus
462 842 560 915 esset,
583 857 649 899 uon
667 836 912 916 demonstrato;
935 857 975 900 ac
998 858 1038 901 ne
1056 838 1103 902 sic
1121 839 1254 920 quidem
1272 845 1403 906 rectam

245 945 442 1012 sententiam
470 949 665 1008 consecutus
694 963 779 1023 sum3
814 964 920 1025 neque
950 945 1036 1008 enim
1065 945 1263 1028 interrogari
1290 924 1402 1028 debet,

169 1124 172 1130 ,
244 1075 351 1119 noune
385 1052 532 1117 futurum
566 1050 629 1115 hoc
663 1051 707 1115 sit
740 1049 830 1131 (uon
859 1052 1172 1134 conspicietur),
1206 1053 1265 1119 sed
1292 1075 1404 1122 nonne

243 1160 334 1226 nullo
367 1159 574 1243 improbante
607 1179 713 1241 neque
747 1158 938 1242 indignante
979 1158 1045 1242 (ut:
1085 1163 1148 1225 cui
1188 1161 1402 1245 iudignum

244 1269 376 1333 videri
399 1267 560 1351 potest?
589 1273 636 1331 et:
660 1286 735 1330 nou
759 1266 1027 1331 sustinebunt
1050 1267 1205 1350 oculi?).
1235 1269 1404 1350 (Debebat

245 1377 345 1442 etiam
382 1377 488 1459 repeti
526 1376 672 1458 negatio:
715 1374 749 1438 is
790 1395 867 1439 uon
909 1375 1206 1458 conspicietur,
1246 1413 1291 1422 -
1323 1396 1400 1441 m

244 1485 448 1549 victimam
471 1479 835 1564 credet—capietl)
859 1480 955 1546 Nunc
978 1481 1109 1546 demum
1131 1484 1289 1566 intellexi,
1313 1484 1401 1552 duas

243 1599 372 1658 tantum
395 1613 467 1656 esse
489 1590 782 1671 interrogationes,
812 1588 920 1653 media
942 1588 1001 1653 illa
1024 1590 1127 1672 priori
1150 1593 1198 1657 ita
1221 1592 1401 1674 adhaerere,

244 1707 290 1779 ut,
319 1700 408 1781 quod
431 1699 574 1763 breviter
595 1697 648 1762 his
671 1696 792 1761 verbis:
827 1698 1099 1780 pontificalia
1126 1705 1251 1781 atque
1279 1721 1402 1784 augu-

243 1808 351 1872 ralia
378 1807 558 1888 iusignia
586 1805 770 1870 adiicere
799 1804 1016 1886 significatur,
1051 1806 1186 1871 uberius
1220 1808 1401 1890 declarent,

245 1916 338 1980 cuius
372 1915 420 1979 rei
454 1914 611 1978 indicium
648 1920 700 1978 est
727 1913 762 1977 iu
790 1913 863 1996 ipso
891 1913 948 1979 illo
978 1916 1277 1997 conspiciatur.
1334 1915 1403 1983 Sed

245 2024 365 2088 omissa
400 2043 479 2087 casu
512 2022 740 2087 coniunctione
775 2021 917 2086 accessit
951 2021 1035 2086 alius
1070 2044 1170 2087 error.
1227 2023 1281 2090 Sic
1312 2024 1402 2089 enirn

244 2130 453 2197 scribendum
492 2136 557 2195 est:
604 2130 667 2194 cui
711 2128 922 2209 iudignum
966 2130 1097 2195 videri
1138 2137 1292 2213 potest,
1331 2152 1402 2198 eos

243 2240 369 2319 viros,
398 2260 498 2321 quos
526 2259 595 2303 vos
624 2272 682 2316 -,
715 2235 986 2320 pontificalia
1021 2243 1060 2302 et
1094 2239 1313 2320 auguralia
1338 2239 1402 2303 iu-

244 2348 380 2432 signia
401 2347 595 2424 adiicere‚
626 2352 672 2424 ut,
697 2345 765 2427 qui
786 2379 830 2388 -
852 2365 975 2409 curru
998 2352 1145 2410 aurato
1168 2368 1238 2430 per
1259 2346 1400 2412 urbem

242 2462 383 2520 rectus
412 2455 451 2518 in
474 2452 728 2536 Capitolium
751 2452 1029 2531 adscenderit,
1059 2454 1092 2517 is
1115 2454 1401 2538 conspiciatur

244 2583 328 2627 cum
363 2562 508 2647 capide
543 2596 586 2605 -
620 2560 824 2628 victimam
864 2561 1007 2623 cadens
1042 2561 1301 2643 auguriumve
1335 2580 1400 2624 cv

242 2670 373 2751 picus?
417 2669 540 2734 Cuius
575 2668 613 2729 lu
647 2668 839 2752 imaginis
873 2668 999 2733 titulo
1029 2676 1089 2733 cet.
1145 2669 1229 2734 Nam
1256 2669 1298 2733 iu
1325 2668 1399 2734 iure

241 2776 511 2859 Wesenbergius3
534 2777 569 2841 id
592 2775 714 2841 excidit
736 2781 814 2841 aute
835 2777 1034 2858 imaginis.
1080 2776 1203 2860 (1875.)

328 2883 408 2969 Cap.
438 2889 473 2966 8,
505 2889 538 2949 3:
583 2905 655 2949 neo
690 2889 759 2950 aut
793 2891 874 2948 tum
903 2885 1098 2968 patriciis
1128 2884 1213 2950 ulla
1242 2884 1400 2950 iniuria

240 2993 352 3058 facta
375 3000 453 3074 est,
481 3014 598 3076 quum
626 2993 855 3057 duumviris
878 2992 1009 3056 sacris
1031 2992 1243 3058 faciundis
1265 2991 1398 3057 adiec-

240 3108 307 3167 tus
336 3108 398 3167 est
427 3107 598 3185 propter
627 3100 816 3184 plebeios
845 3121 1051 3179 numerus,
1082 3108 1121 3164 et
1143 3121 1247 3165 nuuc
1269 3099 1397 3165 tribu-

240 3231 315 3275 nus
345 3243 387 3254 -
415 3211 593 3293 quinque
628 3229 822 3291 augurum
850 3208 959 3288 loca,
994 3213 1193 3292 quattuor
1220 3206 1397 3292 pontifi·

242 3339 326 3383 cum
356 3318 527 3399 adiecit,
560 3319 601 3382 in
629 3337 715 3399 quae
743 3315 902 3400 plebeii
932 3317 1210 3396 nominentur,
1244 3337 1323 3382 non
1350 3319 1398 3382 ut

154 3435 225 3503 (190)
243 3448 311 3492 vos
345 3433 407 3492 oet.
462 3427 599 3492 Decium
626 3424 736 3489 Livius
769 3424 803 3488 iu
837 3425 1125 3489 commemoranda
1155 3423 1228 3507 lege
1250 3422 1397 3488 noudum

240 3535 371 3620 perlata
403 3543 436 3600 et
469 3536 502 3599 in
537 3532 669 3617 Ogulnii
702 3531 839 3596 consilio
873 3552 948 3596 cum
982 3553 1036 3613 eo,
1070 3532 1160 3616 quod
1192 3533 1227 3596 iu
1259 3530 1327 3597 alia
1359 3550 1396 3596 re

239 3643 365 3708 factum
388 3644 454 3708 iam
477 3646 573 3720 esset,
607 3639 840 3724 comparando,
864 3641 1028 3706 contrarie
1052 3641 1151 3706 etiam
1173 3640 1290 3724 positis
1311 3645 1397 3703 tum

239 3759 273 3817 et
295 3772 413 3831 nunc,
447 3749 635 3815 necessario
663 3746 795 3812 induxit
823 3749 978 3831 praesenti
1007 3747 1101 3813 verbi
1129 3754 1293 3833 tempore,
1327 3768 1395 3814 non

238 3858 387 3945 perlecto
421 3863 585 3937 utentem,
619 3856 709 3940 quod
743 3854 914 3920 declarant
948 3857 1049 3921 etiam
1081 3856 1183 3922 rerba
1208 3856 1285 3921 inde
1313 3860 1396 3939 apte

239 3966 515 4048 (nominentur
540 4000 585 4010 -
606 3964 830 4048 pellant-
852 3963 1072 4048 adiuvent).
1118 3966 1244 4047 Itaque,
1268 3964 1297 4030 si
1320 3963 1393 4046 qui-

238 4076 313 4141 dem
341 4074 440 4140 huius
469 4073 561 4139 verbi
588 4080 622 4139 et
650 4079 836 4138 ceterorum
858 4092 876 4137 e
897 4073 1007 4138 iacio
1031 4074 1289 4158 compositorum
1310 4090 1394 4155 prce·
