3060 5272
239 368 300 421 Lib.
320 366 446 420 XXXIII.
785 355 847 414 484

241 539 372 620 scripsit
414 541 500 603 enlm
528 537 655 601 Lirius:
697 539 777 618 qui,
818 559 947 619 pauca
982 538 1159 620 praefati,
1206 544 1324 602 recte
1355 573 1403 583 -

240 647 531 727 imperatorem
566 644 782 708 Romanum
816 644 966 722 secero,
1009 645 1113 727 quod
1150 679 1188 689 -
1225 665 1310 709 cum
1346 646 1403 710 iis

240 754 558 816 communicaret
581 753 692 834 pacis
716 751 913 827 consilia,
948 751 1039 815 falli
1067 752 1172 813 ciunt
1196 773 1282 815 curn
1305 759 1405 817 tot-o

239 882 296 936 re,
326 860 359 922 si
389 866 449 922 cet.
501 858 570 921 lom
596 860 704 923 omnio
727 868 820 940 apta,
849 860 915 921 iam
939 866 1028 923 recte
1052 859 1237 942 praefationi
1260 858 1404 941 reliqum

241 966 399 1030 orationis
424 966 586 1047 expositio
609 965 808 1047 adiungitur.
854 965 956 1030 Paulo
980 974 1056 1048 post
1079 966 1109 1046 (ξ
1134 971 1166 1045 9)
1189 986 1403 1030 rerumssse

239 1074 368 1154 nequit.
405 1072 494 1155 quod
528 1074 561 1136 in
596 1072 707 1137 codice
742 1073 914 1136 scribitur:
958 1071 1052 1135 Cunr
1088 1080 1244 1136 armato
1278 1072 1402 1137 hoste

241 1180 411 1243 infestis
447 1180 593 1243 animis
622 1181 810 1244 concurri
839 1180 1005 1258 debere;
1040 1179 1235 1243 ariversus
1265 1179 1402 1243 victos

241 1288 497 1350 mitissimum
538 1308 730 1369 quemque
771 1288 944 1351 animum
978 1288 1193 1350 maximum
1227 1284 1402 1366 lrabere3

239 1416 313 1458 nuru
344 1393 579 1476 [praeterquam
608 1394 696 1475 ‹pnod
725 1415 892 1476 peruerse,
930 1394 1402 1476 qnialicuiparcit,1nexi·

240 1524 339 1565 mum
363 1502 536 1564 animum
560 1502 716 1565 adversus
739 1523 814 1564 eum
837 1500 958 1565 habere
978 1500 1112 1582 dicitur]
1139 1522 1205 1565 non
1229 1500 1264 1563 id
1288 1501 1403 1583 agitur

242 1610 454 1689 qureriturro,
502 1608 632 1688 qualem
678 1610 823 1672 animum
867 1608 1023 1673 adsersus
1063 1609 1166 1672 victos
1205 1606 1402 1671 mitissimus

241 1718 381 1799 quisque
412 1715 534 1779 habeut
564 1714 611 1794 tid
640 1718 725 1779 enim
754 1717 786 1778 in
816 1718 889 1798 ipso
913 1716 1081 1780 mitissimi
1104 1715 1244 1779 hominis
1267 1714 1402 1779 nomine

241 1823 457 1898 declaratur),
493 1822 550 1885 scd
579 1820 640 1885 hoc
662 1824 770 1904 ipsum
796 1823 946 1899 docetur,
982 1823 1138 1886 adversus
1160 1823 1264 1885 victos
1288 1821 1403 1885 mitem

242 1950 313 1993 esso
337 1930 463 2007 decere,
493 1931 613 2011 quique
638 1931 690 2006 sit,
720 1952 794 1993 curn
821 1930 952 2012 probari
973 1938 1006 1993 et
1024 1929 1165 1993 laudari.
1206 1927 1323 2008 Itaque
1341 1936 1404 1992 ant

242 2037 330 2120 [oum
362 2034 535 2118 Rupertio]
567 2037 776 2100 scribendum
806 2046 870 2101 est:
906 2039 1169 2101 mitissimum
1202 2056 1402 2117 quemque

242 2146 413 2209 animuin
438 2145 648 2207 ruariorum
674 2143 827 2214 haberi,
852 2154 909 2207 aut
935 2146 1045 2226 potius
1075 2143 1244 2225 (quoniam
1271 2143 1403 2207 mitis·

243 2255 366 2317 simus
390 2252 559 2334 quisque
579 2252 731 2315 enimus
752 2273 816 2315 non
835 2251 929 2314 valde
951 2250 1068 2333 placet,
1094 2261 1130 2313 ut
1150 2252 1333 2313 animorum
1351 2250 1403 2314 di·

243 2360 398 2424 stributio
423 2360 508 2437 5³0³
535 2359 789 2422 mitissimum
809 2378 1001 2440 quemque
1020 2359 1141 2421 animi
1161 2357 1317 2421 maximi
1337 2356 1403 2421 lra-

243 2467 340 2541 beri,
370 2466 431 2529 hoc
454 2474 515 2536 cst,
539 2467 647 2545 magni
672 2467 771 2529 enimi
795 2466 1029 2529 documentum
1051 2465 1168 2529 haberi
1193 2464 1403 2529 clementiani

243 2595 321 2654 erga
350 2574 463 2637 victos.
514 2573 611 2654 llpud
641 2572 809 2654 Polybium
834 2570 1002 2652 (XXXIII,
1033 2572 1087 2652 20)
1118 2572 1279 2636 sententia
1303 2570 1405 2637 aliter

243 2680 470 2744 conformetur
500 2680 553 2759 lde
578 2682 702 2744 aninlo.
737 2700 837 2761 quum
860 2680 1018 2756 vincaris,
1053 2680 1131 2743 forti
1155 2678 1332 2753 servando,
1367 2680 1403 2743 in

243 2788 381 2851 victoria
405 2786 647 2867 nritigando).¹)

273 3012 295 3079 ¹)
315 3012 380 3081 Cep.
403 3017 447 3077 13,
474 3018 505 3067 10
529 3014 616 3069 belli
640 3013 753 3081 praeds
777 3031 903 3079 rerum,
932 3030 1004 3081 quse
1028 3021 1080 3067 cet.
1100 3014 1142 3077 (ut
1165 3013 1194 3065 in
1218 3011 1317 3065 codice
1335 3012 1404 3065 scri-

313 3099 401 3163 iritur)
430 3110 472 3153 est
500 3099 584 3151 belli
612 3099 743 3167 praeds,
772 3106 946 3166 ‹puntenus
974 3099 1021 3151 iis
1049 3098 1150 3150 rebus
1178 3097 1401 3163 continetur,

313 3200 383 3251 quse
409 3190 461 3238 eet.
483 3185 540 3245 (dic
556 3184 743 3251 Kriegsbcute
768 3202 802 3238 un
823 3184 1013 3251 bewcgliehen
1030 3182 1166 3247 Suehen),
1196 3184 1329 3250 genetivo
1349 3180 1398 3236 de·

312 3268 431 3335 finitive,
448 3267 686 3337 quemadmodum
701 3271 817 3335 praeda
835 3269 1009 3322 hominum
1024 3267 1136 3325 dicitnr,
1154 3280 1216 3333 quae
1231 3282 1265 3318 ex
1279 3266 1401 3320 homini·

313 3354 365 3406 lrus
381 3352 703 3418 e‹.›nstac(xL11‚56‚10
718 3358 746 3406 et
763 3354 861 3418 lexic).
890 3354 955 3421 Cap.
968 3356 1008 3413 14,
1025 3356 1042 3405 4
1057 3368 1172 3420 prorsus
1187 3351 1343 3405 necessaris
1356 3356 1404 3405 est

311 3437 537 3492 Drakenborchii
571 3438 747 3491 coniectura:
780 3444 907 3505 praeter
941 3439 1156 3505 quingentos
1190 3435 1403 3489 Macedonas

313 3524 510 3589 mixtosque
537 3539 576 3574 cx
604 3522 693 3575 omni
721 3539 845 3591 genere
875 3522 1094 3589 auxiliorum,
1129 3528 1206 3588 quot
1230 3521 1296 3573 iam
1321 3526 1401 3574 unte

314 3608 361 3659 ilri
394 3610 523 3660 ruerant
552 3606 624 3671 (cod.
650 3605 740 3673 quod
762 3635 795 3644 —
818 3606 953 3672 Inerat).
1000 3606 1125 3659 Primum
1154 3604 1245 3659 cliens
1273 3609 1339 3657 sunt
1366 3604 1403 3657 ab

312 3691 365 3746 huc
385 3692 568 3745 similitudino
587 3692 716 3759 exempla
734 3708 751 3745 a
768 3691 882 3744 Dukero
901 3697 1074 3759 comparata,
1093 3691 1140 3745 ubi
1160 3693 1288 3757 separata
1307 3688 1403 3756 sIans

314 3794 377 3845 pars
410 3777 577 3844 pronomine
608 3776 701 3829 nentri
732 3777 843 3843 generis
876 3775 1050 3844 significatur
1077 3775 1175 3829 addito
1203 3774 1333 3842 genetivo
1357 3773 1404 3839 (id

314 3860 405 3928 quod
434 3860 588 3914 Coesonis
617 3860 789 3914 sodalium
817 3861 899 3928 init,
927 3859 1015 3929 quod
1042 3859 1183 3913 roboris
1209 3859 1295 3925 erat)
1314 3874 1403 3925 esque

314 3944 482 4013 significatio
522 3946 698 4015 appositione
734 3946 896 4014 adiungitur
929 3945 965 3998 sd
998 3946 1107 3999 numeri
1140 3943 1257 4012 pluralis
1290 3958 1401 3996 nomen.

314 4030 435 4096 Deinde,
462 4048 532 4097 quos
556 4030 733 4100 Kreyssigius
757 4032 828 4086 citat
850 4031 942 4096 locos,
969 4047 1063 4084 eorum
1090 4031 1162 4083 alter
1181 4028 1299 4095 (XLIV,
1327 4031 1354 4093 l,
1377 4028 1403 4093 1)

316 4117 371 4168 ism
391 4134 407 4168 s
424 4115 566 4170 Gronovio
585 4124 709 4170 remotus
728 4123 778 4182 est,
802 4134 852 4170 nec
871 4115 927 4169 ulls
945 4122 1041 4183 potest
1059 4114 1214 4183 excogitari
1232 4130 1326 4179 ceusu,
1352 4128 1404 4165 cur

315 4200 402 4253 Licus
420 4216 478 4253 uno
496 4200 559 4255 loco
579 4201 619 4255 sic
638 4201 795 4269 scripserit,
818 4218 905 4268 quum
923 4199 1021 4254 liceret
1039 4199 1175 4253 utrumvis
1194 4198 1330 4261 scribere,
1354 4206 1404 4249 sut
