3060 5272
242 330 304 383 Lib.
323 328 463 383 XXXVII.
609 338 614 347 ·
796 316 857 377 536

241 509 300 565 eut
323 499 429 565 altero
448 500 530 564 Livii
553 500 625 564 loco
650 507 708 564 aut
725 500 813 582 apud
831 499 1003 582 Polybium
1020 498 1193 581 vestigium
1209 499 1283 563 est?
1301 498 1408 575 Quae·

241 628 313 671 nam
346 608 379 671 in
402 609 479 671 Asia
508 610 554 672 cis
577 608 721 671 Taurum
750 606 936 671 huiusmodi
970 605 1060 671 silvae
1088 614 1404 685 commemorantur,

240 736 312 797 qaae
325 716 505 797 separatim
518 716 604 779 iuter
616 714 801 797 provincias
820 720 989 795 tamquam
1007 712 1166 777 notabilis
1176 714 1269 794 regni
1283 732 1403 779 acces·

241 822 289 886 sio
313 822 382 885 dari
406 824 596 905 potuerint?
630 822 844 904 Perspicuum
857 841 929 884 esse
946 820 1100 899 arbitror,
1117 821 1221 886 errori
1239 819 1404 885 silvarum

151 952 163 971 ¹
240 952 357 993 nonron
382 929 509 1006 deberi3
538 927 595 993 scd
618 929 697 1010 quid
721 928 836 1005 subsit,
859 927 992 992 difficile
1016 934 1067 993 est
1089 928 1244 993 invenire.
1289 926 1402 993 Valde

238 1044 349 1101 tamen
368 1038 505 1102 inclinat
522 1038 659 1113 animus,
677 1044 714 1099 ut
730 1057 790 1118 pro
810 1035 940 1099 siluas
958 1037 1118 1118 seriptum
1135 1056 1157 1100 a
1174 1035 1264 1100 Livio
1282 1042 1403 1119 putem

240 1144 307 1223 (ot)
330 1142 478 1227 Milyas
497 1143 685 1224 (Miluas),
703 1143 886 1207 incolarum
904 1144 1034 1206 nomine
1052 1164 1112 1226 pro
1129 1144 1264 1225 regione
1275 1143 1401 1227 posito.

240 1250 322 1313 Nam
352 1250 530 1333 Milyada
563 1258 596 1315 et
619 1252 690 1333 ipse
714 1250 824 1314 livius
853 1251 884 1312 in
909 1238 995 1314 libro
1019 1249 1190 1313 XXXVIII
1217 1270 1290 1314 cum
1318 1249 1403 1315 reli·

239 1358 328 1437 quis,
353 1379 434 1437 (quas
457 1358 510 1423 hic
534 1363 712 1435 enumerat,
735 1357 924 1437 regionibus
947 1357 1064 1421 eodem
1087 1357 1159 1421 loeo
1184 1357 1274 1445 (aute
1298 1356 1402 1440 Lydi-

239 1480 305 1531 amt
326 1466 474 1528 nominat
491 1471 525 1528 et
542 1465 705 1548 Polybius.
753 1465 899 1544 Regias
924 1465 1003 1545 quid
1027 1465 1180 1543 occultet,
1199 1466 1320 1541 neseio,
1338 1463 1402 1529 sed

237 1568 341 1633 latere
360 1572 484 1651 aliquid
502 1573 637 1649 videtur,
661 1572 749 1654 quod
769 1573 934 1654 pertineat
952 1572 995 1635 ad
1014 1571 1126 1653 Mysiae
1144 1577 1273 1654 partem
1293 1571 1401 1653 signi·

239 1676 401 1740 ficarolum
441 1679 614 1761 (Mysiam
654 1680 802 1760 regiam
842 1686 887 1742 et
928 1678 1119 1762 Milyas?).
1175 1679 1279 1743 Paulo
1320 1686 1403 1763 post

154 1781 271 1864 (deq
296 1790 314 1843 3
338 1791 371 1847 et
398 1786 432 1865 4)
462 1808 526 1849 non
560 1786 668 1863 video,
703 1788 883 1866 quamde
918 1787 1061 1851 dicatur:
1097 1784 1271 1862 Cariam,
1307 1806 1396 1867 quse

240 1890 418 1975 Hydrela
440 1913 487 1975 ap
495 1893 690 1973 pellatur,
714 1896 772 1977 qui
790 1895 895 1975 possit
912 1894 1066 1965 dubitari,
1090 1894 1177 1975 quin,
1196 1913 1400 1975 quamquam

239 1998 385 2083 Hydrela
397 2000 554 2083 oppidum
573 2000 673 2064 fuisse
693 2007 831 2079 constat,
851 2023 973 2083 exque
992 2021 1071 2084 ager
1089 1999 1402 2083 Hydrelatanus

239 2107 426 2189 appellatur
466 2107 530 2189 (vel
564 2109 675 2190 potius
714 2106 1028 2189 Hydrelitanus‚
1064 2116 1078 2168 o
1111 2117 1163 2169 rev
1195 2107 1398 2190 ‘r'opqtmc‘n),

238 2221 348 2280 tauron
373 2216 498 2280 Caria
521 2215 699 2297 Hydrela
717 2216 745 2297 (ἡ
763 2215 878 2297 alprat)
902 2217 991 2297 regio
1014 2216 1163 2297 intellegi
1186 2215 1315 2293 debeat,
1338 2214 1402 2281 ud·

238 2344 324 2393 men,
350 2326 467 2405 opinor
500 2325 618 2387 sortita
641 2325 683 2388 ab
707 2346 755 2401 eo,
780 2323 867 2404 quod
897 2322 1002 2387 fluviis
1031 2324 1157 2405 irrigua
1180 2331 1277 2388 esset.
1322 2324 1399 2389 Hoc

239 2430 265 2493 si
290 2431 336 2493 ita
360 2438 418 2509 est,
441 2452 514 2515 quae
538 2432 659 2496 deiude
682 2432 907 2496 nominantur:
933 2437 972 2493 et
995 2429 1173 2495 castella
1195 2432 1399 2513 vicosque

237 2543 354 2599 trans
378 2536 619 2601 Maeandrum
643 2559 792 2601 ornnem
816 2544 855 2601 et
873 2539 1037 2620 oppida,
1061 2539 1138 2601 nisi
1156 2559 1240 2621 quae
1257 2537 1399 2604 libera

238 2652 329 2705 ante
365 2642 516 2706 bellum
550 2644 743 2719 fuissent,
787 2644 891 2709 Curius
931 2646 1033 2710 luisse
1073 2647 1233 2710 videntur.
1289 2646 1394 2727 Atqui

237 2748 334 2812 Caria
367 2756 459 2813 trans
483 2749 684 2814 Maeandrum
709 2751 845 2815 Rhodiis
880 2752 960 2816 data
988 2760 1040 2817 est
1068 2751 1098 2834 (ξ
1129 2758 1163 2832 63
1193 2754 1251 2816 cfr.
1276 2754 1392 2837 Polyb.

236 2856 337 2921 XXII.
355 2860 405 2934 27,
419 2862 454 2919 8:
477 2862 588 2927 ‘Pedion'
605 2866 795 2938 ἐχρημάτισαν,
812 2866 928 2929 διδόντες
941 2870 1043 2921 Aerior
1061 2868 1105 2921 καὶ
1122 2870 1229 2939 Kaputa
1254 2868 1287 2923 td
1307 2870 1392 2943 μέχρι

240 2965 431 3045 a1‹u‹a=opm·);
455 2987 493 3030 eo
516 2968 620 3047 magis
644 2988 775 3031 moveor
799 2968 964 3046 codicum,
989 2977 1127 3052 excepto
1150 2970 1193 3046 M,
1217 2969 1391 3051 scriptura,

236 3073 290 3153 qui
316 3072 489 3137 ‹earstella
512 3074 560 3137 ad
584 3074 826 3138 Maeandrum
849 3075 987 3155 habeut3
1022 3086 1056 3139 et
1078 3097 1136 3159 per
1158 3097 1192 3140 se
1217 3076 1390 3160 probabile

236 3188 300 3259 est,
329 3180 484 3244 llunrenis
517 3182 599 3245 fines
628 3203 647 3245 a
675 3185 898 3265 septentrione
922 3182 964 3246 ad
987 3183 1155 3247 meridiem
1178 3205 1290 3248 uersus
1311 3206 1388 3268 pro·

235 3295 342 3352 motos
376 3290 568 3354 terminatos
603 3312 673 3355 esse
708 3291 888 3365 Maeandro‚
922 3312 987 3355 nou
1028 3291 1165 3355 castella
1199 3298 1233 3356 et
1266 3291 1390 3375 oppida

234 3403 325 3458 trum
349 3394 480 3460 fluvium
505 3396 727 3478 (quousque‘l)
756 3400 786 3461 ei
810 3398 967 3462 subiecta.
1013 3397 1082 3462 Nec
1110 3398 1188 3462 huie
1216 3400 1392 3464 sententiae

235 3503 346 3567 obstat·
369 3503 450 3567 datu
472 3503 610 3568 Eumeni
638 3506 873 3570 nominatim
902 3505 1081 3569 Telmissos
1110 3505 1203 3584 urbs3
1238 3528 1278 3571 ea
1300 3508 1388 3572 cuim

233 3610 267 3673 in
296 3610 395 3693 Lycia
425 3610 465 3673 ad
501 3631 591 3674 mare
626 3618 712 3690 erat,
746 3610 840 3693 longe
873 3634 894 3675 a
922 3613 1088 3676 Maeandro
1121 3614 1389 3696 regionibusque,

233 3739 316 3801 quas
340 3719 367 3780 is
390 3717 565 3795 dividebat,
589 3725 726 3795 remota,
750 3721 911 3803 expet-ita,
935 3722 1066 3802 opinor,
1090 3721 1132 3785 ab
1160 3721 1320 3800 Eumene,
1348 3727 1389 3787 ut

234 3832 364 3907 portum
403 3826 434 3888 in
469 3825 653 3889 meridiana
685 3826 769 3889 Asiae
804 3835 898 3909 parte
937 3827 1084 3893 haberet.
1131 3827 1167 3892 ln
1201 3828 1235 3893 M
1268 3835 1388 3893 trans

233 3932 476 3996 Maeandrum
500 3953 539 3996 ex
563 3932 715 3997 inferiore
739 3933 810 3998 loco
834 3935 868 3997 in
891 3933 979 3998 hune
1001 3934 1196 3999 translatum
1221 3934 1347 4019 puto.¹)

262 4158 284 4223 ¹)
304 4160 369 4228 Cap.
388 4162 434 4224 57,
460 4160 505 4220 10,
527 4158 637 4212 mults
654 4158 850 4227 congiaris,
874 4177 936 4228 quae
954 4160 1000 4214 Μ’.
1019 4162 1126 4216 Acilius
1146 4160 1261 4215 Glabrio
1280 4160 1387 4213 habu·
