3060 5272
242 366 304 421 Lib.
323 366 408 421 XLII.
784 357 845 418 628

242 561 399 623 quoque
422 540 623 623 gentium).
658 540 721 606 Sed
744 547 911 624 praeterea,
935 543 1091 624 quoniam
1108 550 1214 608 totum
1236 541 1300 608 hoc
1321 564 1390 607 nou

240 654 408 732 tamquam
431 648 573 735 alterum
597 649 787 730 adiungitur
809 650 1011 733 principis
1034 650 1200 733 dignitati,
1223 650 1280 715 sed
1303 656 1390 715 tam·

241 777 340 839 quam
362 777 563 839 consequens
586 757 781 833 adnectitur,
806 757 1011 822 scribendum
1035 760 1165 843 opinor:
1188 759 1389 843 hospitio-

240 885 313 946 que
347 886 407 949 pro
441 864 622 948 hospitio
656 886 825 948 quoque·
872 865 1010 931 Gravius
1033 875 1100 945 est,
1130 866 1218 949 quod
1241 865 1257 949 ἕ
1281 872 1309 945 6,
1331 866 1390 931 ubi

240 975 413 1057 exponitur
446 973 556 1038 Persei
584 973 766 1037 Rammium
789 994 996 1057 corrumpere
1031 976 1180 1040 conantis
1203 976 1326 1051 oratio,
1352 977 1389 1039 in

240 1081 304 1145 his:
329 1082 444 1147 cuius
470 1082 612 1163 (veneni)
632 1083 735 1146 scire
754 1103 794 1146 se
812 1083 1155 1164 comparationem
1173 1082 1389 1167 plurimum

240 1189 516 1255 difficultatis
540 1197 580 1255 et
603 1188 779 1274 periculi
801 1189 967 1267 habere3
997 1189 1187 1273 pluribus
1211 1191 1388 1256 consciis

241 1300 480 1381 comparari,
500 1306 642 1363 eventu
661 1306 857 1381 praeterea
874 1299 1034 1363 incerto
1052 1320 1138 1364 esse
1157 1305 1228 1367 cet..
1243 1310 1276 1364 et
1287 1319 1388 1365 causa

240 1407 309 1470 sine
332 1414 410 1471 nota
434 1408 557 1488 fenim)
583 1407 712 1471 adiecta
735 1405 871 1471 offendit
894 1414 927 1472 et
958 1406 1219 1490 comparandi
1254 1406 1387 1472 verbum

240 1523 315 1597 post
338 1516 682 1598 comparationem
705 1515 907 1597 ineleganter
930 1516 962 1577 in
986 1535 1088 1579 causa
1111 1514 1307 1599 explicanda
1328 1538 1388 1600 po·

240 1624 338 1686 situm
362 1630 394 1686 et
416 1624 449 1686 in
472 1623 661 1706 multiplicis
680 1623 882 1688 difficultatis
900 1632 933 1687 et
950 1623 1088 1706 periculi
1108 1625 1388 1689 demonstratione

239 1732 334 1794 unius
367 1732 416 1796 rei
449 1731 605 1814 (plurium
640 1731 857 1811 consciorum)
891 1732 1027 1809 mentio;
1064 1753 1138 1795 uam
1167 1753 1239 1815 quae
1267 1732 1387 1797 deinde

239 1838 406 1903 adduntur
429 1839 589 1920 (eventu
613 1846 812 1922 praterea
835 1839 920 1920 cet).
945 1839 1027 1903 nihil
1047 1840 1089 1903 ad
1107 1841 1386 1923 comparationem

238 1948 403 2029 pertinent
425 1949 598 2031 potiusque
622 1948 876 2030 comparationis
905 1947 1095 2011 difficultati
1124 1970 1163 2011 ex
1187 1968 1281 2031 aequo
1303 1956 1388 2013 tam·

238 2075 336 2137 quam
348 2055 486 2119 alterum
505 2062 639 2120 eventus
656 2057 798 2121 incertus
816 2056 1013 2139 adiungitur.
1050 2054 1167 2119 Omnia
1184 2061 1264 2140 apta
1282 2066 1387 2135 erunt,

238 2165 265 2228 si
288 2185 354 2228 una
377 2185 452 2229 uoce
477 2165 608 2229 sublata
631 2166 678 2230 sio
701 2165 942 2248 scripserimus:
968 2165 1081 2227 cuius
1105 2165 1211 2228 scire
1230 2185 1270 2228 se
1289 2185 1385 2229 com-

237 2274 493 2355 parationem
517 2273 733 2356 plurimum
757 2271 1031 2337 difficultatis
1062 2279 1100 2335 et
1123 2271 1298 2354 periculi
1321 2272 1386 2337 ha·

238 2380 329 2445 bere
363 2381 551 2464 pluribus
586 2382 781 2459 consciis;
816 2386 962 2445 eventu
997 2388 1196 2462 praeterea
1226 2381 1385 2445 incerto

152 2496 224 2567 (617)
242 2509 345 2565 esse,
378 2496 421 2553 ut
454 2496 514 2553 oet.
559 2489 675 2572 Itaque
710 2496 742 2552 et
776 2489 1029 2571 comparationis
1064 2488 1211 2570 pluribus
1246 2489 1385 2553 consciis

238 2596 418 2679 periculum
451 2596 590 2660 Perseus
624 2618 658 2659 se
692 2603 892 2660 remoturum
922 2595 1066 2659 ostendit
1099 2604 1132 2659 et
1161 2601 1310 2660 eventum
1336 2598 1386 2661 in·

238 2710 377 2768 certum:
413 2704 459 2768 Se
484 2704 682 2781 daturum,
707 2703 812 2785 quod
842 2724 913 2767 nec
936 2705 974 2767 in
999 2703 1130 2768 (lando
1155 2726 1225 2769 nec
1248 2704 1385 2770 datum

237 2812 320 2876 ullo
350 2813 463 2893 siguo
495 2812 690 2896 deprendi
720 2821 868 2895 posset.
913 2812 1029 2895 Itaque
1052 2812 1257 2878 manifestam
1281 2814 1385 2877 teneri

237 2927 316 3003 puto
339 2921 626 3004 interpolationem
650 2930 756 2985 ortam
780 2943 819 2986 ex
842 2942 892 2999 eo,
916 2921 1003 3003 quod
1026 2943 1089 2986 nou
1110 2921 1385 2987 animadvertere·

236 3037 299 3107 tur,
323 3029 516 3112 pluribus
540 3031 720 3096 consciis
744 3051 816 3093 cum
840 3030 1098 3114 praecedentibus
1123 3028 1385 3112 coniungendum

237 3160 316 3203 esse.
341 3138 426 3219 (l'id.
451 3161 481 3221 p.
506 3138 593 3220 492.)

322 3244 398 3330 Cap.
425 3251 473 3315 19.
497 3252 531 3311 3:
567 3247 689 3326 Quum
717 3248 755 3310 in
785 3247 1096 3330 exspectatione
1132 3252 1301 3311 senatus
1324 3266 1384 3310 es·

236 3361 311 3433 set,
343 3391 395 3435 —,
429 3357 497 3439 qui
520 3376 654 3438 regum
678 3355 763 3435 (cod.
786 3354 964 3437 reguum)
997 3376 1124 3431 suam,
1153 3353 1291 3418 Persei
1315 3355 1384 3438 qui

236 3464 423 3528 secuturi
446 3464 671 3528 amicitiam
694 3469 845 3541 essent,
869 3468 930 3527 oet.
975 3462 1073 3527 Nullo
1097 3462 1193 3527 modo
1216 3463 1250 3527 in
1273 3462 1384 3528 huius·

235 3571 321 3636 modi
346 3572 618 3653 interrogatione,
640 3579 678 3636 ut
700 3572 748 3635 ita
778 3570 900 3648 dicam,
930 3569 1140 3635 distributiva
1161 3571 1278 3635 inverti
1302 3570 1383 3637 ordo

233 3680 267 3743 in
291 3680 419 3744 (luobus
442 3679 594 3743 membris
615 3686 734 3763 potest.
769 3678 887 3762 Itaque
910 3679 972 3743 nisi
996 3678 1094 3743 altius
1118 3678 1199 3743 latet
1221 3678 1383 3755 mendum,

234 3788 489 3870 transpositione
524 3788 613 3852 facta
650 3786 856 3851 scribendum
891 3791 955 3850 est:
997 3788 1065 3869 qui
1098 3806 1232 3868 regum
1266 3807 1384 3867 suam,

234 3896 301 3977 qui
323 3894 462 3959 Persei
486 3902 546 3959 cet.
583 3894 646 3959 Sed
669 3914 726 3958 cur
749 3894 789 3959 dc
812 3893 891 3959 solis
914 3895 1045 3977 regibus
1064 3895 1265 3977 exspectatio
1288 3896 1383 3959 erat?

232 4002 336 4069 Paulo
359 4010 435 4088 post
459 4002 490 4086 (ἓ
514 4002 545 4084 5)
569 4005 602 4067 iu
617 4002 736 4067 codice
759 4003 929 4067 scribitur:
964 4010 1006 4067 ut
1035 4024 1120 4067 eum
1143 4037 1186 4045 —
1209 4001 1382 4086 publicae

234 4112 356 4176 etiam
379 4133 482 4176 curae
506 4133 550 4177 ao
573 4110 683 4176 velut
709 4111 841 4176 tutele
871 4110 1024 4176 vellent
1056 4130 1145 4175 esse
1179 4118 1218 4175 et
1251 4132 1383 4194 regem

235 4219 449 4304 utlagatio
477 4226 595 4304 grata
624 4220 787 4283 senatui
815 4218 901 4285 fuit.
947 4218 1041 4295 Quod
1064 4218 1187 4284 editur:
1222 4218 1383 4285 vellent
