3060 5272
237 390 298 443 Lib.
317 390 441 443 XXXIX.
784 380 844 439 558

240 560 312 640 sis):
335 559 520 643 fassique
545 560 591 624 de
615 581 654 623 se
677 559 828 624 nullam
850 580 998 623 moram
1016 559 1172 623 iudicio
1192 556 1399 623 fecerunt.

238 667 371 731 Rectius
394 669 523 732 codices
543 668 656 741 (etiam
673 668 720 748 ll)
744 667 909 744 indicio,
932 666 994 729 hoc
1011 673 1070 737 est,
1094 687 1160 749 quo
1177 667 1285 731 minus
1306 674 1399 733 cete·

238 795 293 837 ros
317 797 447 858 quoque
470 775 661 839 indica-rent.
708 774 757 838 De
780 774 902 837 iudicio
925 774 1068 838 nondum
1092 773 1254 855 agebatur
1276 794 1342 839 nec
1366 776 1401 839 ei

239 902 364 945 moram
387 882 497 946 fucere
520 889 640 963 potest.
665 883 720 962 qui
744 882 776 945 iu
800 881 937 944 vinculis
960 882 1055 961 est.¹)

154 988 225 1056 (454)
330 988 407 1072 Gap.
432 994 482 1063 25,
507 994 524 1052 3
549 998 582 1053 et
603 997 623 1052 4
647 989 718 1069 (ubi
749 990 859 1071 agitur
882 989 921 1051 de
950 988 1056 1052 tribus
1089 987 1207 1069 legatis
1235 986 1405 1055 Romanis

271 1242 294 1309 ¹)
313 1242 396 1295 Plaru
414 1249 479 1296 sunt
498 1243 526 1297 in
545 1244 597 1297 hae
616 1243 770 1306 vicinitate,
798 1241 945 1310 inquibus
972 1241 1066 1296 mendi
1093 1239 1199 1295 indicia
1222 1240 1292 1293 satis
1316 1246 1403 1295 certa

311 1330 375 1392 sint,
397 1329 555 1382 emendatio
576 1329 692 1389 incerta,
711 1344 773 1394 quse
792 1326 890 1395 perfici
909 1326 1029 1379 sortasse
1047 1330 1156 1394 posset,
1176 1326 1199 1379 si
1216 1326 1294 1394 ipsos
1314 1326 1395 1379 codi-

312 1413 351 1465 cis
369 1413 398 1465 Μ
417 1414 511 1481 apices
538 1413 631 1465 murari
660 1414 763 1464 liceret.
801 1411 864 1477 can
887 1414 927 1473 13,
951 1416 967 1463 4
994 1429 1050 1463 uon
1078 1414 1174 1478 potest
1200 1426 1298 1463 verum
1326 1426 1401 1477 esse,

312 1498 386 1564 (ruod
406 1497 470 1550 inde
490 1516 505 1550 a
523 1496 640 1550 Gelenio
660 1516 694 1550 ex
712 1496 808 1563 ld·(et‚
828 1497 937 1565 opinor,
957 1494 1091 1563 Spirensi)
1111 1495 1216 1549 editur:
1235 1496 1403 1549 incusata

312 1581 466 1649 perfidia
480 1582 627 1647 AEborii,
647 1582 703 1649 qui
722 1582 845 1649 optimi
865 1582 898 1633 in
919 1596 955 1632 eo
973 1581 1049 1648 ipso
1068 1579 1185 1632 meriti
1203 1579 1307 1635 talem
1327 1596 1402 1649 gre·

313 1667 395 1718 tiam
414 1666 604 1719 retulisset.
642 1666 713 1719 Nam
732 1670 763 1717 ut
781 1664 947 1721 concedam,
966 1665 1068 1719 Latine
1087 1664 1143 1717 dici
1162 1664 1313 1733 gretiam
1331 1682 1398 1720 me·

314 1750 375 1801 riti
403 1749 550 1817 referre,
569 1768 650 1803 nemo
674 1751 796 1803 bouum
823 1755 870 1803 aut
895 1751 1058 1817 optimum
1076 1750 1206 1803 meritum
1224 1766 1276 1818 pro
1294 1766 1401 1817 magno

313 1835 507 1901 praeclaroque
527 1836 604 1889 uixit.
641 1834 736 1903 Neque
756 1841 848 1888 tamen
869 1834 1036 1903 simpliciter
1060 1832 1267 1888 restituendum
1285 1833 1402 1889 videtur

315 1920 523 1987 evulgaribus:
553 1921 684 1987 optime
711 1922 745 1971 in
769 1937 805 1971 eo
832 1920 909 1987 ipso
928 1920 1074 1984 meritoe;
1093 1936 1158 1973 nam
1182 1934 1220 1971 eo
1238 1920 1324 1987 ipso,
1344 1934 1402 1987 quo

315 2003 460 2067 referatur,
478 2022 536 2056 non
554 2004 647 2057 habet.
684 2004 816 2057 Proxime
835 2004 868 2057 ad
889 2005 1093 2058 correctionem
1118 2004 1146 2056 in
1165 2004 1207 2057 ed.
1227 2004 1404 2059 Ascensiaue

316 2088 471 2140 adhibitam
495 2090 673 2142 scribendum
697 2088 808 2141 videtur
841 2090 969 2158 optime
996 2088 1035 2141 de
1066 2089 1143 2157 ipso
1170 2088 1305 2142 meritae.
1344 2088 1402 2143 Sed

316 2172 409 2225 mendi
438 2174 517 2241 origo
551 2174 668 2226 obscuro
699 2180 749 2227 est.
787 2172 853 2241 Cap.
876 2176 951 2237 1-1‚4
982 2173 1113 2239 (Patres
1140 2188 1248 2241 pavor
1274 2172 1402 2239 ingens

317 2257 415 2325 cepit.
435 2276 533 2324 quum
561 2259 701 2326 publico
730 2259 872 2311 nomine
905 2286 946 2324 —‚
973 2264 1039 2310 tom
1067 2257 1230 2326 privatim
1266 2273 1404 2311 suorum

318 2343 420 2408 quisq
429 2362 465 2394 oe
485 2343 603 2407 viceor)
629 2350 705 2395 recte.
724 2342 880 2395 Gronovius
904 2348 933 2395 et
950 2343 1093 2395 Creverius
1118 2347 1224 2410 negant
1241 2341 1354 2394 Livium
1373 2342 1405 2395 in

317 2426 366 2477 toli
386 2429 533 2479 verborum
553 2428 701 2495 complexu
724 2428 853 2479 aberrare
876 2428 1015 2495 potuisse,
1042 2434 1074 2480 ut
1097 2428 1245 2495 quisque
1263 2425 1405 2481 scriberet

319 2528 369 2578 pro
394 2529 568 2578 qrremque.
606 2511 660 2563 Sed
690 2530 856 2579 (laremque
885 2513 930 2564 vix
949 2513 977 2565 iu
996 2513 1140 2580 quisque
1159 2511 1279 2565 transire
1298 2511 1403 2578 potuit.

320 2594 434 2647 Fuitne:
462 2613 595 2648 suorum
621 2597 788 2662 cuiusque
808 2598 914 2649 vicem
934 2596 1040 2663 (eorum
1059 2597 1164 2661 vicem,
1183 2594 1230 2663 qui
1249 2595 1292 2648 sui
1311 2594 1405 2648 cuius·

319 2696 372 2745 que
396 2680 507 2743 «randi
536 2678 592 2746 [Sic
615 2679 802 2748 Doeringiusl
821 2680 885 2749 Cap.
909 2684 948 2741 19,
966 2685 991 2741 4,
1010 2681 1057 2732 obi
1076 2682 1110 2733 de
1129 2678 1310 2749 praemiis'ob
1328 2678 1401 2731 Bac·

320 2763 448 2815 (rhinoclia
465 2764 589 2817 indicata
607 2766 726 2819 decretis
745 2767 852 2833 agitur,
877 2784 930 2833 pro
950 2782 995 2831 eo,
1014 2766 1088 2833 quod
1109 2784 1123 2817 e
1143 2763 1304 2833 vulgaribus
1321 2762 1403 2815 codi-

321 2847 399 2899 cibus
427 2848 529 2901 editur:
559 2867 643 2902 neve
662 2850 805 2915 (AEbotio)
837 2868 961 2903 censor
994 2867 1112 2917 equum
1136 2849 1320 2917 poblicum
1348 2847 1404 2900 ad·

323 2932 492 2998 signaret,
518 2935 544 2987 io
563 2936 593 2987 M
612 2944 664 2988 est:
693 2954 778 2990 neve
806 2952 928 2988 censor
954 2935 1113 2987 Licinius
1137 2951 1261 3002 ceruum
1286 2932 1407 3001 publi-

321 3035 392 3069 cum
412 3020 620 3085 assignaret.
650 3023 706 3075 Sub
725 3022 838 3074 nominc
863 3037 977 3089 prorsus
996 3019 1132 3083 absurdo,
1157 3018 1233 3085 quod
1252 3018 1281 3069 in
1300 3015 1400 3085 vulgu-

320 3102 396 3154 ribus
415 3103 496 3156 codd.
510 3107 642 3159 omissum
661 3112 712 3172 cst,
732 3124 815 3173 quum
836 3122 892 3158 non
912 3104 1130 3171 intellegeretur,
1152 3103 1222 3155 11111
1236 3107 1332 3154 tamen
1351 3100 1403 3153 eli·

321 3187 402 3253 quid;
421 3196 449 3240 et
464 3189 615 3243 desiderari
632 3192 758 3263 dativum
775 3191 853 3242 multi
874 3196 1034 3253 senserunt3
1054 3189 1081 3241 in
1099 3188 1203 3240 litteris
1220 3186 1245 3239 li
1266 3186 1339 3237 inest
1361 3184 1408 3251 ei,

322 3272 369 3323 sed
380 3274 446 3339 quid
458 3276 556 3328 ceteris
572 3276 613 3341 (ci
623 3276 678 3329 niu
686 3276 711 3340 s)
720 3274 778 3335 fiac,
794 3274 907 3327 difficile
926 3275 1042 3327 inventu
1056 3279 1104 3325 est.
1127 3270 1292 3340 [Sententiae
1306 3274 1406 3338 aptum

324 3364 409 3409 osset:
439 3377 526 3411 neve
553 3376 674 3413 censor
701 3361 728 3411 ei
748 3360 858 3412 invito
878 3376 999 3425 equum
1029 3357 1207 3426 publicum
1234 3353 1405 3421 arlsigna·

321 3451 383 3495 ret.
420 3444 490 3497 Num
518 3445 547 3497 in
574 3445 627 3497 hoc
659 3461 770 3511 quoque
802 3444 926 3497 membro
960 3441 1155 3509 excipiendum
1189 3444 1263 3501 erat,
1295 3440 1408 3494 volenti

322 3528 439 3581 AEbutio
455 3546 554 3596 equom
575 3528 718 3595 adsignari
738 3546 827 3595 posse,
846 3545 881 3581 nc
900 3546 955 3580 non
975 3532 1031 3579 tam
1051 3527 1162 3580 vacatio
1178 3526 1244 3578 (1111
1258 3540 1340 3592 quum
1360 3540 1407 3577 ex·

323 3614 418 3666 clausus
437 3614 497 3681 ipsc
516 3613 665 3666 videretur.
703 3610 757 3664 Sed
776 3613 881 3666 litterae
902 3612 983 3678 longe
1002 3613 1110 3665 absunt.
1142 3607 1227 3677 istu]
1261 3606 1333 3676 [lbd.
1353 3606 1407 3675 §6

323 3700 383 3750 iore
401 3698 548 3765 Ussingios
568 3698 696 3765 quique
715 3716 766 3766 pro
785 3698 886 3764 quive
906 3696 990 3750 scribi
1009 3696 1106 3748 voluit.
1134 3694 1206 3747 Nam
1225 3692 1318 3760 etqui
1337 3697 1406 3747 tuuc

323 3790 417 3835 essent
437 3787 466 3835 et
484 3783 532 3850 qoi
550 3788 649 3850 postca
667 3782 753 3834 buturi
771 3788 879 3847 essent,
903 3786 1014 3834 senatus
1039 3797 1099 3833 eam
1123 3796 1180 3831 rem
1201 3794 1297 3832 corace
1315 3778 1407 3831 iussit.

323 3866 387 3935 Cap.
407 3869 449 3931 20,
467 3870 484 3919 2
502 3866 659 3920 necessario
682 3882 733 3933 pro
756 3867 951 3919 habuerunt
973 3864 1177 3918 restituendum
1196 3864 1407 3929 habuerant,

325 3956 396 4003 ote.
416 3954 457 4011 31,
487 3954 517 4004 18
541 3956 729 4004 tenuerant
752 3969 802 4018 pro
828 3958 1024 4006 tenuerunt.
1060 3950 1152 4002 Etiam
1177 3967 1200 4003 c.
1219 3950 1296 4012 23,9
1320 3964 1408 4015 prave

325 4042 451 4105 tempora
474 4036 694 4104 ooniangontor3
720 4036 779 4089 sine
804 4035 888 4089 dubio
912 4041 965 4089 cst
987 4040 1052 4103 post
1075 4034 1231 4088 deditum
1250 4030 1407 4085 tollendum

325 4126 374 4173 est..
411 4120 559 4175 Transitus
587 4137 602 4173 1
629 4120 744 4173 iussus
771 4127 844 4174 erat
875 4120 911 4173 ad
935 4118 1088 4173 deditum
1115 4124 1166 4172 est
1190 4117 1259 4171 ferri
1283 4123 1407 4185 poterat,

324 4206 376 4257 nisi
396 4211 556 4273 sequeretur
573 4205 710 4258 tulerat.
752 4204 838 4273 1865]
