3060 5272
245 355 309 412 Lib.
328 357 400 412 XLI.
790 347 852 408 616

247 552 347 609 mus,
372 530 671 610 consultantes,
706 537 777 611 cst,
799 532 862 596 nisi
896 531 986 616 quod
1013 531 1174 597 violenter
1205 531 1338 598 inisse
1360 533 1401 598 in

193 669 198 678 ·
247 637 396 703 fuimus
429 644 584 704 mutatur.
629 638 753 704 Eadem
785 640 905 705 lacuna
937 645 971 704 et
1011 639 1190 723 superioris
1224 641 1399 707 sententiar

246 745 344 811 finem
367 754 400 811 et
422 746 520 812 huius
542 747 672 812 initium
695 747 818 827 bausit3
841 746 910 812 haec
934 749 1020 813 enim
1037 748 1196 815 orationis
1218 747 1324 814 forma
1345 749 1400 814 fu-

247 861 335 922 erat:
358 861 401 919 ut
423 854 606 938 Philippi
628 855 813 935 iniurias,
836 855 869 920 si
892 877 975 938 quae
997 855 1105 921 forte
1128 855 1305 935 fuerunt,
1329 856 1399 922 ob·

247 970 423 1028 scurent.
468 962 726 1042 Meministis,
750 984 868 1045 quum
890 964 1040 1028 classis
1063 965 1100 1029 R.
1125 962 1156 1028 Ο.
1184 969 1330 1043 staret,
1352 998 1401 1011 —

245 1071 423 1136 triduum
456 1093 526 1137 nos
553 1073 592 1136 in
621 1070 799 1137 concilio
828 1069 971 1150 fuisse,
1000 1080 1061 1137 cet.
1108 1071 1262 1154 Sequitur
1285 1069 1315 1155 (§
1341 1071 1397 1154 14)

246 1201 338 1245 error
358 1201 394 1245 re
417 1201 549 1263 parvus,
564 1179 615 1244 'ad
638 1181 807 1245 sententiae
831 1180 1062 1244 detrimentum
1084 1201 1148 1245 non
1180 1201 1314 1264 parvus3
1348 1181 1398 1247 sic

246 1289 333 1355 enim
357 1288 526 1353 scribitur:
560 1287 640 1353 fuit
673 1294 785 1353 certe
818 1295 950 1353 tamen
973 1288 1149 1372 aliquid,
1184 1288 1289 1371 qnod
1316 1295 1401 1354 tam

245 1395 403 1479 longam
442 1394 782 1462 deliberationem
820 1395 976 1461 faceret
1016 1397 1100 1469 (cod.
1135 1395 1319 1477 iecerat),
1352 1396 1398 1462 id

247 1504 350 1589 quod
384 1512 473 1569 erat
506 1511 670 1569 vetusta
692 1504 778 1586 (cod.
801 1505 1025 1586 vetustate)
1050 1504 1289 1570 coniunctio
1312 1525 1398 1589 cum

245 1611 550 1692 Macedonibus,
585 1618 724 1678 vetera
759 1619 797 1678 et
819 1632 961 1695 magna
988 1613 1028 1676 in
1056 1633 1128 1677 nos
1151 1634 1286 1695 regum
1310 1612 1395 1694 (cod.

246 1720 394 1801 rernm)
434 1722 590 1786 merita.
646 1720 843 1786 Pravissime
883 1741 958 1785 cum
996 1719 1125 1785 infinita
1163 1720 1397 1787 adfirmatione

246 1827 433 1911 (aliquid)
466 1851 526 1913 per
559 1829 598 1894 id
632 1828 736 1911 quod
770 1828 892 1912 (ipsum
919 1829 1035 1893 vitiose
1058 1830 1218 1911 positum,
1242 1831 1397 1912 quoniam

246 1959 311 2002 non
334 1938 375 2002 ad
398 1937 613 2021 praedicatum
636 1944 780 2003 totumve
799 1937 995 2002 sententiam
1012 1936 1166 2017 refertur)
1185 1938 1400 2022 coniungitur

249 2051 346 2110 certae
369 2047 418 2111 rei
441 2045 677 2112 demonstratio
710 2045 901 2129 (aliquid,
929 2045 962 2108 id
986 2044 1115 2128 quod).
1161 2045 1299 2111 Rectam
1321 2068 1397 2113 ora·

244 2154 344 2220 tionis
366 2153 504 2219 sormam
528 2153 649 2220 efficiet
671 2176 736 2220 una
757 2155 870 2221 littera
899 2161 931 2218 et
960 2152 1058 2218 simul
1079 2154 1300 2237 interpunctio
1324 2177 1396 2220 mu-

243 2268 329 2328 tata:
362 2262 441 2327 fuit
463 2284 490 2328 c.
513 2271 536 2328 t.
560 2264 733 2346 aliquid,
767 2263 872 2346 quod
902 2268 980 2326 tam
1002 2262 1163 2344 longam
1187 2261 1394 2327 delibera·

242 2371 392 2436 tionem
414 2370 582 2462 faceret.
627 2372 671 2436 Id
693 2372 790 2457 quid
813 2371 924 2436 erat?
959 2370 1133 2435 Vetusta
1152 2370 1396 2437 coniunctio

242 2498 269 2543 c.
293 2477 390 2543 Mac.
414 2479 512 2560 cet.¹)

154 2597 225 2667 (507)
329 2583 407 2669 Cap.
430 2590 480 2666 26,
506 2592 524 2651 3
548 2593 580 2652 ct
603 2592 622 2651 4
645 2586 699 2668 (de
721 2588 877 2652 Romanis
895 2584 1076 2651 Celtiberos
1096 2593 1206 2651 castra
1222 2607 1394 2670 aggressos

240 2695 410 2777 eruptione
449 2693 539 2759 facta
577 2693 841 2777 repellentibus):
887 2692 1092 2776 Urgentes
1132 2693 1279 2760 deinde
1319 2695 1395 2761 alii

246 2801 330 2883 (cod.
355 2801 449 2883 alia)
472 2801 575 2866 alios
600 2803 734 2867 secuti
758 2809 977 2866 evaserunt
1000 2799 1085 2882 (cod.
1115 2809 1395 2868 secuteevase·

241 2910 347 2990 runt)
371 2916 488 2974 extra
509 2909 673 2990 vallum,
702 2919 744 2976 ut
766 2911 943 2995 pandere
973 2911 1100 2974 aciem
1122 2916 1160 2974 et
1183 2912 1395 2994 exaequari

242 3018 433 3084 cornibus
457 3018 541 3100 (cod.
566 3021 762 3104 exequari
786 2993 1008 3100 cirenibus)
1029 3018 1225 3098 hostibus,
1248 3020 1396 3103 quibus

265 3274 291 3341 ¹)
310 3272 326 3344 5
344 3276 361 3328 6
378 3275 558 3346 Kreyssigius
585 3293 679 3330 veram
706 3276 875 3345 scripturum
896 3274 1020 3328 restituit
1049 3272 1104 3341 (Ac
1123 3274 1250 3328 scimus
1268 3272 1393 3329 Perses

308 3377 422 3430 regno
441 3370 589 3432 accepto
607 3379 725 3431 regem
747 3378 764 3414 a
781 3379 808 3431 p.
827 3360 863 3414 R.
883 3359 1116 3429 appellatum
1146 3359 1314 3427 audimus,
1340 3360 1390 3414 ls-

308 3454 406 3519 gatos
432 3448 606 3503 Romanos
633 3449 772 3502 venisse
799 3445 841 3500 ad
866 3461 983 3514 regem
1011 3451 1051 3510 et,
1072 3462 1131 3500 eos
1159 3446 1313 3514 benigne
1332 3462 1389 3499 sx-

308 3534 447 3605 csptos),
476 3539 604 3588 correcto
630 3532 737 3587 librarii
764 3548 867 3599 errore,
887 3531 935 3599 qui
952 3531 1038 3584 verbe
1055 3532 1191 3599 legatos
1219 3530 1391 3585 Romanos

309 3621 446 3675 venisse
472 3618 511 3672 sd
538 3635 652 3688 regem
678 3618 720 3671 bis
748 3616 875 3685 scripsit,
902 3615 1024 3684 primum
1042 3616 1133 3670 alieno
1153 3616 1217 3672 loco
1240 3616 1318 3685 (post
1336 3634 1387 3671 ac·

309 3705 426 3775 cepto),
453 3704 553 3758 deiude
586 3722 644 3759 suo.
681 3703 733 3772 Qui
756 3702 811 3755 alia
833 3706 994 3767 tentarunt,
1015 3719 1105 3769 neque
1128 3703 1229 3756 erroris
1252 3703 1390 3771 originem

308 3792 439 3845 viderunt
456 3806 545 3857 neque
564 3790 699 3843 orationis
717 3789 791 3842 inter
817 3786 872 3840 duo
891 3787 976 3840 verba
1003 3786 1141 3855 (scimus
1167 3794 1196 3841 et
1220 3787 1391 3854 eudimus)

309 3877 468 3931 distributae
487 3874 686 3943 aequalitatem.
723 3872 801 3927 Idem
819 3870 835 3942 §
853 3875 870 3927 8
888 3878 965 3927 recte
992 3873 1134 3943 subegit
1158 3890 1210 3944 pro
1237 3873 1390 3928 subiecit

309 3962 429 4032 scripsit,
455 3965 598 4029 postremo
625 3958 642 4029 ᾗ
663 3963 702 4026 18,
719 3962 878 4029 permutato
904 3957 1021 4012 duarum
1045 3976 1145 4012 vocum
1169 3959 1234 4012 sede
1253 3958 1319 4025 (rid.
1341 3976 1388 4013 su·

308 4065 359 4117 pra
376 4065 403 4115 p.
424 4045 498 4114 49l):
518 4047 655 4101 etiamsi
677 4062 744 4100 non
767 4043 949 4098 finiuntur
975 4043 1065 4110 odia,
1089 4045 1385 4099 intermittuntur.

308 4132 534 4186 Weissubornius
561 4132 689 4185 omnibus
716 4130 759 4183 his
786 4130 855 4184 locis
881 4147 939 4184 nou
965 4135 1041 4184 recte
1066 4127 1261 4198 Kreyssigium
1288 4128 1387 4183 ducem

308 4218 436 4273 deseruit.
