3060 5272
705 779 768 841 233
1199 790 1262 846 Lib.
1279 790 1314 845 X.

156 986 223 1048 quo
245 962 330 1030 nihil
351 972 403 1031 est
424 964 573 1042 inanius,
607 969 745 1047 agunt3
785 983 851 1046 quo
873 962 1030 1029 tandem?
1064 962 1149 1028 Tum
1171 962 1314 1047 abrupte

157 1072 309 1138 additur:
344 1071 563 1156 expellunt
591 1078 653 1136 cet.
709 1068 828 1135 Omnia
849 1077 943 1136 recta
965 1078 1078 1152 erunt,
1108 1072 1153 1151 si,
1182 1071 1314 1137 sublato

124 1165 215 1247 'illo
260 1186 401 1265 agunt,
440 1179 687 1263 scripserimus:
732 1177 933 1262 impulsos
977 1179 1100 1245 semel
1145 1186 1314 1245 terrore

158 1290 313 1370 eodem,
352 1310 430 1374 quo
471 1291 712 1371 coeperant,
752 1284 967 1370 expellunt
1006 1293 1123 1351 extra
1155 1293 1316 1370 portam

157 1396 400 1481 vallumque.
456 1394 527 1460 Iam
560 1401 714 1478 apparet,
748 1393 881 1458 minime
909 1393 1081 1459 abundare
1107 1393 1210 1459 rerba
1236 1415 1314 1478 quo

158 1512 399 1589 ooeperant,
435 1503 611 1569 coniuncta
644 1522 719 1566 cum
751 1501 826 1566 finis
860 1508 895 1566 et
928 1503 1035 1567 exitus
1064 1499 1314 1583 significatione.

156 1611 404 1697 (Coeperant
443 1632 504 1696 pro
539 1615 766 1693 coeperunt
797 1616 888 1675 recte
923 1611 958 1673 in
992 1609 1131 1690 Gaertn.,
1165 1609 1314 1689 Harena,

156 1721 231 1787 aliis
254 1720 487 1786 emendatione
510 1719 685 1801 scriptum
709 1716 767 1781 cfr.
790 1737 935 1801 prooem.
959 1740 991 1801 p.
1016 1716 1116 1799 38.)¹)

242 1825 642 1914 cap.34,1etaoditur:
664 1823 899 1890 Postumius
916 1823 1141 1891 Milioniam
1158 1845 1315 1908 oppug-

158 1957 257 2002 nare
287 1935 462 2002 adortus
490 1934 527 1998 vi
554 1933 682 2017 primo
709 1938 833 2014 atque
855 1933 1023 2016 impetu,
1059 1932 1171 2012 dein,
1200 1939 1315 2016 post-

158 2065 275 2127 quam
303 2065 348 2109 ea
376 2062 518 2128 parum
544 2039 840 2125 procedebant,
871 2059 991 2123 opere
1019 2060 1064 2104 ae
1091 2040 1224 2105 vineis
1247 2039 1314 2104 de·

156 2174 258 2217 mum
293 2151 494 2216 iniunctis
522 2169 634 2213 muro
664 2148 784 2231 cepit.
840 2147 878 2212 in
906 2147 958 2212 his
984 2149 1174 2213 necessario
1202 2169 1315 2214 omnes

156 2259 293 2326 ablativi
315 2265 376 2324 aut
397 2257 440 2322 ad
462 2257 675 2340 participium
697 2255 867 2322 adortus
890 2257 1065 2339 pertinent,
1094 2256 1184 2341 quod
1206 2276 1315 2338 neque

157 2367 279 2433 addita
312 2387 408 2433 voces
442 2365 595 2429 demum
629 2364 831 2428 iniunctis
865 2385 977 2429 muro
1006 2365 1180 2447 patiuntur
1206 2383 1314 2448 neque

156 2474 293 2540 verbnm
322 2475 449 2557 cepit,
484 2472 574 2556 quod
604 2471 651 2537 sio
673 2470 759 2535 nude
782 2470 861 2535 addi
883 2473 1013 2554 nequit,
1048 2478 1107 2536 eut
1129 2471 1172 2535 ad
1194 2472 1313 2556 oepit,

156 2581 245 2668 quod
268 2581 433 2647 sententia
454 2579 631 2644 manifesto
653 2580 791 2662 respuit.
837 2578 962 2644 Omitto
991 2578 1251 2662 inequalitatem
1279 2580 1314 2644 in

158 2709 280 2774 opere
328 2695 362 2754 et
407 2688 540 2752 vineis
584 2686 737 2751 demum
781 2687 985 2751 iniunctis
1029 2708 1151 2751 muro.
1211 2687 1316 2751 Recta

160 2797 271 2862 omnia
299 2795 380 2861 fient
403 2794 534 2859 sublato
556 2814 617 2873 ac,
646 2794 736 2877 quod
759 2793 933 2878 Siesbyeus
956 2796 1070 2860 suasit.
1122 2793 1316 2877 Significatu

160 2903 374 2989 oppugnandi
413 2903 543 2967 ratione
577 2900 712 2967 additur
746 2901 945 2987 significatio
978 2903 1027 2966 rei
1060 2922 1146 2986 tegre
1180 2901 1313 2968 effecta.

159 3011 214 3078 Sic
241 3011 373 3077 demum
401 3018 490 3075 recte
518 3031 642 3094 opere
672 3010 713 3075 de
740 3031 860 3094 genere
889 3010 1026 3091 dicitur;
1060 3010 1206 3092 alioquin
1234 3011 1315 3075 scri-

158 3118 294 3184 beretur
316 3117 512 3201 operibus
535 3119 745 3184 scrineis.
789 3116 914 3201 (1875.)

244 3224 322 3308 Cap.
342 3229 392 3304 36,
416 3228 450 3288 7:
474 3222 615 3306 (Consul
637 3225 680 3289 M.
691 3225 827 3307 Atilius)
851 3226 1021 3292 obstitit
1042 3226 1210 3310 profuse
1232 3233 1314 3291 ten·

158 3332 357 3399 dentibus
385 3333 469 3397 suis
498 3333 538 3396 in
560 3340 711 3398 castra.
761 3333 904 3399 Effuse
927 3341 1053 3413 euntes,
1077 3334 1241 3413 cedentes,
1264 3335 1314 3399 fu·

155 3442 302 3525 gientes,
335 3447 470 3506 ruentes
498 3441 588 3521 nori,
621 3439 652 3504 h.
677 3461 723 3520 a,
758 3440 912 3507 celeriter
940 3451 975 3509 et
997 3443 1067 3508 sine
1090 3441 1157 3507 ullo
1180 3442 1314 3524 ordine;

156 3547 324 3634 profuse
358 3554 526 3613 ruentes
560 3570 626 3614 non
659 3549 765 3631 magis
798 3550 866 3614 scio
900 3552 958 3634 qui
992 3551 1073 3629 sint,
1106 3571 1208 3633 quam
1240 3569 1313 3633 quae

155 3657 254 3740 iuga
286 3655 469 3739 profusa3
503 3677 581 3720 nam
613 3655 808 3740 profusus
841 3677 970 3741 semper
1003 3657 1047 3721 ad
1080 3657 1207 3741 copiam
1239 3679 1313 3741 per·

154 3764 249 3829 tinet.
311 3763 432 3848 Itaque
466 3763 564 3829 aliter
597 3763 709 3829 Livius
742 3765 891 3848 scripsit3
931 3767 1049 3848 opinor
1081 3762 1183 3830 inisse
1218 3764 1311 3831 olim:

157 3872 334 3938 obstitit
369 3890 484 3953 prope
518 3870 646 3934 effuse
680 3871 949 3937 tendentibus
978 3873 1064 3938 suis
1094 3874 1135 3938 in
1163 3881 1311 3941 castra.
1384 3930 1386 3934 Α

157 3978 259 4063 [Olim
281 3999 408 4064 prope
430 3977 525 4044 fuse
548 3980 764 4063 scripseram3
787 3977 920 4046 effuse
943 3980 1252 4065 Weissenbornius]

242 4085 321 4171 Cap.
346 4090 398 4166 38,
421 4090 441 4150 2
465 4107 536 4170 sqq.
581 4087 619 4152 In
641 4087 799 4154 hocloco
821 4089 971 4173 primum,
1001 4095 1040 4154 ut
1062 4096 1173 4155 cetera
1195 4091 1311 4156 melius

153 4195 346 4280 procedant,
374 4195 581 4261 emendanda
602 4197 839 4261 sententiarum
862 4195 1028 4263 distinctio
1051 4204 1112 4263 est.
1161 4198 1307 4264 Primum
1326 4216 1397 4286 (leo)

153 4304 240 4369 enim
273 4305 423 4369 universe
457 4302 676 4388 significatur,
710 4304 798 4388 quod
825 4311 944 4388 postea
971 4303 1160 4388 singulatim
1189 4307 1311 4373 descri-

180 4556 205 4623 ¹)
222 4556 264 4612 De
287 4560 334 4626 82,
360 4559 425 4613 det
447 4560 493 4624 87,
523 4559 555 4612 16
577 4564 656 4615 recte
678 4559 735 4613 iam
753 4559 789 4614 ab
807 4558 870 4612 aliis
889 4557 1043 4613 iudicatum
1066 4565 1122 4628 est3
1145 4560 1193 4616 cir.
1213 4568 1310 4618 tamen

220 4659 347 4712 prooem.
364 4661 393 4714 p.
413 4645 445 4698 16
463 4648 493 4698 et
509 4661 537 4713 p.
556 4645 597 4698 θα
