3060 5272
766 125 775 152 ,t

769 165 771 176 .

714 830 776 893 367
1157 845 1219 900 Lib.
1237 845 1324 900 XXV.

165 1021 408 1099 praeceperant,
437 1014 589 1081 adsecuti
617 1021 742 1094 essent,
773 1021 844 1080 tum
866 1015 995 1081 demum
1018 1017 1187 1083 incursare
1209 1020 1241 1083 in
1266 1040 1324 1086 eos

166 1129 359 1207 coeperunt.
413 1123 532 1208 Itaque
566 1123 831 1190 incursantes
860 1145 934 1188 cum
961 1124 1027 1190 alio
1056 1124 1157 1191 verbo
1187 1128 1322 1193 coniun-

164 1229 306 1314 gendam
344 1237 409 1310 est,
449 1252 516 1315 quo
557 1228 692 1296 effectus
730 1232 964 1297 incursationis
1003 1232 1216 1316 significetur.
1283 1235 1323 1300 ld
1402 1313 1407 1321 ¹

164 1339 299 1405 verbum
327 1339 557 1405 nanciscemur
577 1339 753 1423 omniaque
776 1346 857 1423 apta
879 1360 1030 1425 nexaque
1053 1341 1231 1407 efficiemus
1254 1365 1322 1409 una

164 1446 277 1514 littera
304 1453 450 1513 mutata:
485 1446 587 1512 Ante
617 1452 778 1512 noctem
806 1446 998 1513 adsecuti
1026 1448 1219 1532 (Romanos)
1242 1450 1322 1515 Nu·

164 1555 293 1636 midae,
326 1576 430 1621 nunc
463 1554 512 1622 ab
546 1561 660 1638 tergo
690 1571 795 1619 nunc
823 1556 862 1619 in
892 1556 1029 1622 latera
1057 1559 1322 1625 incursantes

165 1664 401 1730 consistere
444 1665 660 1744 coegerunt
704 1684 750 1728 ac
788 1665 921 1728 tutari
960 1685 1109 1748 agmen.
1176 1665 1322 1751 Coepit

164 1770 306 1855 (cepit)
338 1792 398 1854 pro
432 1772 568 1855 coegit
600 1772 635 1836 in
662 1770 688 1834 P
717 1778 751 1836 et
787 1771 952 1856 plerisque
981 1773 1055 1837 aliis
1083 1775 1241 1858 scriptum
1270 1782 1322 1841 est

164 1878 264 1943 etiam
285 1878 405 1959 XXIX,
434 1883 485 1960 29,
509 1883 539 1957 9,
563 1878 622 1944 sed
645 1885 773 1944 mature
797 1886 992 1945 correctum.
1043 1882 1179 1962 Restat.
1198 1884 1232 1948 in
1255 1904 1321 1965 quo

162 1986 228 2051 iam
267 1983 440 2052 Creverius
479 2008 650 2072 nuperque
689 1988 978 2054 Weissenbornius
1016 1988 1196 2070 haeseruut,
1236 1991 1320 2057 illud

162 2099 253 2160 tuto
274 2101 320 2160 ut
342 2094 460 2160 simul
483 2102 721 2179 pugnarent,
743 2096 801 2162 ubi
823 2118 889 2162 non
911 2097 1018 2162 solum
1042 2120 1320 2183 supervacaneum

162 2208 213 2268 est
250 2209 342 2270 tuto
376 2202 430 2284 (eo
464 2205 565 2268 etiam
605 2203 678 2270 loco
713 2207 872 2288 positum,
917 2207 1012 2288 quasi
1050 2208 1084 2271 in
1117 2228 1156 2272 eo
1190 2209 1320 2292 pondus

161 2312 334 2377 sententia
367 2311 533 2393 singulare
568 2310 640 2392 sit),
675 2311 734 2377 sed
767 2315 1063 2398 perversissimum
1097 2336 1204 2398 neque
1232 2318 1319 2382 enim

101 2409 110 2425 ’
160 2418 194 2484 in
227 2440 355 2486 summo
389 2418 537 2504 periculo
571 2419 711 2499 milites,
749 2428 785 2485 ut
819 2428 891 2487 tuto
925 2429 1086 2506 pugnent,
1122 2424 1319 2490 cohortandi

160 2534 252 2608 sunt;
285 2548 487 2611 quamquam
520 2528 602 2612 quid
636 2530 680 2593 sit
713 2535 787 2595 tuto
822 2551 969 2613 pugnare
1003 2530 1058 2612 (de
1092 2532 1228 2614 singulis
1257 2533 1318 2596 mi·

159 2634 304 2718 litibus),
337 2657 474 2720 prorsus
507 2637 629 2701 nescio.
686 2635 751 2701 Sed
780 2635 954 2702 salvares
983 2645 1042 2703 est.
1100 2638 1316 2703 Scribendum

161 2745 248 2809 enim
286 2744 458 2810 lenissima
495 2744 695 2810 mutatione:
736 2744 937 2821 Quantum
978 2755 1148 2830 possent
1181 2752 1316 2811 tamen

161 2851 251 2933 ιΙιΙ,
285 2859 330 2918 ut
364 2851 486 2918 simul
513 2859 743 2936 pugnarent
771 2853 1143 2938 procederentque,
1177 2854 1316 2938 Scipio

160 2959 418 3026 hortabatur.
480 2960 550 3025 lam
590 2961 795 3043 aptissimum
830 2962 930 3025 etiam
965 2961 1046 3026 illud
1081 2962 1124 3026 ad
1156 2963 1316 3028 nitendi

159 3068 312 3134 verbum:
342 3074 536 3151 quantum
564 3076 744 3153 possent.
798 3068 932 3153 Syllaba
955 3071 993 3134 ni
1017 3070 1058 3135 ob
1082 3071 1273 3155 praecedens
1296 3091 1316 3134 ιι

159 3175 295 3257 hausta,
328 3198 368 3242 ex
402 3177 484 3242 tiut
517 3176 712 3261 geminando
746 3184 854 3242 ortum
888 3184 980 3243 tuto
1016 3185 1074 3259 ut3
1116 3201 1316 3264 quamquam

159 3286 261 3351 etiam
285 3306 343 3369 per
365 3304 401 3349 se
423 3286 463 3349 ni
486 3285 520 3349 in
542 3293 583 3350 tu
606 3286 750 3351 transire
773 3292 922 3369 poterat3
946 3287 1003 3351 cir.
1028 3309 1055 3352 c.
1081 3292 1132 3369 20,
1157 3295 1185 3354 5.

244 3392 324 3478 Cap.
356 3397 411 3472 36,
448 3396 487 3457 10
518 3392 573 3474 (de
600 3392 721 3457 Poenis
751 3415 810 3476 per
838 3393 987 3459 obiectas
1016 3416 1036 3459 a
1066 3397 1224 3461 Romanis
1253 3419 1313 3482 pro

158 3500 243 3566 vallo
277 3487 417 3566 clitellas
445 3523 520 3566 cum
550 3501 704 3566 oneribus
731 3503 818 3566 viam
848 3501 911 3566 sibi
939 3502 1169 3585 facientibus):
1205 3512 1314 3569 cete·

157 3630 242 3677 rum
264 3630 393 3693 neque
416 3609 635 3675 transilire
658 3630 731 3674 nec
753 3609 887 3674 moliri
911 3631 1031 3675 onera
1055 3610 1217 3676 obiecta
1239 3634 1310 3677 nec
1328 3624 1402 3692 (301)

158 3717 314 3783 cadere
353 3717 534 3802 stipatas
574 3717 757 3781 clitellas
797 3718 984 3800 ipsisque
1020 3717 1193 3784 obrutas
1228 3742 1313 3785 sar-

157 3825 261 3891 cinis
289 3823 415 3892 iacile
444 3832 537 3891 erat
563 3824 829 3890 traditisdibi
858 3846 942 3889 cum
966 3825 1126 3890 amoliti
1149 3827 1315 3893 obiecta

157 3954 284 4001 onera
315 3936 490 3999 armatis
520 3933 737 3999 dedissent
765 3935 877 4013 viam,
905 3933 1181 4018 pluribusque
1210 3934 1314 4000 idem

155 4041 347 4125 partibus
370 4040 503 4122 fieret,
526 4048 647 4127 capta
670 4043 746 4106 iam
764 4041 944 4125 undique
963 4050 1101 4108 castra
1118 4051 1234 4108 erant
1251 4052 1313 4108 oet.

155 4146 263 4231 810123
280 4150 366 4215 exM
383 4150 559 4215 traditis
582 4150 640 4215 ibi
662 4150 851 4231 adnotatur,
875 4172 914 4216 ex
937 4150 1011 4216 aliis
1034 4152 1207 4217 traditis
1231 4151 1314 4232 diu;

156 4258 318 4324 amoliti
346 4279 471 4325 omnes.
529 4257 615 4323 Olim
646 4258 805 4324 edebant:
836 4295 879 4304 —
906 4258 1031 4324 facile
1059 4267 1158 4325 erat.
1215 4258 1313 4323 Tar·

155 4364 267 4432 datia
300 4365 368 4432 diu
402 4389 521 4453 quum
554 4367 725 4432 amolita
759 4367 923 4432 obiecta
956 4376 1033 4446 cet,
1069 4369 1218 4432 oratione
1247 4390 1313 4433 non

154 4472 246 4541 bona
277 4474 326 4557 (in
361 4475 490 4555 dativo,
529 4477 563 4539 in
596 4474 769 4539 amolita
801 4477 932 4558 passive
966 4474 1104 4559 posito),
1147 4476 1313 4540 sententia

154 4581 262 4666 nulla;
300 4583 389 4668 quod
428 4585 516 4649 enim
555 4583 719 4667 sequitur:
761 4583 865 4647 idem
898 4582 1038 4661 fieret,
1079 4581 1225 4647 ostendit
1258 4582 1313 4647 hic
