<?xml version="1.0" encoding="UTF-8"?>
<!DOCTYPE html PUBLIC "-//W3C//DTD XHTML 1.0 Transitional//EN"
    "http://www.w3.org/TR/xhtml1/DTD/xhtml1-transitional.dtd">
<html xmlns="http://www.w3.org/1999/xhtml" xml:lang="en" lang="en">
 <head>
  <title>
</title>
<meta http-equiv="Content-Type" content="text/html;charset=utf-8" />
  <meta name='ocr-system' content='tesseract 3.04.00' />
  <meta name='ocr-capabilities' content='ocr_page ocr_carea ocr_par ocr_line ocrx_word'/>
</head>
<body>
  <div class='ocr_page' id='page_1' title='image "./emendationesliv01madvgoog_0315.png"; bbox 0 0 3060 5272; ppageno 0'>
   <div class='ocr_carea' id='block_1_1' title="bbox 215 323 825 426">
    <p class='ocr_par' dir='ltr' id='par_1_1' title="bbox 215 323 825 426">
     <span class='ocr_line' id='line_1_1' title="bbox 215 323 825 426; baseline -0.013 -35"><span class='ocrx_word' id='word_1_1' title='bbox 215 336 278 391; x_wconf 88' lang='lat' dir='ltr'><strong>Lib.</strong></span> <span class='ocrx_word' id='word_1_2' title='bbox 296 335 382 390; x_wconf 85' lang='lat' dir='ltr'>XXII.</span> <span class='ocrx_word' id='word_1_3' title='bbox 602 418 608 426; x_wconf 35' lang='grc' dir='ltr'><strong><em>Ι</em></strong></span> <span class='ocrx_word' id='word_1_4' title='bbox 764 323 825 384; x_wconf 84' lang='grc'>306</span> 
     </span>
    </p>
   </div>
   <div class='ocr_carea' id='block_1_2' title="bbox 130 506 1392 4251">
    <p class='ocr_par' dir='ltr' id='par_1_2' title="bbox 130 506 1392 1880">
     <span class='ocr_line' id='line_1_2' title="bbox 217 506 1376 592; baseline -0.003 -18"><span class='ocrx_word' id='word_1_5' title='bbox 217 508 414 592; x_wconf 88' lang='lat' dir='ltr'>spectior,</span> <span class='ocrx_word' id='word_1_6' title='bbox 455 529 573 590; x_wconf 93' lang='lat' dir='ltr'>quum</span> <span class='ocrx_word' id='word_1_7' title='bbox 607 507 837 588; x_wconf 73' lang='lat' dir='ltr'>dignitates</span> <span class='ocrx_word' id='word_1_8' title='bbox 871 507 1069 572; x_wconf 81' lang='lat' dir='ltr'>deessent.</span> <span class='ocrx_word' id='word_1_9' title='bbox 1131 506 1376 589; x_wconf 88' lang='lat' dir='ltr'>Dignitates</span> 
     </span>
     <span class='ocr_line' id='line_1_3' title="bbox 216 613 1376 698; baseline -0.002 -17"><span class='ocrx_word' id='word_1_10' title='bbox 216 614 381 698; x_wconf 88' lang='lat' dir='ltr'>appellari</span> <span class='ocrx_word' id='word_1_11' title='bbox 421 616 510 697; x_wconf 90' lang='lat' dir='ltr'>ipsos</span> <span class='ocrx_word' id='word_1_12' title='bbox 549 614 698 678; x_wconf 89' lang='lat' dir='ltr'>homines</span> <span class='ocrx_word' id='word_1_13' title='bbox 737 613 897 696; x_wconf 84' lang='lat' dir='ltr'>dignitate</span> <span class='ocrx_word' id='word_1_14' title='bbox 937 619 970 677; x_wconf 99' lang='lat' dir='ltr'>et</span> <span class='ocrx_word' id='word_1_15' title='bbox 1008 613 1182 678; x_wconf 88' lang='lat' dir='ltr'>honestate</span> <span class='ocrx_word' id='word_1_16' title='bbox 1221 614 1376 697; x_wconf 77' lang='lat' dir='ltr'>insignes,</span> 
     </span>
     <span class='ocr_line' id='line_1_4' title="bbox 216 713 1373 807; baseline -0.002 -20"><span class='ocrx_word' id='word_1_17' title='bbox 216 744 353 807; x_wconf 90' lang='lat' dir='ltr'>prorsus</span> <span class='ocrx_word' id='word_1_18' title='bbox 376 723 572 786; x_wconf 90' lang='lat' dir='ltr'>inusitatum</span> <span class='ocrx_word' id='word_1_19' title='bbox 596 728 646 786; x_wconf 93' lang='lat' dir='ltr'>est</span> <span class='ocrx_word' id='word_1_20' title='bbox 670 713 725 803; x_wconf 61' lang='grc'>[-’</span> <span class='ocrx_word' id='word_1_21' title='bbox 747 741 808 784; x_wconf 92' lang='lat' dir='ltr'>nec</span> <span class='ocrx_word' id='word_1_22' title='bbox 831 722 927 801; x_wconf 88' lang='lat' dir='ltr'>enim,</span> <span class='ocrx_word' id='word_1_23' title='bbox 950 721 1040 804; x_wconf 94' lang='lat' dir='ltr'>quod</span> <span class='ocrx_word' id='word_1_24' title='bbox 1061 720 1187 786; x_wconf 88' lang='lat' dir='ltr'>Plinius</span> <span class='ocrx_word' id='word_1_25' title='bbox 1209 720 1250 785; x_wconf 90' lang='lat' dir='ltr'>H.</span> <span class='ocrx_word' id='word_1_26' title='bbox 1274 721 1313 786; x_wconf 93' lang='lat' dir='ltr'>N.</span> <span class='ocrx_word' id='word_1_27' title='bbox 1333 721 1373 801; x_wconf 82' lang='lat' dir='ltr'>V,</span> 
     </span>
     <span class='ocr_line' id='line_1_5' title="bbox 130 826 1375 913; baseline -0.005 -13"><span class='ocrx_word' id='word_1_28' title='bbox 130 835 261 913; x_wconf 80' lang='lat'>(250)12</span> <span class='ocrx_word' id='word_1_29' title='bbox 289 831 337 894; x_wconf 91' lang='lat' dir='ltr'>sio</span> <span class='ocrx_word' id='word_1_30' title='bbox 366 830 486 895; x_wconf 85' lang='lat' dir='ltr'>dixisse</span> <span class='ocrx_word' id='word_1_31' title='bbox 508 829 653 908; x_wconf 83' lang='lat' dir='ltr'>videtur,</span> <span class='ocrx_word' id='word_1_32' title='bbox 687 828 730 892; x_wconf 94' lang='lat' dir='ltr'>ad</span> <span class='ocrx_word' id='word_1_33' title='bbox 752 827 878 892; x_wconf 89' lang='lat' dir='ltr'>Livium</span> <span class='ocrx_word' id='word_1_34' title='bbox 908 829 1050 912; x_wconf 88' lang='lat' dir='ltr'>pertinet</span> <span class='ocrx_word' id='word_1_35' title='bbox 1076 826 1150 910; x_wconf 89' lang='lat'>—];</span> <span class='ocrx_word' id='word_1_36' title='bbox 1183 849 1245 893; x_wconf 89' lang='lat' dir='ltr'>neo</span> <span class='ocrx_word' id='word_1_37' title='bbox 1267 829 1375 895; x_wconf 90' lang='lat' dir='ltr'>simile</span> 
     </span>
     <span class='ocr_line' id='line_1_6' title="bbox 217 935 1375 1025; baseline -0.002 -21"><span class='ocrx_word' id='word_1_38' title='bbox 217 946 281 1017; x_wconf 86' lang='lat' dir='ltr'>est,</span> <span class='ocrx_word' id='word_1_39' title='bbox 311 937 400 1022; x_wconf 91' lang='lat' dir='ltr'>quod</span> <span class='ocrx_word' id='word_1_40' title='bbox 423 936 538 1003; x_wconf 83' lang='lat' dir='ltr'>Cicero</span> <span class='ocrx_word' id='word_1_41' title='bbox 562 937 636 1020; x_wconf 84' lang='lat' dir='ltr'>(pro</span> <span class='ocrx_word' id='word_1_42' title='bbox 661 936 746 1001; x_wconf 86' lang='lat' dir='ltr'>Sest.</span> <span class='ocrx_word' id='word_1_43' title='bbox 772 941 828 1014; x_wconf 85' lang='lat'>51,</span> <span class='ocrx_word' id='word_1_44' title='bbox 860 935 934 1017; x_wconf 88' lang='lat'>109)</span> <span class='ocrx_word' id='word_1_45' title='bbox 957 937 990 1000; x_wconf 91' lang='lat' dir='ltr'>in</span> <span class='ocrx_word' id='word_1_46' title='bbox 1013 936 1179 1025; x_wconf 81' lang='lat' dir='ltr'>rhetorica</span> <span class='ocrx_word' id='word_1_47' title='bbox 1201 958 1375 1002; x_wconf 90' lang='lat' dir='ltr'>enumera·</span> 
     </span>
     <span class='ocr_line' id='line_1_7' title="bbox 216 1045 1374 1124; baseline -0.001 -13"><span class='ocrx_word' id='word_1_48' title='bbox 216 1048 310 1112; x_wconf 93' lang='lat' dir='ltr'>tione</span> <span class='ocrx_word' id='word_1_49' title='bbox 349 1067 485 1110; x_wconf 91' lang='lat' dir='ltr'>omnes</span> <span class='ocrx_word' id='word_1_50' title='bbox 523 1045 763 1110; x_wconf 84' lang='lat' dir='ltr'>honestates</span> <span class='ocrx_word' id='word_1_51' title='bbox 803 1045 1008 1122; x_wconf 84' lang='lat' dir='ltr'>civitatis,</span> <span class='ocrx_word' id='word_1_52' title='bbox 1049 1066 1186 1110; x_wconf 88' lang='lat' dir='ltr'>omnes</span> <span class='ocrx_word' id='word_1_53' title='bbox 1219 1051 1374 1124; x_wconf 75' lang='lat' dir='ltr'>aetates,</span> 
     </span>
     <span class='ocr_line' id='line_1_8' title="bbox 217 1151 1392 1234; baseline -0.003 -14"><span class='ocrx_word' id='word_1_54' title='bbox 217 1176 356 1220; x_wconf 92' lang='lat' dir='ltr'>omnes</span> <span class='ocrx_word' id='word_1_55' title='bbox 380 1153 546 1219; x_wconf 88' lang='lat' dir='ltr'>ordines</span> <span class='ocrx_word' id='word_1_56' title='bbox 569 1153 755 1218; x_wconf 89' lang='lat' dir='ltr'>consentire</span> <span class='ocrx_word' id='word_1_57' title='bbox 777 1152 810 1215; x_wconf 93' lang='lat' dir='ltr'>in</span> <span class='ocrx_word' id='word_1_58' title='bbox 833 1151 947 1234; x_wconf 89' lang='lat' dir='ltr'>aliqua</span> <span class='ocrx_word' id='word_1_59' title='bbox 970 1172 1070 1218; x_wconf 89' lang='lat' dir='ltr'>causa</span> <span class='ocrx_word' id='word_1_60' title='bbox 1093 1152 1188 1232; x_wconf 89' lang='lat' dir='ltr'>dicit,</span> <span class='ocrx_word' id='word_1_61' title='bbox 1217 1173 1283 1217; x_wconf 91' lang='lat' dir='ltr'>non</span> <span class='ocrx_word' id='word_1_62' title='bbox 1306 1155 1392 1218; x_wconf 51' lang='lat' dir='ltr'>sin:</span> 
     </span>
     <span class='ocr_line' id='line_1_9' title="bbox 217 1259 1375 1346; baseline -0.002 -18"><span class='ocrx_word' id='word_1_63' title='bbox 217 1263 310 1346; x_wconf 91' lang='lat' dir='ltr'>gulos</span> <span class='ocrx_word' id='word_1_64' title='bbox 333 1262 480 1327; x_wconf 91' lang='lat' dir='ltr'>homines</span> <span class='ocrx_word' id='word_1_65' title='bbox 504 1260 741 1338; x_wconf 86' lang='lat' dir='ltr'>demonstrans,</span> <span class='ocrx_word' id='word_1_66' title='bbox 766 1259 823 1324; x_wconf 89' lang='lat' dir='ltr'>sed</span> <span class='ocrx_word' id='word_1_67' title='bbox 847 1279 967 1340; x_wconf 89' lang='lat' dir='ltr'>genera</span> <span class='ocrx_word' id='word_1_68' title='bbox 989 1266 1024 1324; x_wconf 91' lang='lat' dir='ltr'>et</span> <span class='ocrx_word' id='word_1_69' title='bbox 1040 1260 1161 1325; x_wconf 86' lang='lat' dir='ltr'>classes</span> <span class='ocrx_word' id='word_1_70' title='bbox 1177 1261 1375 1340; x_wconf 82' lang='lat' dir='ltr'>honestatis,</span> 
     </span>
     <span class='ocr_line' id='line_1_10' title="bbox 217 1366 1374 1454; baseline -0.001 -18"><span class='ocrx_word' id='word_1_71' title='bbox 217 1370 378 1454; x_wconf 92' lang='lat' dir='ltr'>quidquid</span> <span class='ocrx_word' id='word_1_72' title='bbox 406 1371 450 1433; x_wconf 92' lang='lat' dir='ltr'>sit</span> <span class='ocrx_word' id='word_1_73' title='bbox 476 1368 604 1433; x_wconf 89' lang='lat' dir='ltr'>honesti</span> <span class='ocrx_word' id='word_1_74' title='bbox 632 1374 666 1432; x_wconf 92' lang='lat' dir='ltr'>et</span> <span class='ocrx_word' id='word_1_75' title='bbox 693 1368 822 1448; x_wconf 83' lang='lat' dir='ltr'>integri.</span> <span class='ocrx_word' id='word_1_76' title='bbox 879 1366 969 1448; x_wconf 87' lang='lat' dir='ltr'>[Lael.</span> <span class='ocrx_word' id='word_1_77' title='bbox 995 1372 1034 1431; x_wconf 82' lang='lat'>69</span> <span class='ocrx_word' id='word_1_78' title='bbox 1058 1368 1197 1433; x_wconf 91' lang='lat' dir='ltr'>multum</span> <span class='ocrx_word' id='word_1_79' title='bbox 1220 1368 1315 1434; x_wconf 88' lang='lat' dir='ltr'>abest</span> <span class='ocrx_word' id='word_1_80' title='bbox 1334 1377 1374 1435; x_wconf 91' lang='lat' dir='ltr'>ut</span> 
     </span>
     <span class='ocr_line' id='line_1_11' title="bbox 137 1461 1374 1562; baseline -0.002 -19"><span class='ocrx_word' id='word_1_81' title='bbox 137 1461 139 1469; x_wconf 42' lang='lat'><strong>¹</strong></span> <span class='ocrx_word' id='word_1_82' title='bbox 216 1480 281 1562; x_wconf 89' lang='lat' dir='ltr'>ipsi</span> <span class='ocrx_word' id='word_1_83' title='bbox 315 1478 465 1543; x_wconf 90' lang='lat' dir='ltr'>homines</span> <span class='ocrx_word' id='word_1_84' title='bbox 499 1475 757 1540; x_wconf 85' lang='lat' dir='ltr'>excellentiae</span> <span class='ocrx_word' id='word_1_85' title='bbox 792 1475 963 1553; x_wconf 90' lang='lat' dir='ltr'>dicantur,</span> <span class='ocrx_word' id='word_1_86' title='bbox 998 1475 1056 1540; x_wconf 91' lang='lat' dir='ltr'>sed</span> <span class='ocrx_word' id='word_1_87' title='bbox 1090 1475 1290 1540; x_wconf 83' lang='lat' dir='ltr'>excellentiae</span> <span class='ocrx_word' id='word_1_88' title='bbox 1325 1477 1374 1541; x_wconf 92' lang='lat' dir='ltr'>di·</span> 
     </span>
     <span class='ocr_line' id='line_1_12' title="bbox 218 1581 1373 1664; baseline -0.001 -13"><span class='ocrx_word' id='word_1_89' title='bbox 218 1591 340 1651; x_wconf 90' lang='lat' dir='ltr'>cuntur</span> <span class='ocrx_word' id='word_1_90' title='bbox 373 1605 444 1649; x_wconf 90' lang='lat' dir='ltr'>esse</span> <span class='ocrx_word' id='word_1_91' title='bbox 477 1581 671 1664; x_wconf 83' lang='lat' dir='ltr'>hominum]</span> <span class='ocrx_word' id='word_1_92' title='bbox 733 1583 885 1661; x_wconf 84' lang='lat' dir='ltr'>Accedit,</span> <span class='ocrx_word' id='word_1_93' title='bbox 921 1583 1010 1664; x_wconf 92' lang='lat' dir='ltr'>quod</span> <span class='ocrx_word' id='word_1_94' title='bbox 1043 1583 1149 1648; x_wconf 85' lang='lat' dir='ltr'>turbae</span> <span class='ocrx_word' id='word_1_95' title='bbox 1183 1606 1249 1649; x_wconf 93' lang='lat' dir='ltr'>non</span> <span class='ocrx_word' id='word_1_96' title='bbox 1282 1591 1373 1650; x_wconf 89' lang='lat' dir='ltr'>recte</span> 
     </span>
     <span class='ocr_line' id='line_1_13' title="bbox 217 1689 1374 1782; baseline 0 -25"><span class='ocrx_word' id='word_1_97' title='bbox 217 1693 396 1774; x_wconf 81' lang='lat' dir='ltr'>dignitates</span> <span class='ocrx_word' id='word_1_98' title='bbox 419 1690 555 1782; x_wconf 87' lang='lat' dir='ltr'>(plurali</span> <span class='ocrx_word' id='word_1_99' title='bbox 572 1689 721 1771; x_wconf 86' lang='lat' dir='ltr'>numero)</span> <span class='ocrx_word' id='word_1_100' title='bbox 740 1691 912 1755; x_wconf 78' lang='lat' dir='ltr'>contraria</span> <span class='ocrx_word' id='word_1_101' title='bbox 929 1697 1107 1773; x_wconf 89' lang='lat' dir='ltr'>ponuntur.</span> <span class='ocrx_word' id='word_1_102' title='bbox 1142 1691 1252 1756; x_wconf 80' lang='lat' dir='ltr'>Livius</span> <span class='ocrx_word' id='word_1_103' title='bbox 1270 1693 1374 1776; x_wconf 89' lang='lat' dir='ltr'>scrip·</span> 
     </span>
     <span class='ocr_line' id='line_1_14' title="bbox 218 1798 1312 1880; baseline -0.002 -14"><span class='ocrx_word' id='word_1_104' title='bbox 218 1807 323 1866; x_wconf 89' lang='lat' dir='ltr'>serat:</span> <span class='ocrx_word' id='word_1_105' title='bbox 347 1800 470 1865; x_wconf 87' lang='lat' dir='ltr'>turba</span> <span class='ocrx_word' id='word_1_106' title='bbox 493 1800 765 1880; x_wconf 85' lang='lat' dir='ltr'>conspectior,</span> <span class='ocrx_word' id='word_1_107' title='bbox 790 1821 907 1880; x_wconf 92' lang='lat' dir='ltr'>quum</span> <span class='ocrx_word' id='word_1_108' title='bbox 930 1798 1115 1880; x_wconf 85' lang='lat' dir='ltr'>dignitas</span> <span class='ocrx_word' id='word_1_109' title='bbox 1139 1799 1312 1864; x_wconf 90' lang='lat' dir='ltr'>deesset.</span> 
     </span>
    </p>

    <p class='ocr_par' dir='ltr' id='par_1_3' title="bbox 215 1904 1373 3174">
     <span class='ocr_line' id='line_1_15' title="bbox 302 1904 1371 1990; baseline 0 -19"><span class='ocrx_word' id='word_1_110' title='bbox 302 1906 399 1990; x_wconf 82' lang='lat' dir='ltr'>*Gap</span> <span class='ocrx_word' id='word_1_111' title='bbox 425 1912 481 1985; x_wconf 93' lang='grc'>41,</span> <span class='ocrx_word' id='word_1_112' title='bbox 514 1910 532 1969; x_wconf 83' lang='grc'><strong>7</strong></span> <span class='ocrx_word' id='word_1_113' title='bbox 561 1904 616 1986; x_wconf 87' lang='lat' dir='ltr'>(de</span> <span class='ocrx_word' id='word_1_114' title='bbox 640 1905 825 1970; x_wconf 89' lang='lat' dir='ltr'>Hannibale</span> <span class='ocrx_word' id='word_1_115' title='bbox 855 1905 991 1970; x_wconf 89' lang='lat' dir='ltr'>insidias</span> <span class='ocrx_word' id='word_1_116' title='bbox 1014 1907 1171 1971; x_wconf 87' lang='lat' dir='ltr'>Romanis</span> <span class='ocrx_word' id='word_1_117' title='bbox 1194 1907 1371 1989; x_wconf 86' lang='lat' dir='ltr'>struente):</span> 
     </span>
     <span class='ocr_line' id='line_1_16' title="bbox 216 2013 1371 2098; baseline 0 -18"><span class='ocrx_word' id='word_1_118' title='bbox 216 2023 415 2097; x_wconf 89' lang='lat' dir='ltr'>transque</span> <span class='ocrx_word' id='word_1_119' title='bbox 449 2017 656 2098; x_wconf 85' lang='lat' dir='ltr'>proximos</span> <span class='ocrx_word' id='word_1_120' title='bbox 692 2019 847 2078; x_wconf 90' lang='lat' dir='ltr'>montes</span> <span class='ocrx_word' id='word_1_121' title='bbox 875 2013 973 2077; x_wconf 85' lang='lat' dir='ltr'>laeva</span> <span class='ocrx_word' id='word_1_122' title='bbox 1001 2014 1166 2096; x_wconf 89' lang='lat' dir='ltr'>pedites</span> <span class='ocrx_word' id='word_1_123' title='bbox 1193 2015 1371 2080; x_wconf 88' lang='lat' dir='ltr'>instruo-</span> 
     </span>
     <span class='ocr_line' id='line_1_17' title="bbox 215 2121 1373 2208; baseline 0 -20"><span class='ocrx_word' id='word_1_124' title='bbox 215 2129 280 2189; x_wconf 94' lang='lat' dir='ltr'>tos</span> <span class='ocrx_word' id='word_1_125' title='bbox 311 2123 467 2208; x_wconf 85' lang='lat' dir='ltr'>condit,</span> <span class='ocrx_word' id='word_1_126' title='bbox 496 2123 639 2187; x_wconf 81' lang='lat' dir='ltr'>dextra</span> <span class='ocrx_word' id='word_1_127' title='bbox 667 2123 844 2204; x_wconf 87' lang='lat' dir='ltr'>equites;</span> <span class='ocrx_word' id='word_1_128' title='bbox 874 2121 1168 2204; x_wconf 91' lang='lat' dir='ltr'>impedimenta</span> <span class='ocrx_word' id='word_1_129' title='bbox 1191 2144 1261 2205; x_wconf 90' lang='lat' dir='ltr'>per</span> <span class='ocrx_word' id='word_1_130' title='bbox 1284 2144 1373 2188; x_wconf 92' lang='lat' dir='ltr'>con·</span> 
     </span>
     <span class='ocr_line' id='line_1_18' title="bbox 215 2229 1373 2313; baseline 0.002 -18"><span class='ocrx_word' id='word_1_131' title='bbox 215 2231 362 2296; x_wconf 84' lang='lat' dir='ltr'>vallem</span> <span class='ocrx_word' id='word_1_132' title='bbox 396 2232 568 2296; x_wconf 90' lang='lat' dir='ltr'>medium</span> <span class='ocrx_word' id='word_1_133' title='bbox 603 2251 745 2313; x_wconf 87' lang='lat' dir='ltr'>agmen</span> <span class='ocrx_word' id='word_1_134' title='bbox 773 2229 968 2293; x_wconf 88' lang='lat' dir='ltr'>traducit.</span> <span class='ocrx_word' id='word_1_135' title='bbox 1023 2229 1098 2293; x_wconf 92' lang='lat' dir='ltr'>Non</span> <span class='ocrx_word' id='word_1_136' title='bbox 1127 2230 1373 2313; x_wconf 88' lang='lat' dir='ltr'>elegantissima</span> 
     </span>
     <span class='ocr_line' id='line_1_19' title="bbox 216 2337 1371 2423; baseline 0.001 -19"><span class='ocrx_word' id='word_1_137' title='bbox 216 2340 286 2404; x_wconf 83' lang='lat' dir='ltr'>haec</span> <span class='ocrx_word' id='word_1_138' title='bbox 309 2340 490 2423; x_wconf 89' lang='lat' dir='ltr'>appositio:</span> <span class='ocrx_word' id='word_1_139' title='bbox 526 2338 817 2421; x_wconf 88' lang='lat' dir='ltr'>impedimenta</span> <span class='ocrx_word' id='word_1_140' title='bbox 844 2337 1015 2401; x_wconf 90' lang='lat' dir='ltr'>medium</span> <span class='ocrx_word' id='word_1_141' title='bbox 1044 2357 1183 2418; x_wconf 88' lang='lat' dir='ltr'>agmen</span> <span class='ocrx_word' id='word_1_142' title='bbox 1212 2338 1288 2420; x_wconf 85' lang='lat' dir='ltr'>(boc</span> <span class='ocrx_word' id='word_1_143' title='bbox 1311 2347 1371 2418; x_wconf 87' lang='lat' dir='ltr'>est,</span> 
     </span>
     <span class='ocr_line' id='line_1_20' title="bbox 215 2444 1371 2529; baseline -0.001 -17"><span class='ocrx_word' id='word_1_144' title='bbox 215 2455 372 2529; x_wconf 89' lang='lat' dir='ltr'>tanquam</span> <span class='ocrx_word' id='word_1_145' title='bbox 395 2448 537 2512; x_wconf 90' lang='lat' dir='ltr'>medium</span> <span class='ocrx_word' id='word_1_146' title='bbox 560 2445 708 2528; x_wconf 88' lang='lat' dir='ltr'>agmen);</span> <span class='ocrx_word' id='word_1_147' title='bbox 737 2445 794 2509; x_wconf 90' lang='lat' dir='ltr'>sed</span> <span class='ocrx_word' id='word_1_148' title='bbox 823 2444 949 2509; x_wconf 92' lang='lat' dir='ltr'>nullum</span> <span class='ocrx_word' id='word_1_149' title='bbox 978 2452 1051 2510; x_wconf 90' lang='lat' dir='ltr'>erat</span> <span class='ocrx_word' id='word_1_150' title='bbox 1074 2446 1205 2512; x_wconf 92' lang='lat' dir='ltr'>omnino</span> <span class='ocrx_word' id='word_1_151' title='bbox 1228 2447 1371 2513; x_wconf 88' lang='lat' dir='ltr'>medium</span> 
     </span>
     <span class='ocr_line' id='line_1_21' title="bbox 217 2552 1372 2639; baseline 0.001 -21"><span class='ocrx_word' id='word_1_152' title='bbox 217 2574 348 2636; x_wconf 88' lang='lat' dir='ltr'>agmen,</span> <span class='ocrx_word' id='word_1_153' title='bbox 376 2556 533 2637; x_wconf 90' lang='lat' dir='ltr'>quoniam</span> <span class='ocrx_word' id='word_1_154' title='bbox 560 2554 690 2637; x_wconf 89' lang='lat' dir='ltr'>pedites</span> <span class='ocrx_word' id='word_1_155' title='bbox 719 2554 913 2636; x_wconf 89' lang='lat' dir='ltr'>equitesque</span> <span class='ocrx_word' id='word_1_156' title='bbox 942 2574 1007 2617; x_wconf 93' lang='lat' dir='ltr'>non</span> <span class='ocrx_word' id='word_1_157' title='bbox 1036 2552 1078 2617; x_wconf 95' lang='lat' dir='ltr'>ab</span> <span class='ocrx_word' id='word_1_158' title='bbox 1107 2560 1247 2637; x_wconf 90' lang='lat' dir='ltr'>utroque</span> <span class='ocrx_word' id='word_1_159' title='bbox 1268 2556 1372 2639; x_wconf 92' lang='lat' dir='ltr'>impe·</span> 
     </span>
     <span class='ocr_line' id='line_1_22' title="bbox 217 2660 1372 2743; baseline 0.001 -18"><span class='ocrx_word' id='word_1_160' title='bbox 217 2661 434 2726; x_wconf 88' lang='lat' dir='ltr'>dimentorum</span> <span class='ocrx_word' id='word_1_161' title='bbox 457 2661 560 2726; x_wconf 89' lang='lat' dir='ltr'>latere</span> <span class='ocrx_word' id='word_1_162' title='bbox 583 2660 778 2737; x_wconf 82' lang='lat' dir='ltr'>transibant,</span> <span class='ocrx_word' id='word_1_163' title='bbox 801 2660 857 2725; x_wconf 89' lang='lat' dir='ltr'>sed</span> <span class='ocrx_word' id='word_1_164' title='bbox 883 2661 1031 2725; x_wconf 89' lang='lat' dir='ltr'>traducti</span> <span class='ocrx_word' id='word_1_165' title='bbox 1056 2663 1122 2726; x_wconf 89' lang='lat' dir='ltr'>iam</span> <span class='ocrx_word' id='word_1_166' title='bbox 1146 2668 1222 2743; x_wconf 88' lang='lat' dir='ltr'>post</span> <span class='ocrx_word' id='word_1_167' title='bbox 1244 2669 1372 2731; x_wconf 89' lang='lat' dir='ltr'>montes</span> 
     </span>
     <span class='ocr_line' id='line_1_23' title="bbox 215 2768 1371 2851; baseline 0.001 -18"><span class='ocrx_word' id='word_1_168' title='bbox 215 2770 368 2833; x_wconf 89' lang='lat' dir='ltr'>instructi</span> <span class='ocrx_word' id='word_1_169' title='bbox 391 2769 535 2833; x_wconf 87' lang='lat' dir='ltr'>stabant.</span> <span class='ocrx_word' id='word_1_170' title='bbox 580 2769 618 2831; x_wconf 94' lang='lat' dir='ltr'>ln</span> <span class='ocrx_word' id='word_1_171' title='bbox 640 2769 666 2832; x_wconf 95' lang='lat' dir='ltr'>P</span> <span class='ocrx_word' id='word_1_172' title='bbox 690 2775 756 2833; x_wconf 91' lang='lat' dir='ltr'>est:</span> <span class='ocrx_word' id='word_1_173' title='bbox 792 2789 865 2851; x_wconf 89' lang='lat' dir='ltr'>per</span> <span class='ocrx_word' id='word_1_174' title='bbox 896 2768 1150 2833; x_wconf 92' lang='lat' dir='ltr'>cornuallem</span> <span class='ocrx_word' id='word_1_175' title='bbox 1179 2770 1371 2836; x_wconf 91' lang='lat' dir='ltr'>medium·</span> 
     </span>
     <span class='ocr_line' id='line_1_24' title="bbox 216 2864 1371 2959; baseline 0.001 -17"><span class='ocrx_word' id='word_1_176' title='bbox 216 2898 368 2942; x_wconf 90' lang='lat' dir='ltr'>amnem</span> <span class='ocrx_word' id='word_1_177' title='bbox 401 2877 601 2955; x_wconf 86' lang='lat' dir='ltr'>traducit,</span> <span class='ocrx_word' id='word_1_178' title='bbox 636 2876 700 2942; x_wconf 90' lang='lat' dir='ltr'>hoo</span> <span class='ocrx_word' id='word_1_179' title='bbox 733 2864 799 2940; x_wconf 86' lang='lat' dir='ltr'>est:</span> <span class='ocrx_word' id='word_1_180' title='bbox 840 2898 910 2959; x_wconf 92' lang='lat' dir='ltr'>per</span> <span class='ocrx_word' id='word_1_181' title='bbox 945 2876 1168 2940; x_wconf 90' lang='lat' dir='ltr'>convallem</span> <span class='ocrx_word' id='word_1_182' title='bbox 1202 2879 1371 2943; x_wconf 90' lang='lat' dir='ltr'>mediam</span> 
     </span>
     <span class='ocr_line' id='line_1_25' title="bbox 215 2984 1370 3067; baseline 0.001 -18"><span class='ocrx_word' id='word_1_183' title='bbox 215 2984 410 3063; x_wconf 85' lang='lat' dir='ltr'>traducit,</span> <span class='ocrx_word' id='word_1_184' title='bbox 440 2990 599 3062; x_wconf 83' lang='lat' dir='ltr'>correcto,</span> <span class='ocrx_word' id='word_1_185' title='bbox 624 2984 714 3067; x_wconf 92' lang='lat' dir='ltr'>quod</span> <span class='ocrx_word' id='word_1_186' title='bbox 737 2984 878 3067; x_wconf 91' lang='lat' dir='ltr'>primum</span> <span class='ocrx_word' id='word_1_187' title='bbox 902 2985 1062 3065; x_wconf 89' lang='lat' dir='ltr'>scriptum</span> <span class='ocrx_word' id='word_1_188' title='bbox 1084 2992 1165 3063; x_wconf 88' lang='lat' dir='ltr'>erat,</span> <span class='ocrx_word' id='word_1_189' title='bbox 1188 2986 1370 3065; x_wconf 82' lang='lat' dir='ltr'>medium,</span> 
     </span>
     <span class='ocr_line' id='line_1_26' title="bbox 215 3091 1203 3174; baseline -0.001 -17"><span class='ocrx_word' id='word_1_190' title='bbox 215 3093 328 3157; x_wconf 89' lang='lat' dir='ltr'>addito</span> <span class='ocrx_word' id='word_1_191' title='bbox 352 3093 470 3158; x_wconf 89' lang='lat' dir='ltr'>deinde</span> <span class='ocrx_word' id='word_1_192' title='bbox 492 3113 587 3172; x_wconf 85' lang='lat' dir='ltr'>nem,</span> <span class='ocrx_word' id='word_1_193' title='bbox 610 3098 647 3156; x_wconf 96' lang='lat' dir='ltr'>ut</span> <span class='ocrx_word' id='word_1_194' title='bbox 669 3092 737 3155; x_wconf 83' lang='lat' dir='ltr'>dixi</span> <span class='ocrx_word' id='word_1_195' title='bbox 760 3091 859 3174; x_wconf 89' lang='lat' dir='ltr'>paulo</span> <span class='ocrx_word' id='word_1_196' title='bbox 883 3097 960 3155; x_wconf 91' lang='lat' dir='ltr'>ante</span> <span class='ocrx_word' id='word_1_197' title='bbox 983 3091 1025 3155; x_wconf 91' lang='lat' dir='ltr'>ad</span> <span class='ocrx_word' id='word_1_198' title='bbox 1049 3112 1076 3155; x_wconf 91' lang='lat' dir='ltr'>c.</span> <span class='ocrx_word' id='word_1_199' title='bbox 1100 3095 1150 3171; x_wconf 81' lang='lat'>28,</span> <span class='ocrx_word' id='word_1_200' title='bbox 1174 3098 1203 3156; x_wconf 95' lang='grc'>4.</span> 
     </span>
    </p>

    <p class='ocr_par' dir='ltr' id='par_1_4' title="bbox 211 3199 1371 4251">
     <span class='ocr_line' id='line_1_27' title="bbox 300 3199 1370 3284; baseline 0.002 -20"><span class='ocrx_word' id='word_1_201' title='bbox 300 3199 379 3284; x_wconf 84' lang='lat' dir='ltr'>Cap.</span> <span class='ocrx_word' id='word_1_202' title='bbox 403 3204 496 3279; x_wconf 79' lang='lat'>45,7</span> <span class='ocrx_word' id='word_1_203' title='bbox 536 3199 584 3280; x_wconf 90' lang='lat' dir='ltr'>(in</span> <span class='ocrx_word' id='word_1_204' title='bbox 613 3199 833 3282; x_wconf 89' lang='lat' dir='ltr'>descriptione</span> <span class='ocrx_word' id='word_1_205' title='bbox 862 3199 945 3263; x_wconf 90' lang='lat' dir='ltr'>aciei</span> <span class='ocrx_word' id='word_1_206' title='bbox 974 3199 1129 3264; x_wconf 85' lang='lat' dir='ltr'>Romanae</span> <span class='ocrx_word' id='word_1_207' title='bbox 1157 3200 1199 3264; x_wconf 91' lang='lat' dir='ltr'>ad</span> <span class='ocrx_word' id='word_1_208' title='bbox 1230 3199 1370 3281; x_wconf 84' lang='lat' dir='ltr'>Cannas,</span> 
     </span>
     <span class='ocr_line' id='line_1_28' title="bbox 213 3306 1371 3392; baseline 0 -17"><span class='ocrx_word' id='word_1_209' title='bbox 213 3316 391 3392; x_wconf 92' lang='lat' dir='ltr'>postquam</span> <span class='ocrx_word' id='word_1_210' title='bbox 409 3309 449 3373; x_wconf 92' lang='lat' dir='ltr'>de</span> <span class='ocrx_word' id='word_1_211' title='bbox 468 3310 632 3374; x_wconf 88' lang='lat' dir='ltr'>sociorum</span> <span class='ocrx_word' id='word_1_212' title='bbox 649 3307 816 3390; x_wconf 92' lang='lat' dir='ltr'>peditibus</span> <span class='ocrx_word' id='word_1_213' title='bbox 834 3307 1067 3389; x_wconf 90' lang='lat' dir='ltr'>equitibusque</span> <span class='ocrx_word' id='word_1_214' title='bbox 1084 3306 1196 3389; x_wconf 82' lang='lat' dir='ltr'>dixit):</span> <span class='ocrx_word' id='word_1_215' title='bbox 1208 3316 1371 3374; x_wconf 91' lang='lat' dir='ltr'>—tenu·</span> 
     </span>
     <span class='ocr_line' id='line_1_29' title="bbox 213 3414 1369 3495; baseline 0.003 -16"><span class='ocrx_word' id='word_1_216' title='bbox 213 3423 346 3495; x_wconf 88' lang='lat' dir='ltr'>erunt;</span> <span class='ocrx_word' id='word_1_217' title='bbox 384 3415 642 3481; x_wconf 89' lang='lat' dir='ltr'>iaculatores</span> <span class='ocrx_word' id='word_1_218' title='bbox 677 3435 763 3480; x_wconf 88' lang='lat' dir='ltr'>cum</span> <span class='ocrx_word' id='word_1_219' title='bbox 796 3415 953 3479; x_wconf 89' lang='lat' dir='ltr'>ceteris</span> <span class='ocrx_word' id='word_1_220' title='bbox 987 3414 1135 3479; x_wconf 87' lang='lat' dir='ltr'>levium</span> <span class='ocrx_word' id='word_1_221' title='bbox 1169 3437 1369 3482; x_wconf 90' lang='lat' dir='ltr'>armorum</span> 
     </span>
     <span class='ocr_line' id='line_1_30' title="bbox 213 3520 1369 3606; baseline 0.001 -17"><span class='ocrx_word' id='word_1_222' title='bbox 213 3524 381 3589; x_wconf 86' lang='lat' dir='ltr'>auxiliis</span> <span class='ocrx_word' id='word_1_223' title='bbox 410 3525 540 3606; x_wconf 89' lang='lat' dir='ltr'>prima</span> <span class='ocrx_word' id='word_1_224' title='bbox 569 3523 678 3587; x_wconf 90' lang='lat' dir='ltr'>acies</span> <span class='ocrx_word' id='word_1_225' title='bbox 700 3522 824 3587; x_wconf 84' lang='lat' dir='ltr'>facta.</span> <span class='ocrx_word' id='word_1_226' title='bbox 875 3520 1013 3587; x_wconf 83' lang='lat' dir='ltr'>Codices</span> <span class='ocrx_word' id='word_1_227' title='bbox 1036 3521 1150 3604; x_wconf 89' lang='lat' dir='ltr'>(etiam</span> <span class='ocrx_word' id='word_1_228' title='bbox 1173 3523 1369 3606; x_wconf 87' lang='lat' dir='ltr'>deteriores)</span> 
     </span>
     <span class='ocr_line' id='line_1_31' title="bbox 211 3628 1369 3716; baseline 0.002 -22"><span class='ocrx_word' id='word_1_229' title='bbox 211 3630 465 3696; x_wconf 88' lang='lat' dir='ltr'>iaculatores</span> <span class='ocrx_word' id='word_1_230' title='bbox 499 3652 544 3694; x_wconf 86' lang='lat' dir='ltr'>ex</span> <span class='ocrx_word' id='word_1_231' title='bbox 578 3631 742 3695; x_wconf 89' lang='lat' dir='ltr'>ceteris.</span> <span class='ocrx_word' id='word_1_232' title='bbox 797 3628 888 3693; x_wconf 91' lang='lat' dir='ltr'>Nihil</span> <span class='ocrx_word' id='word_1_233' title='bbox 916 3628 1174 3710; x_wconf 88' lang='lat' dir='ltr'>desiderabitur,</span> <span class='ocrx_word' id='word_1_234' title='bbox 1209 3632 1238 3696; x_wconf 93' lang='lat' dir='ltr'>si</span> <span class='ocrx_word' id='word_1_235' title='bbox 1266 3632 1369 3716; x_wconf 89' lang='lat' dir='ltr'>scrip-</span> 
     </span>
     <span class='ocr_line' id='line_1_32' title="bbox 212 3738 1367 3832; baseline 0 -28"><span class='ocrx_word' id='word_1_236' title='bbox 212 3740 310 3804; x_wconf 87' lang='lat' dir='ltr'>seris:</span> <span class='ocrx_word' id='word_1_237' title='bbox 355 3745 588 3818; x_wconf 80' lang='lat' dir='ltr'>tenuerunt3</span> <span class='ocrx_word' id='word_1_238' title='bbox 626 3739 849 3832; x_wconf 59' lang='lat' dir='ltr'>expeteris</span> <span class='ocrx_word' id='word_1_239' title='bbox 879 3772 922 3781; x_wconf 85' lang='lat'>—</span> <span class='ocrx_word' id='word_1_240' title='bbox 951 3738 1080 3820; x_wconf 88' lang='lat' dir='ltr'>prima</span> <span class='ocrx_word' id='word_1_241' title='bbox 1107 3740 1218 3805; x_wconf 89' lang='lat' dir='ltr'>acies</span> <span class='ocrx_word' id='word_1_242' title='bbox 1246 3740 1367 3804; x_wconf 87' lang='lat' dir='ltr'>facta.</span> 
     </span>
     <span class='ocr_line' id='line_1_33' title="bbox 212 3844 1369 3930; baseline 0.002 -20"><span class='ocrx_word' id='word_1_243' title='bbox 212 3847 306 3912; x_wconf 85' lang='lat' dir='ltr'>Levis</span> <span class='ocrx_word' id='word_1_244' title='bbox 329 3852 505 3911; x_wconf 86' lang='lat' dir='ltr'>armaturae</span> <span class='ocrx_word' id='word_1_245' title='bbox 528 3845 652 3910; x_wconf 83' lang='lat' dir='ltr'>auxilia</span> <span class='ocrx_word' id='word_1_246' title='bbox 674 3851 872 3928; x_wconf 88' lang='lat' dir='ltr'>separantur</span> <span class='ocrx_word' id='word_1_247' title='bbox 895 3844 937 3909; x_wconf 90' lang='lat' dir='ltr'>ab</span> <span class='ocrx_word' id='word_1_248' title='bbox 958 3845 1087 3909; x_wconf 89' lang='lat' dir='ltr'>Latinis</span> <span class='ocrx_word' id='word_1_249' title='bbox 1109 3853 1143 3911; x_wconf 91' lang='lat' dir='ltr'>et</span> <span class='ocrx_word' id='word_1_250' title='bbox 1159 3846 1254 3912; x_wconf 87' lang='lat' dir='ltr'>Italis</span> <span class='ocrx_word' id='word_1_251' title='bbox 1278 3848 1369 3930; x_wconf 90' lang='lat' dir='ltr'>equi-</span> 
     </span>
     <span class='ocr_line' id='line_1_34' title="bbox 212 3953 1369 4038; baseline 0.002 -19"><span class='ocrx_word' id='word_1_252' title='bbox 212 3955 300 4019; x_wconf 91' lang='lat' dir='ltr'>tibus</span> <span class='ocrx_word' id='word_1_253' title='bbox 339 3954 580 4038; x_wconf 89' lang='lat' dir='ltr'>peditibusque.</span> <span class='ocrx_word' id='word_1_254' title='bbox 644 3953 902 4018; x_wconf 87' lang='lat' dir='ltr'>Iaculatores</span> <span class='ocrx_word' id='word_1_255' title='bbox 943 3953 1130 4037; x_wconf 88' lang='lat' dir='ltr'>explicandi</span> <span class='ocrx_word' id='word_1_256' title='bbox 1171 3976 1273 4020; x_wconf 88' lang='lat' dir='ltr'>causa</span> <span class='ocrx_word' id='word_1_257' title='bbox 1307 3955 1369 4020; x_wconf 88' lang='lat' dir='ltr'>ad·</span> 
     </span>
     <span class='ocr_line' id='line_1_35' title="bbox 211 4060 1368 4148; baseline 0.002 -22"><span class='ocrx_word' id='word_1_258' title='bbox 211 4063 370 4146; x_wconf 87' lang='lat' dir='ltr'>scriptum</span> <span class='ocrx_word' id='word_1_259' title='bbox 387 4062 517 4127; x_wconf 91' lang='lat' dir='ltr'>videtur</span> <span class='ocrx_word' id='word_1_260' title='bbox 535 4061 566 4144; x_wconf 87' lang='lat' dir='ltr'>(e</span> <span class='ocrx_word' id='word_1_261' title='bbox 584 4083 654 4145; x_wconf 88' lang='lat' dir='ltr'>cap.</span> <span class='ocrx_word' id='word_1_262' title='bbox 667 4066 717 4141; x_wconf 87' lang='grc'>46,</span> <span class='ocrx_word' id='word_1_263' title='bbox 732 4065 763 4124; x_wconf 87' lang='grc'>1;</span> <span class='ocrx_word' id='word_1_264' title='bbox 786 4060 1048 4142; x_wconf 80' lang='lat' dir='ltr'>Baliaribus).</span> <span class='ocrx_word' id='word_1_265' title='bbox 1073 4061 1196 4144; x_wconf 78' lang='lat'>(1862.)</span> <span class='ocrx_word' id='word_1_266' title='bbox 1225 4062 1305 4148; x_wconf 86' lang='lat' dir='ltr'>Cap.</span> <span class='ocrx_word' id='word_1_267' title='bbox 1318 4069 1368 4142; x_wconf 88' lang='grc'>46,</span> 
     </span>
     <span class='ocr_line' id='line_1_36' title="bbox 213 4169 1369 4251; baseline 0.003 -18"><span class='ocrx_word' id='word_1_268' title='bbox 213 4175 232 4233; x_wconf 79' lang='lat'>5</span> <span class='ocrx_word' id='word_1_269' title='bbox 255 4193 295 4235; x_wconf 85' lang='lat' dir='ltr'>ex</span> <span class='ocrx_word' id='word_1_270' title='bbox 318 4170 544 4235; x_wconf 88' lang='lat' dir='ltr'>antetalius</span> <span class='ocrx_word' id='word_1_271' title='bbox 563 4170 616 4250; x_wconf 88' lang='lat' dir='ltr'>(P)</span> <span class='ocrx_word' id='word_1_272' title='bbox 634 4169 821 4235; x_wconf 84' lang='lat' dir='ltr'>iaciendum</span> <span class='ocrx_word' id='word_1_273' title='bbox 844 4175 931 4233; x_wconf 91' lang='lat' dir='ltr'>erat:</span> <span class='ocrx_word' id='word_1_274' title='bbox 955 4176 1043 4231; x_wconf 79' lang='lat' dir='ltr'>ante</span> <span class='ocrx_word' id='word_1_275' title='bbox 1065 4169 1166 4232; x_wconf 77' lang='lat' dir='ltr'>allos</span> <span class='ocrx_word' id='word_1_276' title='bbox 1189 4171 1369 4251; x_wconf 86' lang='lat' dir='ltr'>(habitus</span> 
     </span>
    </p>
   </div>
   <div class='ocr_carea' id='block_1_3' title="bbox 0 0 1534 5272">
    <p class='ocr_par' dir='ltr' id='par_1_5' title="bbox 0 0 1534 5272">
     <span class='ocr_line' id='line_1_37' title="bbox 0 0 1534 5272; baseline 0 2"><span class='ocrx_word' id='word_1_277' title='bbox 0 0 1534 5272; x_wconf 95' lang='lat' dir='ltr'> </span> 
     </span>
    </p>
   </div>
  </div>
 </body>
</html>
