3060 5272
226 372 287 427 Lib.
314 373 452 427 XXXVII.
779 364 841 423 530

315 544 394 628 Cap.
419 549 477 625 26,
508 551 526 611 6
556 555 590 611 et
619 553 636 610 7
667 547 723 627 (de
748 543 908 610 Antiocho
931 546 1080 624 Notium,
1110 545 1267 630 oppidum
1290 544 1393 612 Colo-

227 651 434 735 phoniorum,
458 653 697 736 oppugnantel:
721 655 767 717 Et
792 656 919 737 ipsam
943 653 1079 717 urbem
1103 674 1182 717 suae
1204 660 1393 737 poteste-

228 760 282 823 tis
314 780 403 825 esse
426 761 607 839 volebat,
637 762 738 825 adeo
762 761 1033 844 propinquam
1056 759 1235 845 Epheso,
1264 767 1310 825 ut
1332 761 1391 827 ni-

226 866 284 932 hil
308 875 424 933 terra
446 869 598 933 marive
621 867 760 952 (Ephesi
783 867 978 948 Antiochus)
1002 874 1151 948 ageret,
1180 868 1285 949 qnod
1308 888 1390 933 non

229 975 459 1040 subiectum
494 975 627 1041 oculis
657 974 1008 1059 Colophoniorum
1042 995 1087 1039 ac
1121 996 1190 1059 per
1223 995 1291 1040 eos
1318 996 1392 1040 no·

228 1089 309 1146 tum
338 1083 543 1167 extemplo
568 1084 762 1147 Romanis
792 1090 919 1158 esset,
954 1104 1070 1164 quos,
1105 1083 1246 1147 audita
1273 1082 1390 1147 obsi·

228 1190 363 1270 dione,
397 1211 472 1255 non
512 1190 731 1255 dubitabat
766 1190 813 1254 ad
848 1210 959 1273 opem
987 1191 1109 1254 sociae
1137 1189 1229 1254 urbi
1250 1188 1391 1255 feren-

228 1297 313 1361 dam
353 1298 526 1363 classem
566 1320 586 1362 u
620 1296 739 1362 Samo
774 1304 973 1375 mot-uros3
1013 1318 1096 1361 eam
1130 1297 1390 1363 occasionem

227 1403 487 1487 Polyxenidae
518 1407 668 1470 adrem
691 1405 911 1487 gerendam
934 1403 1030 1468 lore.
1080 1403 1206 1469 Pendet
1227 1410 1268 1469 et
1289 1404 1388 1470 initio

227 1514 331 1577 totius
361 1513 530 1577 sententiae
558 1514 702 1596 positum
730 1533 790 1576 nec
813 1513 961 1594 sequitur
983 1511 1089 1576 altera
1111 1532 1212 1576 csuse
1231 1511 1310 1576 huic
1332 1511 1390 1595 (et

228 1619 358 1701 ipsam
381 1619 532 1701 urbem)
551 1620 770 1703 respondens;
793 1641 869 1684 nem
893 1619 1056 1702 duplicem
1080 1640 1213 1684 causam
1235 1618 1391 1685 studiose

229 1734 389 1809 susceptee
423 1727 471 1791 rei
505 1726 681 1809 significari
717 1736 871 1811 apparet,
912 1726 1052 1790 alteram
1087 1728 1122 1790 in
1155 1726 1260 1808 ipsius
1292 1724 1390 1791 urbis

229 1834 435 1917 possessione
458 1835 615 1917 positam,
649 1835 789 1899 alteram
819 1836 852 1898 in
879 1855 915 1898 re
946 1835 1113 1899 adiuncta.
1171 1830 1311 1917 Scripsit
1332 1832 1389 1897 Li-

229 1943 315 2005 vius:
349 1942 398 2006 Et
425 1943 555 2024 ipsam
583 1942 718 2007 urbem
750 1964 827 2006 suae
851 1963 940 2006 esse
964 1943 1189 2025 potestatis
1211 1939 1388 2019 volebat,

227 2084 284 2127 —-,
314 2056 347 2113 et
382 2051 447 2112 bos
487 2050 698 2131 (Romanos),
735 2051 875 2114 audita
898 2050 1131 2128 obsidione,
1164 2070 1244 2113 non
1266 2047 1389 2113 dubi·

35 2154 45 2167 ’
143 2157 350 2240 (mettabel
373 2165 434 2222 cet.
490 2157 623 2223 Excidit
652 2165 796 2240 etpost
824 2165 950 2236 esset;
985 2156 1102 2221 deinde
1130 2156 1252 2221 factum
1276 2176 1388 2237 quos.

228 2264 265 2329 In
295 2264 519 2331 anacoluthon
546 2265 655 2330 Livius
688 2267 721 2328 in
755 2266 815 2329 tali
844 2265 1002 2329 orationis
1031 2263 1137 2329 forma
1164 2270 1233 2328 tem
1266 2270 1387 2346 aperte

228 2373 381 2436 instituta
404 2380 437 2437 et
460 2380 527 2437 tam
550 2372 639 2436 facili
662 2373 807 2437 incidere
831 2393 896 2436 non
919 2373 1037 2454 potuit.
1087 2370 1191 2435 Paulo
1214 2375 1297 2453 post,
1325 2369 1389 2435 ubi

119 2504 123 2513 ·
228 2481 338 2560 agitur
362 2480 402 2544 de
433 2479 467 2543 L.
492 2480 624 2544 AEmilio
653 2487 794 2563 praetore
828 2485 1003 2543 cunctante
1036 2477 1248 2561 Colophoniis
1278 2476 1389 2557 (Notii

227 2585 357 2666 incolis)
392 2587 550 2651 auxilium
583 2587 686 2657 ferre,
726 2587 773 2650 sic
813 2586 969 2650 scribitur
1004 2585 1034 2668 (ξ
1073 2585 1141 2666 12);
1182 2584 1388 2650 Eudamus

227 2693 426 2770 Rhodius,
467 2695 536 2775 qui
570 2701 609 2758 et
642 2701 834 2758 tenuerat
868 2715 954 2758 eum
999 2693 1106 2758 Sami
1151 2694 1388 2776 cupientem

228 2799 443 2884 proficisci
472 2801 511 2864 in
539 2799 866 2884 Hellespontum,
902 2803 1120 2884 cunctique
1155 2802 1315 2865 instare
1343 2806 1389 2865 et

229 2908 382 2983 dicere,
416 2917 569 2991 quanto
603 2911 735 2973 setius
771 2930 861 2973 esse
895 2908 957 2973 vel
994 2909 1131 2973 socios
1166 2906 1387 2973 obsidione

228 3017 401 3080 eximere
435 3016 496 3080 vel
532 3025 593 3081 cet.
650 3016 826 3094 Vitiosum,
859 3024 897 3080 ut
925 3017 1004 3080 ferri
1032 3021 1191 3097 nequeat:
1225 3015 1384 3093 dicere,

227 3130 381 3208 quanto
417 3125 546 3189 satius
581 3144 672 3189 esse
701 3123 959 3207 [perversissime
988 3130 1198 3206 comparetur
1227 3119 1293 3186 Cic.
1322 3142 1385 3204 pro

226 3231 293 3295 Mil.
319 3230 334 3313 ξ
365 3236 420 3309 16,
454 3230 586 3296 sublata
614 3239 706 3297 rectu
735 3231 1001 3314 interrogationis
1028 3229 1150 3294 forma:
1185 3234 1386 3313 qnantum

225 3374 270 3384 -
298 3337 560 3422 accepimus];
599 3340 626 3403 si
661 3346 769 3404 esset
802 3340 988 3422 scripseris,
1027 3338 1239 3422 subineptum
1270 3342 1385 3402 temen

228 3453 291 3511 est:
332 3447 483 3524 dicere,
517 3455 671 3529 quanto
706 3447 841 3510 satius
870 3453 998 3525 esset,
1033 3467 1133 3528 quum
1161 3445 1385 3510 rectissimum

227 3562 326 3618 esset:
367 3589 411 3599 —
443 3555 621 3633 instare3
661 3560 814 3637 quanto
854 3554 987 3618 setius
1021 3573 1110 3617 esse
1144 3558 1223 3633 cet.;
1261 3550 1385 3617 saltem

227 3661 379 3726 dixisset:
414 3667 453 3725 et
480 3661 691 3725 disserere
715 3668 772 3724 eut
795 3669 833 3724 et
855 3660 1027 3742 exsequi
1049 3667 1107 3724 eut
1129 3661 1289 3724 instare
1312 3679 1385 3723 ex·

227 3768 444 3852 sequendo.
489 3767 621 3847 Vereor,
649 3789 690 3831 ne
712 3768 866 3832 mendum
889 3767 997 3832 subsit
1020 3766 1296 3851 scribendumque
1320 3766 1382 3832 sit:

226 3877 396 3953 instare,
425 3882 467 3939 ut
490 3874 674 3940 duceret:
704 3875 866 3954 Quo-nto
891 3877 1021 3941 satius
1044 3896 1134 3941 esse
1157 3881 1219 3939 cet.
1261 3872 1327 3938 cfr.
1352 3894 1381 3939 c.

228 3986 277 4061 39,
303 3987 337 4046 3:
367 3981 668 4047 Conclamatum
692 3983 870 4066 undique
893 3990 964 4062 est,
985 3983 1153 4048 duceret
1176 3980 1382 4064 extemplo

227 4096 267 4155 et
290 4097 480 4155 uteretur
502 4090 648 4155 ardore
671 4090 855 4155 militum.
