3060 5272
227 366 290 422 Lib.
308 365 433 421 XXXIX.
775 359 835 419 562

227 539 364 604 verbnm
387 539 539 603 dixerit
561 540 742 605 tollendum
772 562 857 621 esse;
891 545 1104 624 nequeenim
1128 544 1309 627 quidquam
1338 546 1394 611 vi-

226 647 316 712 vacis
338 648 459 730 ingenii
483 648 516 710 in
539 669 578 713 eo
602 655 750 731 apparet,
779 649 867 730 qnod
895 656 1069 714 accusatus
1102 658 1166 731 est,
1199 651 1258 717 sed
1292 654 1392 737 quod

224 756 298 838 ipse
321 775 456 820 causam
480 756 599 831 oravit,
623 762 844 839 accurateque
866 755 935 820 haec
960 757 1024 821 duo
1049 758 1134 822 inter
1156 778 1190 823 se
1212 761 1388 827 contraria

224 862 421 941 referuntur,
444 860 601 927 Catonem
624 869 716 926 sexto
740 870 773 927 et
795 865 996 946 octogesimo
1020 886 1106 931 anno
1130 867 1237 949 ipsum
1258 887 1320 949 pro
1346 889 1390 935 se

224 991 359 1036 cansam
381 971 543 1050 oravisse,
567 971 778 1051 nonagesimo
803 969 943 1035 Galbam
966 992 1148 1037 accusasse.
1194 972 1359 1057 (1865.)¹)

310 1077 390 1161 Cap.
420 1083 471 1155 46,
496 1083 514 1142 5
538 1076 691 1158 Ussingio
719 1099 785 1142 non
819 1078 888 1142 sine
922 1099 1022 1143 causa
1044 1079 1214 1162 displicuit
1242 1080 1385 1149 verbum

224 1191 327 1264 erat3
350 1184 552 1269 significatur
571 1186 664 1263 enim,
683 1184 763 1267 quid
781 1184 972 1267 religionem
990 1188 1145 1252 iniectam
1162 1195 1385 1257 consecutum

222 1294 274 1372 sit,
298 1314 363 1357 non
385 1315 438 1357 res
462 1300 538 1357 ante
566 1293 665 1357 facta.
713 1291 838 1356 Saltem
855 1292 971 1358 melius
996 1295 1131 1359 verbnm
1154 1295 1264 1361 Livius
1293 1298 1381 1363 omi-

222 1404 328 1469 sisset.
353 1399 476 1481 (1865.)
512 1399 594 1482 [Iani
617 1400 796 1482 Rupertius
821 1410 883 1464 cst
905 1422 965 1482 pro
990 1400 1102 1483 erat]

308 1508 387 1592 Gap.
411 1512 462 1587 47,
487 1513 504 1570 9
529 1508 577 1588 (in
605 1528 764 1588 responso
794 1513 928 1571 senatus
952 1508 1118 1573 Demetrio
1141 1508 1285 1594 Philippi
1307 1510 1384 1579 filio

221 1617 330 1699 dato):
354 1615 481 1680 Multa
504 1621 542 1678 et
565 1613 823 1678 dissimulare
846 1622 885 1679 et
909 1615 1101 1680 oblivisci
1120 1623 1159 1681 et
1177 1619 1263 1701 pati
1280 1640 1381 1703 prte-

220 1725 349 1791 terita
372 1729 556 1787 senatum
579 1741 712 1804 posse,
736 1727 775 1785 et
798 1722 964 1786 credere
994 1725 1131 1803 etiam,
1164 1724 1381 1795 Demetrio

201 1830 467 1897 credendum
500 1850 599 1893 esse.
644 1828 735 1892 Mine
764 1828 813 1892 hae
843 1829 996 1911 ambages
1021 1838 1097 1894 sunt
1119 1831 1276 1915 loquendi
1299 1854 1380 1901 oum

218 1942 407 2024 importuna
419 1937 564 2003 eiusdem
581 1936 672 2000 verbi
682 1937 895 2018 repetitione,
918 1939 1101 2002 rectissime
1120 1939 1250 2005 codices
1262 1939 1378 2007 Lor.4

218 2055 252 2115 et
279 2047 385 2112 Mead.
416 2049 435 2109 2
469 2045 522 2124 (de
551 2045 585 2108 ll
618 2044 761 2123 tacet-nr)
795 2043 918 2108 habent
952 2050 1098 2109 tantum:
1134 2053 1172 2111 et
1205 2047 1378 2115 credere

218 2157 340 2222 etiam
362 2153 568 2218 Demetrio
597 2151 723 2233 (multa,
754 2151 794 2215 dc
822 2150 958 2231 multis).
992 2152 1166 2236 Polybium
1189 2154 1320 2235 (XXIV,
1343 2160 1376 2239 2,

217 2265 250 2345 9)
273 2265 339 2328 iam
368 2260 656 2326 Drakenborohius
679 2262 898 2342 compararit:
935 2265 1080 2339 ἀπόκρισιν
1113 2265 1210 2323 tiones
1244 2260 1274 2343 (ἡ
1303 2269 1374 2345 cop-

216 2370 332 2451 adrssoe),
365 2376 434 2442 διότι,
464 2375 525 2449 περὶ
556 2376 663 2429 πάντων
686 2375 729 2429 καὶ
755 2377 804 2429 τῶν
826 2373 971 2449 εἰρημένων
992 2374 1044 2430 ὑπ’
1068 2373 1151 2431 αὐτοῦ
1167 2375 1213 2431 καὶ
1231 2378 1283 2431 τῶν
1312 2375 1378 2433 dre-

215 2485 377 2560 yroiope'iuor
399 2485 541 2555 Δημητρίῳ
566 2482 693 2538 πιστεύει,
729 2475 840 2556 (Initio
861 2476 959 2539 liuius
983 2476 1100 2558 caplilS
1123 2478 1229 2540 orallo
1251 2477 1298 2541 Sic
1320 2479 1373 2543 ln·

214 2583 444 2667 tcrpnngenda
467 2589 525 2660 est,
550 2582 734 2664 significato
763 2582 826 2646 lcri
857 2583 1073 2647 anacolutho:
1107 2584 1375 2666 Responden-

216 2693 306 2757 dum
327 2724 371 2734 —
393 2689 597 2754 Demetrio
622 2696 718 2754 erat.
765 2687 891 2764 Quum
912 2690 1019 2755 haud
1042 2691 1164 2755 facile
1193 2698 1304 2768 esset
1326 2727 1373 2739 -

215 2798 430 2881 complecti
454 2796 539 2877 (nec
567 2798 669 2860 enim
696 2832 739 2841 —
761 2797 990 2878 indicatis),
1014 2798 1116 2862 nihil
1145 2798 1285 2863 horum
1306 2820 1370 2864 ne·

126 2926 203 2995 (458)
222 2905 557 2990 queDemctrium
578 2905 725 2969 docere
744 2905 924 2970 dilucide
943 2926 1014 2969 nec
1031 2928 1071 2970 sc
1089 2908 1190 2970 satis
1208 2906 1369 2988 liquido

213 3016 374 3080 discere
403 3013 450 3077 ab
480 3036 523 3079 eo
548 3020 713 3078 senatus
737 3034 852 3094 quum
876 3022 1065 3077 cerneret
1089 3034 1218 3096 posse,
1248 3013 1370 3078 simul

212 3131 273 3188 cet.
318 3122 357 3186 In
379 3121 485 3186 nihil
507 3121 649 3185 herum
671 3122 847 3185 resumitur
868 3120 1057 3200 sententia.)

297 3230 376 3313 Cap.
400 3236 450 3308 48,
474 3234 492 3291 2
517 3236 550 3293 et
573 3233 606 3292 3:
631 3228 765 3292 Multa
783 3236 821 3291 et
839 3227 1019 3312 parvulae
1039 3227 1370 3310 disceptationes

210 3339 477 3404 laetabantur
512 3337 567 3417 (ab
596 3336 715 3418 legatis
740 3334 994 3400 Lacedaemoniis
1022 3336 1056 3398 in
1089 3341 1240 3399 senatum
1263 3336 1368 3401 intro·

211 3445 350 3526 ductis);
385 3445 454 3509 sed
489 3465 571 3527 quic
605 3444 772 3506 maxime
802 3464 881 3507 rem
915 3444 1197 3522 continerent,
1232 3450 1366 3524 erant,

208 3560 341 3618 utrum
374 3552 714 3625 restituerentur,
751 3572 852 3631 quos
887 3550 1018 3614 ,tchaei
1052 3550 1368 3631 damnaverant,

208 3681 349 3737 necne,
384 3659 525 3739 inique
559 3679 607 3721 an
641 3659 728 3721 inre
764 3658 1033 3733 occidissent,
1069 3677 1168 3740 qnos
1202 3657 1365 3722 occide-

208 3774 315 3846 rant3
349 3766 591 3830 vertebatur
625 3772 680 3837 et,
715 3772 852 3828 utrum
885 3770 1100 3829 manerent
1123 3766 1163 3828 in
1188 3765 1367 3831 Achaico

234 4039 257 4105 ¹)
276 4037 353 4107 [Cap.
373 4041 414 4103 42,
436 4040 464 4088 ll
485 4053 543 4088 non
562 4035 622 4087 sine
640 4052 725 4087 causa
744 4034 891 4103 Sicsliycus
910 4052 961 4103 pro
981 4034 1041 4087 l'is
1059 4040 1096 4088 tu
1115 4035 1185 4100 -l,
1204 4034 1280 4102 qnod
1297 4052 1366 4102 qno·

275 4124 360 4177 ruodo
388 4122 506 4183 dicatur,
534 4138 558 4171 r.
587 4137 670 4188 supra
690 4138 715 4188 p.
735 4123 784 4173 229
803 4126 860 4173 not.
879 4120 905 4173 h.
926 4119 979 4187 cd„
1000 4119 1178 4173 scribendum
1206 4120 1366 4187 suspicatur

277 4208 340 4261 l'in
360 4213 396 4260 tu
412 4208 468 4259 -‘.>
492 4204 576 4274 leto]
