3060 5272
165 290 368 387 'narn'
749 316 810 377 184

200 502 250 568 ad
273 501 495 583 colloquia;
519 499 748 580 Quinctius,
770 521 886 584 quem
909 519 1112 566 armorum
1135 501 1261 567 etiam
1283 522 1363 586 pro

202 610 341 695 patria
370 610 550 674 satietas
572 614 752 687 teneret,
782 607 926 673 nedum
949 608 1148 675 adversus
1170 609 1360 694 patriam,

202 716 401 783 Corvinus
430 737 565 782 omnes
593 715 776 781 caritate
805 716 929 795 cives,
958 718 1169 801 praecipue
1199 717 1365 783 milites

201 831 240 890 et
262 831 355 889 ante
377 823 485 890 alios
508 845 620 890 suum
642 823 869 889 exercitum
892 824 1136 909 complexus,
1164 824 1213 891 ad
1235 823 1364 891 collo·

201 933 339 1016 quium
360 932 578 1017 processit.
613 930 788 1014 Cognito
813 932 848 996 ei
872 932 1362 1015 extemplo—silentium

201 1040 347 1106 datum.
397 1039 476 1104 Haec
506 1061 572 1105 non
599 1045 688 1106 recte
719 1039 842 1105 habere
866 1044 900 1104 et
922 1046 1064 1123 apparet
1085 1047 1120 1105 et
1141 1038 1275 1106 fuerunt
1303 1040 1365 1123 qui⁴

202 1147 510 1213 animadverterent.
568 1149 621 1213 lta
649 1148 735 1213 enim
765 1168 785 1211 a
812 1147 904 1213 Livio
933 1147 1107 1225 Quinctius
1137 1155 1171 1213 et
1198 1145 1365 1214 corvinus

132 1265 136 1273 '
201 1262 459 1339 componuntur,
494 1255 667 1338 diligenter
701 1261 876 1338 exaquata
903 1257 1064 1322 orationis
1094 1255 1217 1336 forma,
1249 1256 1298 1321 ita
1325 1255 1362 1321 in

200 1369 342 1446 utroque
366 1385 406 1429 ea
428 1370 734 1443 commemorantur,
764 1370 900 1447 propter
922 1384 995 1447 quae
1019 1363 1203 1430 concordiae
1226 1361 1364 1429 concili·

202 1471 297 1536 andae
325 1477 462 1536 conatus
490 1471 532 1536 ab
555 1473 595 1537 iis
619 1472 804 1555 exspectari
826 1472 987 1555 potuerit,
1017 1472 1181 1537 eminente
1203 1471 1305 1536 etiam
1325 1471 1361 1535 in

202 1580 312 1664 priore
347 1585 442 1661 parte
476 1577 531 1658 (de
559 1578 726 1660 Quinctio)
762 1579 796 1643 in
825 1579 896 1662 ipso
925 1578 1016 1644 verbi
1043 1578 1141 1645 modo
1171 1577 1364 1662 (teneret)

117 1699 187 1768 (156)
206 1707 315 1752 causae
343 1685 595 1768 significatione,
629 1693 666 1751 ut
698 1688 885 1753 necessario
922 1688 1137 1752 communiter
1165 1685 1291 1769 aliquid
1318 1686 1365 1753 de

201 1800 343 1876 utroque
362 1794 427 1858 dici
444 1792 566 1858 debeat
583 1814 644 1858 nec
661 1795 766 1877 possit
784 1795 851 1859 ullo
871 1794 967 1859 modo
986 1796 1151 1860 sententia
1168 1794 1277 1860 claudi
1293 1795 1361 1860 sin·

202 1901 325 1986 gularis
352 1901 479 1966 numeri
507 1900 607 1966 verbo
630 1901 673 1965 ad
695 1924 796 1966 unum
818 1900 993 1967 Corvinum
1015 1901 1281 1968 accommodato:
1312 1901 1364 1968 ad

203 2009 452 2093 colloquium
486 2010 701 2091 prooessit.
757 2008 843 2074 Nam
874 2010 918 2075 ad
945 2011 1033 2076 huno
1060 2033 1162 2077 unum
1188 2010 1253 2076 hoc
1285 2031 1363 2095 per·

202 2119 309 2184 tinere
332 2116 519 2196 ostendunt,
542 2137 613 2198 quae
637 2117 871 2182 subiiciuntur:
907 2116 1077 2202 Cognito
1101 2120 1137 2184 ei
1159 2117 1364 2202 extemplo

204 2232 267 2291 cet.
324 2224 389 2291 Sed
418 2224 567 2289 faciliore
595 2224 757 2304 remedio,
792 2246 891 2307 qnam
920 2225 1052 2306 credas,
1086 2247 1139 2291 res
1169 2225 1364 2310 expeditur;

202 2355 281 2399 nam
303 2334 447 2412 Quinctii
474 2340 508 2397 et
531 2329 662 2398 Corvini
685 2333 820 2398 nomina
842 2334 1048 2416 appositione
1072 2333 1296 2417 adiunguntur
1317 2333 1362 2399 ad

195 2441 254 2521 id,
289 2440 377 2525 quod
403 2441 586 2524 praecessit,
621 2440 756 2519 duces,
792 2441 854 2504 etsi
883 2440 959 2505 huic
989 2440 1100 2507 Livius
1128 2440 1257 2506 addidit
1284 2442 1366 2507 iam

206 2549 382 2629 milites,
415 2548 478 2613 hoc
511 2547 598 2610 enim
626 2546 801 2613 obscurato
830 2547 874 2612 ad
897 2547 1057 2631 dignitate
1080 2550 1290 2633 praestantius
1310 2569 1365 2615 re·

206 2657 298 2741 liqua
331 2654 601 2721 accommodatur
635 2657 741 2720 oratio
776 2654 893 2736 (multo
926 2633 1201 2738 facilius‘quam,
1236 2664 1274 2722 ut
1299 2655 1365 2722 hoc

205 2769 295 2844 utar,
329 2764 363 2827 in
390 2762 575 2827 Horatiano
604 2762 677 2826 illo:
712 2783 783 2845 ego
817 2762 976 2846 meique
1010 2763 1181 2846 vescor):
1215 2762 1365 2848 Itaque

206 2872 283 2936 iam
311 2869 449 2950 duces,
476 2871 552 2934 iam
580 2871 734 2936 milites
761 2872 953 2955 utrinqne
983 2891 1230 2954 congressus
1260 2892 1360 2956 qua·

206 2999 296 3044 rere
331 2978 380 3044 ad
408 2978 629 3061 colloquia,
665 2979 897 3058 Quinctius,
933 2999 1045 3062 quem
1072 3014 1129 3058 -,
1165 2976 1364 3044 Corvinus

207 3107 341 3152 omnes
363 3122 407 3132 —
435 3086 677 3169 complexus.
727 3086 855 3151 Deinde
884 3086 927 3150 ad
950 3087 1133 3151 orationem
1156 3084 1365 3151 vinciendum

207 3200 241 3260 et
264 3195 306 3260 ab
328 3186 468 3277 utroque
492 3194 535 3258 ad
559 3195 700 3259 alterum
721 3194 962 3259 traducendam
984 3193 1170 3259 addendum
1193 3198 1252 3275 est,
1275 3193 1364 3278 quod

206 3309 283 3388 post
320 3302 553 3387 complexus
592 3303 728 3383 excidit,
766 3304 800 3367 is
833 3323 1030 3387 pronomen:
1076 3304 1110 3364 ls
1151 3302 1201 3367 ad
1235 3301 1366 3368 collo·

207 3412 345 3496 quium
373 3412 586 3494 processit.
644 3409 815 3492 Cognito
845 3412 884 3476 ei
913 3417 975 3475 cet.
1031 3407 1085 3491 (X,
1116 3413 1143 3490 l,
1173 3413 1306 3475 9recte
1328 3411 1366 3476 is

208 3518 368 3584 excidisse
403 3518 549 3583 creditur
582 3525 657 3602 post
680 3517 912 3601 Bubulcus)
968 3517 1076 3584 Unum
1103 3522 1214 3582 tamen
1241 3522 1363 3599 restat3

206 3647 312 3709 neque
336 3627 423 3691 enim
445 3626 555 3691 Liuius
577 3625 660 3691 dixit
683 3647 927 3709 congressus
951 3646 1134 3710 quaerere
1157 3624 1206 3689 ad
1229 3623 1366 3690 collo·

208 3735 303 3819 quia
336 3733 392 3816 (-
430 3734 568 3798 dixisset
604 3733 736 3813 saltem,
776 3735 803 3798 si
843 3734 924 3818 quid
961 3733 1149 3799 addendum
1187 3731 1231 3798 ad
1271 3752 1365 3798 con·

208 3861 372 3925 gressus
396 3841 597 3908 deliniendos
621 3847 767 3924 putaret,
796 3841 846 3906 ad
868 3840 1182 3924 colloquendum
1203 3841 1275 3923 -),
1304 3839 1367 3906 sed

208 3970 254 4015 ac
276 3949 496 4034 colloquia,
523 3956 560 4015 ut
583 3955 633 4015 est
655 3951 688 4014 in
711 3949 768 4029 Ll,
797 3950 860 4015 etsi
881 3950 915 4014 in
939 3948 1052 4014 codice
1076 3947 1255 4032 archetypo
1278 3948 1364 4012 alte·

208 4079 281 4124 rum
308 4058 374 4123 iam
400 4056 501 4123 fuisse
525 4058 638 4138 credo,
666 4056 781 4121 eodem
804 4056 900 4121 modo
923 4063 1051 4137 natum,
1080 4078 1145 4141 quo
1168 4055 1227 4135 IV,
1258 4059 1314 4135 34,
1344 4059 1367 4119 4

209 4164 256 4230 ab
290 4166 432 4250 equite
466 4164 515 4230 ad
549 4165 844 4244 centurionem,
885 4185 985 4247 quum
1020 4185 1036 4227 c
1069 4163 1170 4232 semel
1205 4164 1366 4247 scriptum
