3060 5272
241 346 303 403 Lib.
322 347 421 401 XXVI.
787 335 848 396 382
910 429 914 435 ἡ

242 538 305 603 que
328 519 444 582 eadem
467 539 601 602 prorsus
625 525 675 582 est
696 519 833 598 Liviani,
863 519 895 581 in
919 538 985 599 quo
1008 538 1184 598 versamur,
1206 518 1271 583 loci
1293 520 1398 598 ratio;

240 647 347 707 neque
382 627 468 689 enim
503 626 622 706 singuli
652 626 854 709 singularum
883 624 1015 690 urbium
1043 626 1146 708 legati
1177 624 1255 706 (etsi
1283 625 1397 709 plnres

240 733 445 817 singularum
480 732 610 798 urbium
644 734 786 798 fortasse
819 732 968 814 luerunt)
1002 754 1038 798 se
1066 733 1154 798 solos
1183 733 1333 798 abituros
1356 754 1396 798 ex

240 841 353 908 Sicilia
376 840 547 919 dicebant,
576 841 634 905 sed
664 843 783 906 civium
806 862 940 906 suorum
962 839 1070 931 verbis
1092 840 1330 924 loquebantur,
1358 845 1399 904 ut

241 972 297 1029 se,
336 947 613 1031 quemadmodum
648 950 827 1033 saepissime
861 949 949 1030 apud
983 948 1110 1012 Livium
1144 948 1178 1011 in
1210 947 1396 1031 legatorum

240 1058 388 1122 oratione
410 1055 592 1133 reddenda,
622 1056 665 1121 ad
688 1057 774 1121 cives
796 1056 960 1121 referatur
983 1062 1081 1135 (noe,
1109 1054 1144 1119 id
1167 1063 1233 1135 est,
1261 1075 1334 1137 ego
1356 1062 1396 1120 et

240 1167 345 1231 cives
379 1163 480 1244 mei).
535 1161 675 1241 (Eodem
706 1165 802 1228 modo
825 1163 932 1243 XXX,
961 1166 1018 1242 42,
1048 1166 1131 1227 3se
1153 1163 1187 1228 iu
1209 1163 1397 1246 legatorum

238 1272 457 1338 Macedonum
497 1272 645 1336 oratioue
679 1272 721 1336 ad
755 1271 942 1354 Philippum
975 1268 1141 1351 refertur.)
1202 1270 1320 1353 Itaque
1353 1268 1397 1335 ad

153 1393 223 1459 (312)
241 1381 302 1445 hos
329 1379 530 1462 singularum
560 1378 690 1443 urbium
714 1380 800 1443 cives
824 1398 936 1442 omnes
958 1377 1068 1442 Livius
1091 1378 1253 1461 pluralem
1276 1398 1398 1461 prouo-

239 1489 336 1553 minis
369 1484 573 1551 distributivi
606 1507 777 1552 numerum
811 1485 1083 1550 accommodavit:
1123 1485 1398 1551 adfirmantes

240 1617 281 1660 se
311 1617 389 1659 uon
417 1593 531 1657 modo
560 1614 670 1658 suam
699 1613 865 1670 quosque
894 1594 1069 1675 patriam
1091 1628 1134 1637 -
1155 1593 1396 1659 relicturos.

238 1702 365 1768 Eodem
392 1701 501 1782 capite
532 1698 548 1781 ἓ
582 1704 620 1763 10
649 1700 703 1780 (de
732 1700 918 1765 Hannibale
946 1707 981 1764 et
1002 1699 1183 1782 Marcello)
1204 1702 1238 1765 in
1266 1701 1398 1767 Pseri-
1454 1735 1457 1741 ·

238 1811 342 1876 bitur:
378 1829 422 1873 ex
451 1828 526 1888 quc
556 1809 709 1890 primus
737 1816 829 1891 post
852 1809 1029 1872 adversae
1052 1829 1196 1891 pugnae
1219 1808 1395 1891 gloriam

240 1922 421 2001 ceperat,
457 1935 548 1979 error
577 1921 668 1979 ortus
696 1916 827 1981 videtur
856 1937 895 1980 ex
925 1914 1084 1980 vocabulo
1113 1916 1312 1982 adversus
1341 1916 1395 1981 bia

238 2027 346 2109 posito
370 2025 402 2087 iu
426 2023 512 2086 huuc
533 2023 602 2087 fere
626 2023 773 2088 modum:
804 2045 849 2088 ex
873 2045 947 2104 quo
970 2024 1125 2106 primus
1148 2029 1243 2107 post
1264 2025 1396 2086 adrer-

238 2132 412 2195 alssluas
435 2131 531 2192 haud
555 2131 734 2195 adversae
757 2152 897 2215 pugnae
919 2131 1092 2212 gloriam
1117 2139 1296 2215 ceperat.

325 2240 404 2322 Cap.
429 2242 483 2317 30,
515 2243 562 2302 lO.
618 2238 669 2302 Ad
698 2239 786 2304 hunc
814 2238 939 2315 locum,
974 2239 1007 2302 in
1037 2261 1102 2321 quo
1127 2236 1324 2322 Syracusani
1353 2238 1395 2304 de

238 2349 372 2414 miseria
400 2367 459 2412 sua
487 2353 682 2427 queruntur,
715 2346 971 2427 intellegendum
1001 2346 1306 2430 emendandumque
1329 2347 1397 2413 duo

238 2456 383 2522 tenenda
406 2460 492 2531 suut,
515 2455 665 2535 primum,
690 2475 789 2534 quum
812 2461 888 2536 post
910 2460 1022 2518 tecta
1045 2454 1248 2520 exhausta
1270 2454 1397 2538 (direp-

238 2560 344 2642 tione)
362 2567 635 2626 commemoretur
656 2567 826 2641 tamquam
848 2561 963 2635 maius,
987 2561 1089 2626 bona
1112 2583 1274 2646 quoque
1295 2562 1396 2626 mul·

238 2670 293 2734 tis
323 2669 512 2749 adempta
539 2688 624 2748 esse,
657 2667 692 2731 id
720 2670 906 2732 necessario
935 2670 1100 2751 pertinere
1128 2669 1171 2733 ad
1193 2668 1396 2752 praediorum
1431 2672 1436 2681 '

239 2777 429 2852 (fundorum
453 2781 486 2837 et
509 2774 695 2853 domorum}
719 2774 993 2858 publicationem,
1023 2775 1141 2841 deinde
1170 2777 1298 2841 solum
1320 2798 1394 2841 uu·

240 2885 331 2949 dum
353 2904 418 2947 nou
440 2902 537 2964 posse
560 2882 721 2964 appellari
740 2882 978 2965 (appositione)
995 2883 1198 2968 reliquias
1221 2883 1396 2966 direptae

238 2992 427 3067 fortunae,
469 2991 624 3071 quoniam
664 2989 801 3072 direptae
842 2991 983 3055 fortunae
1018 2993 1150 3056 nomine
1183 2993 1398 3056 continentur
1506 2974 1508 2979 ¹

238 3097 467 3164 tautummodo
501 3117 555 3161 res
590 3104 772 3176 moventes,
813 3119 886 3179 quae
920 3098 998 3162 sclae
1032 3098 1130 3182 diripi
1163 3101 1396 3182 asportarique

238 3213 387 3291 possunt.
444 3205 560 3288 Itaque
593 3226 660 3268 uua
692 3204 807 3269 addita
841 3206 1075 3289 praepositione
1103 3206 1145 3269 iu
1172 3206 1259 3271 iuter
1286 3229 1333 3271 ue
1361 3214 1400 3273 at

237 3315 342 3380 nudo
366 3313 440 3394 (eu)
471 3311 680 3377 scribendum
711 3320 776 3378 est:
810 3313 870 3377 ita
897 3320 939 3377 ut
966 3333 1014 3377 ne
1042 3312 1080 3374 lu
1104 3313 1207 3378 nudo
1232 3314 1395 3398 quidem

238 3421 325 3488 solo
353 3421 546 3502 reliquiis
575 3420 747 3502 direptae
775 3420 954 3485 fortunae
983 3420 1094 3485 alere
1117 3440 1207 3485 sese
1230 3441 1277 3485 ac
1298 3441 1398 3487 suos

237 3536 415 3614 possent.
476 3527 549 3592 Hoc
587 3534 772 3611 queruntur
806 3526 1020 3609 Syracusani,
1054 3527 1111 3606 iis,
1146 3526 1268 3611 quibus
1301 3526 1390 3593 bona

237 3637 392 3719 adempta
426 3637 507 3714 sint,
540 3655 580 3699 ne
615 3634 738 3699 nudum
772 3634 905 3717 quidem
934 3634 1040 3699 solum
1069 3634 1239 3718 (direptis,
1272 3635 1397 3719 quibus

236 3746 434 3810 instructum
468 3750 501 3808 et
530 3748 722 3807 exornatum
749 3740 864 3822 fuerit)
897 3748 1038 3820 restare,
1071 3742 1106 3807 iu
1134 3763 1199 3826 quo
1227 3743 1286 3823 iis,
1320 3763 1395 3827 qua

236 3852 379 3936 direptio
402 3851 544 3917 fortunae
566 3849 747 3931 reliquerit,
779 3848 869 3914 alere
892 3871 927 3915 se
950 3851 1089 3932 possint.
1118 3848 1149 3933 (ἓ
1175 3854 1214 3914 12
1237 3851 1397 3931 quoniam

235 3959 307 4024 haec
341 3959 442 4025 verba
475 3957 558 4023 duae
591 3963 723 4040 captae
756 3956 831 4021 hoc
864 3978 966 4023 anuo
1000 3956 1123 4023 urbes
1151 3955 1396 4023 -babeant

235 4088 340 4150 neque
364 4089 384 4132 a
406 4065 562 4132 Marcello
590 4064 724 4130 iubente
758 4085 864 4147 neque
901 4086 975 4130 cum
1012 4066 1119 4130 ironia
1154 4065 1220 4130 dici
1246 4069 1397 4149 apparet,

236 4176 294 4241 scd
317 4183 446 4259 partem
468 4176 636 4240 continere
657 4166 779 4257 iniquae
803 4172 1013 4253 condicionis,
1042 4194 1114 4256 quae
1138 4172 1396 4257 imperatoribus
