3060 5272
223 358 287 413 mn.
305 356 390 411 xxv.
772 342 835 402 368

224 530 387 595 rationem
427 549 528 593 onera
568 526 747 591 amoliendi
787 525 969 590 indicatam
1003 525 1116 590 fuisse.
1177 524 1288 607 Atque
1320 523 1385 590 hoe

225 638 396 702 sententia
425 637 541 700 vitium
568 635 673 699 haeret
704 634 803 698 etiam
832 633 866 697 in
889 654 942 714 ea,
971 654 1070 718 quam
1093 631 1385 698 Weissenbornius

226 766 247 811 a
270 745 420 810 codicum
446 744 594 827 vestigiis
616 743 714 824 longe
737 741 892 806 recedens
916 741 1108 807 dubitanter
1130 742 1285 822 tentavit,
1312 760 1385 807 cor·

225 853 373 919 rectione
396 851 532 934 (facile
562 857 652 916 erat
678 849 999 932 trepidantibus.
1057 849 1183 926 Quum
1215 849 1385 915 amoliti

227 960 314 1042 cet).
370 961 420 1025 Ex
447 960 528 1039 illis,
564 981 636 1043 quae
666 958 750 1038 dixi,
783 959 929 1041 vestigiis
959 959 1029 1023 erui
1057 979 1156 1042 posse
1184 957 1315 1023 videtur
1342 957 1387 1022 ad

227 1091 296 1135 rem
319 1076 472 1153 perapte:
502 1066 627 1131 facile
651 1074 750 1131 erat.
795 1067 1007 1129 ludentes
1030 1066 1191 1129 sudibus
1213 1065 1386 1146 (iraten-

227 1184 285 1239 tes
313 1175 504 1256 trudibus)
534 1197 650 1258 quum
682 1175 843 1240 amoliti
867 1181 929 1240 cet.
986 1173 1129 1239 Sudibus
1158 1196 1176 1238 e
1203 1173 1386 1258 longinquo

227 1284 399 1350 trudentes
427 1304 617 1366 compagem
648 1289 681 1346 et
704 1304 824 1366 saepem
849 1282 1047 1347 clitellarum
1070 1303 1271 1364 onerumque
1293 1281 1386 1348 laxa·

228 1399 307 1457 runt
335 1401 369 1457 et
397 1392 525 1456 amoliti
555 1401 642 1455 sunt.
701 1390 880 1455 Sudibus
909 1390 1043 1475 quidem
1073 1391 1147 1472 (aut
1175 1389 1386 1472 trudibus)

228 1502 261 1564 in
284 1501 405 1565 litteris
429 1498 536 1564 sdibi
561 1499 665 1562 latere
689 1519 794 1580 prope
817 1507 944 1563 certum
966 1499 1103 1563 videtur.

316 1606 394 1690 Cap.
420 1610 474 1686 37,
507 1611 543 1670 ll
575 1606 630 1687 (de
655 1607 809 1670 Romanis
839 1606 949 1671 subito
973 1630 993 1672 a
1014 1627 1150 1671 maerore
1179 1613 1214 1671 et
1242 1606 1388 1689 querelis

230 1716 273 1781 ad
301 1722 493 1799 oppugnata
516 1737 536 1778 a
559 1715 678 1779 Poenis
702 1721 813 1778 castra
836 1714 1040 1779 defendenda
1063 1713 1260 1796 conversis):
1289 1714 1388 1780 Inde

231 1845 348 1888 rorso
382 1829 549 1906 repente
583 1824 621 1886 in
656 1823 759 1886 iram
787 1808 901 1887 lu'ctu
932 1823 1172 1887 discurrunt
1199 1823 1247 1887 ad
1276 1843 1389 1888 arma

231 1953 275 1996 ac
308 1932 435 1996 veluti
470 1931 632 2009 accensi
667 1930 780 1993 rabie
819 1930 1057 1997 discurrunt
1091 1932 1137 1996 ad
1172 1937 1314 2014 portas
1348 1938 1390 1997 et

230 2042 268 2105 in
298 2041 452 2105 hostem
479 2039 746 2122 neglegenter
775 2046 899 2120 atque
928 2040 1206 2122 incomposite
1229 2041 1388 2105 venien·

231 2156 308 2214 tem
331 2150 555 2213 incurrunt.
610 2147 704 2223 Quod
728 2146 864 2230 quidam
888 2147 1097 2225 adscribunt,
1130 2147 1276 2213 eiusdem
1299 2151 1389 2214 vocis

231 2259 462 2342 repetitionem
497 2277 517 2320 a
551 2256 642 2320 Livio
681 2276 747 2319 non
781 2255 927 2320 studiose
961 2256 1074 2333 vitari,
1116 2276 1285 2339 nunquam
1319 2263 1388 2321 tam

231 2366 326 2431 foede
361 2365 498 2430 eandem
531 2363 670 2427 formam
705 2363 854 2427 eiusdem
890 2363 980 2428 uerbi
1011 2364 1208 2447 interposita
1235 2364 1390 2428 coniunc-

232 2476 323 2539 tione
353 2473 532 2555 geminavit
560 2471 879 2552 (discurrunt—
902 2493 1010 2536 ao-
1034 2470 1302 2552 discurrunt),
1332 2472 1391 2537 ad-

232 2584 319 2646 iecto
343 2581 441 2645 etiam
465 2601 504 2644 ex
528 2579 643 2643 eadem
666 2579 777 2643 radice
802 2578 958 2644 simillimi
980 2581 1051 2644 soni
1074 2579 1171 2646 verbo
1196 2580 1248 2661 (et
1271 2615 1314 2625 -
1336 2581 1392 2644 in·

234 2688 428 2768 currunt).
479 2687 616 2750 Accedit
639 2686 728 2751 aliud
752 2688 861 2752 mendi
885 2687 1051 2768 indicium,
1081 2688 1168 2772 quod
1192 2708 1295 2771 prava
1316 2708 1392 2771 gra·

235 2796 366 2861 datione
406 2796 493 2859 inter
533 2794 718 2859 discursum
751 2794 792 2859 ad
828 2816 921 2860 arma
954 2803 987 2860 et
1021 2796 1064 2861 ad
1098 2804 1211 2880 portas
1244 2797 1392 2880 interpo-

234 2911 359 2968 nuntur
387 2903 457 2968 illa:
492 2903 605 2968 uelut
633 2905 795 2967 accensi
824 2904 952 2984 rabie,
981 2925 1055 2987 quae
1085 2905 1219 2987 propius
1247 2905 1391 2969 intuenti

235 3011 410 3095 apparebit
443 3011 485 3075 ad
520 3013 677 3095 impetum
711 3013 744 3075 in
778 3012 907 3077 hostem
941 3013 1116 3095 pertinere.
1179 2991 1255 3078 Sine
1290 3012 1392 3077 dubio

236 3121 346 3185 Livius
374 3118 456 3184 nihil
485 3121 547 3184 nisi
575 3120 646 3183 haec
676 3121 824 3204 scripsit:
864 3121 1104 3185 discurrunt
1132 3120 1180 3184 ad
1208 3141 1318 3186 arma
1347 3140 1393 3186 ac

235 3253 262 3293 r.
288 3250 317 3293 a.
340 3228 455 3294 rabie
484 3230 523 3293 in
547 3228 705 3292 hostem
727 3265 770 3273 —
792 3231 1025 3293 incurrunt.
1076 3227 1215 3294 Addidit
1236 3227 1294 3294 illa
1317 3227 1393 3293 dis·

235 3348 404 3402 currunt
427 3338 638 3421 adportas
662 3344 702 3401 et
725 3337 860 3421 aliquis,
891 3338 947 3418 qni
970 3336 1150 3419 pleniorem
1174 3338 1222 3402 rei
1245 3337 1393 3402 ordinem

235 3453 269 3510 et
307 3447 414 3510 exitus
449 3467 466 3510 e
500 3446 618 3510 castris
663 3447 861 3510 mentionem
903 3445 1119 3524 desiderarit,
1164 3443 1237 3527 [aut
1271 3445 1394 3528 potius,

237 3573 337 3637 quum
360 3555 393 3618 in
416 3555 566 3619 discursu
590 3553 653 3617 loci
678 3553 949 3635 significationem
972 3555 1166 3636 requireret,
1191 3573 1292 3636 supra
1315 3552 1395 3617 dis-

238 3668 408 3726 currunt
437 3662 484 3726 ad
514 3682 627 3725 arma
655 3661 789 3744 scripsit
816 3660 1055 3726 discurrunt
1084 3662 1133 3726 ad
1161 3668 1305 3744 portas
1333 3681 1394 3744 pro

238 3771 452 3849 correctione,
476 3790 579 3851 eaque
603 3769 763 3833 correctio
787 3768 853 3832 alio
876 3768 949 3833 loco
968 3770 1093 3834 inserta
1110 3775 1161 3834 est
1179 3767 1396 3850 additumque

238 3877 301 3962 et].
346 3878 465 3958 Livius,
496 3879 522 3943 si
546 3886 661 3962 portas
684 3865 985 3942 commemorandas
1008 3883 1167 3961 putasset,
1192 3875 1396 3960 scripsisset:

152 3999 226 4069 (302)
245 3988 484 4052 discurrunt
510 3987 558 4051 ad
587 4008 694 4052 arma
723 3991 761 4050 et
789 3985 837 4050 ad
865 3991 1011 4068 portas
1033 4005 1078 4050 ao
1101 3983 1229 4049 veluti
1253 3989 1315 4049 eet.
1361 3982 1396 4049 Si

240 4097 312 4178 quis
336 4097 455 4162 omissa
480 4095 638 4161 hocloco
662 4116 682 4159 a
705 4093 840 4159 librario
864 4093 964 4160 verba
986 4101 1020 4159 et
1043 4100 1160 4178 postea
1182 4093 1248 4158 alio
1272 4091 1397 4170 ordine,
