<?xml version="1.0" encoding="UTF-8"?>
<!DOCTYPE html PUBLIC "-//W3C//DTD XHTML 1.0 Transitional//EN"
    "http://www.w3.org/TR/xhtml1/DTD/xhtml1-transitional.dtd">
<html xmlns="http://www.w3.org/1999/xhtml" xml:lang="en" lang="en">
 <head>
  <title>
</title>
<meta http-equiv="Content-Type" content="text/html;charset=utf-8" />
  <meta name='ocr-system' content='tesseract 3.04.00' />
  <meta name='ocr-capabilities' content='ocr_page ocr_carea ocr_par ocr_line ocrx_word'/>
</head>
<body>
  <div class='ocr_page' id='page_1' title='image "./emendationesliv01madvgoog_0477.png"; bbox 0 0 3060 5272; ppageno 0'>
   <div class='ocr_carea' id='block_1_1' title="bbox 251 311 859 380">
    <p class='ocr_par' dir='ltr' id='par_1_1' title="bbox 251 311 859 380">
     <span class='ocr_line' id='line_1_1' title="bbox 251 311 859 380; baseline -0.012 -1"><span class='ocrx_word' id='word_1_1' title='bbox 251 324 314 380; x_wconf 80' lang='lat' dir='ltr'><strong>Lib.</strong></span> <span class='ocrx_word' id='word_1_2' title='bbox 332 323 431 378; x_wconf 87' lang='lat' dir='ltr'>XXXI.</span> <span class='ocrx_word' id='word_1_3' title='bbox 795 311 859 372; x_wconf 82' lang='grc'><strong>468</strong></span> 
     </span>
    </p>
   </div>
   <div class='ocr_carea' id='block_1_2' title="bbox 154 493 1418 3904">
    <p class='ocr_par' dir='ltr' id='par_1_2' title="bbox 246 493 1418 1329">
     <span class='ocr_line' id='line_1_2' title="bbox 251 493 1418 578; baseline 0.001 -20"><span class='ocrx_word' id='word_1_4' title='bbox 251 493 269 578; x_wconf 62' lang='lat'><strong>5</strong></span> <span class='ocrx_word' id='word_1_5' title='bbox 292 497 321 574; x_wconf 83' lang='grc'><strong>9,</strong></span> <span class='ocrx_word' id='word_1_6' title='bbox 342 494 400 559; x_wconf 89' lang='lat' dir='ltr'><strong>ubi</strong></span> <span class='ocrx_word' id='word_1_7' title='bbox 420 496 466 559; x_wconf 91' lang='lat' dir='ltr'><strong>sic</strong></span> <span class='ocrx_word' id='word_1_8' title='bbox 484 494 655 560; x_wconf 81' lang='lat' dir='ltr'>scribitur:</span> <span class='ocrx_word' id='word_1_9' title='bbox 679 495 936 558; x_wconf 80' lang='lat' dir='ltr'>Damocritus</span> <span class='ocrx_word' id='word_1_10' title='bbox 954 498 1113 577; x_wconf 78' lang='lat' dir='ltr'><strong>praetor,</strong></span> <span class='ocrx_word' id='word_1_11' title='bbox 1135 495 1201 577; x_wconf 90' lang='lat' dir='ltr'><strong>qui</strong></span> <span class='ocrx_word' id='word_1_12' title='bbox 1219 514 1342 559; x_wconf 76' lang='lat' dir='ltr'><strong>morte</strong></span> <span class='ocrx_word' id='word_1_13' title='bbox 1361 493 1418 559; x_wconf 80' lang='lat' dir='ltr'><strong>ad</strong></span> 
     </span>
     <span class='ocr_line' id='line_1_3' title="bbox 252 600 1415 682; baseline 0 -16"><span class='ocrx_word' id='word_1_14' title='bbox 252 601 544 667; x_wconf 87' lang='lat' dir='ltr'><strong>decernendum</strong></span> <span class='ocrx_word' id='word_1_15' title='bbox 565 601 719 667; x_wconf 89' lang='lat' dir='ltr'><strong>bellum</strong></span> <span class='ocrx_word' id='word_1_16' title='bbox 742 601 789 666; x_wconf 91' lang='lat' dir='ltr'><strong>ad</strong></span> <span class='ocrx_word' id='word_1_17' title='bbox 811 600 1067 682; x_wconf 80' lang='lat' dir='ltr'><strong>Naupactum</strong></span> <span class='ocrx_word' id='word_1_18' title='bbox 1091 608 1234 666; x_wconf 81' lang='lat' dir='ltr'><strong>auctor</strong></span> <span class='ocrx_word' id='word_1_19' title='bbox 1256 600 1415 682; x_wconf 82' lang='lat' dir='ltr'><strong>fuerat,</strong></span> 
     </span>
     <span class='ocr_line' id='line_1_4' title="bbox 250 706 1416 793; baseline 0.001 -21"><span class='ocrx_word' id='word_1_20' title='bbox 250 707 343 773; x_wconf 87' lang='lat' dir='ltr'><strong>valde</strong></span> <span class='ocrx_word' id='word_1_21' title='bbox 378 711 545 793; x_wconf 90' lang='lat' dir='ltr'><strong>suspicor,</strong></span> <span class='ocrx_word' id='word_1_22' title='bbox 581 708 757 774; x_wconf 88' lang='lat' dir='ltr'><strong>delendum</strong></span> <span class='ocrx_word' id='word_1_23' title='bbox 790 729 861 772; x_wconf 87' lang='lat' dir='ltr'><strong>esse</strong></span> <span class='ocrx_word' id='word_1_24' title='bbox 896 707 1091 773; x_wconf 83' lang='lat' dir='ltr'><strong>vocabulum</strong></span> <span class='ocrx_word' id='word_1_25' title='bbox 1120 714 1281 787; x_wconf 88' lang='lat' dir='ltr'><strong>auctor,</strong></span> <span class='ocrx_word' id='word_1_26' title='bbox 1316 706 1416 773; x_wconf 81' lang='lat' dir='ltr'><strong>mala</strong></span> 
     </span>
     <span class='ocr_line' id='line_1_5' title="bbox 249 813 1411 900; baseline -0.001 -20"><span class='ocrx_word' id='word_1_27' title='bbox 249 817 489 900; x_wconf 86' lang='lat' dir='ltr'><strong>interpretandi</strong></span> <span class='ocrx_word' id='word_1_28' title='bbox 523 815 700 881; x_wconf 78' lang='lat' dir='ltr'><strong>sedulitate</strong></span> <span class='ocrx_word' id='word_1_29' title='bbox 728 815 878 880; x_wconf 86' lang='lat' dir='ltr'><strong>additum</strong></span> <span class='ocrx_word' id='word_1_30' title='bbox 907 814 984 896; x_wconf 89' lang='lat' dir='ltr'><strong>(vid.</strong></span> <span class='ocrx_word' id='word_1_31' title='bbox 1014 815 1057 879; x_wconf 90' lang='lat' dir='ltr'><strong>ad</strong></span> <span class='ocrx_word' id='word_1_32' title='bbox 1090 813 1241 895; x_wconf 85' lang='lat' dir='ltr'>XXXIV,</span> <span class='ocrx_word' id='word_1_33' title='bbox 1270 817 1330 895; x_wconf 79' lang='lat'><strong>23,</strong></span> <span class='ocrx_word' id='word_1_34' title='bbox 1360 813 1411 897; x_wconf 80' lang='lat'><strong>2).</strong></span> 
     </span>
     <span class='ocr_line' id='line_1_6' title="bbox 248 921 1412 1007; baseline 0 -20"><span class='ocrx_word' id='word_1_35' title='bbox 248 921 333 989; x_wconf 88' lang='lat' dir='ltr'><strong>Nam</strong></span> <span class='ocrx_word' id='word_1_36' title='bbox 361 944 475 988; x_wconf 85' lang='lat' dir='ltr'><strong>morae</strong></span> <span class='ocrx_word' id='word_1_37' title='bbox 504 944 591 990; x_wconf 86' lang='lat' dir='ltr'><strong>esse</strong></span> <span class='ocrx_word' id='word_1_38' title='bbox 621 922 668 988; x_wconf 91' lang='lat' dir='ltr'><strong>ad</strong></span> <span class='ocrx_word' id='word_1_39' title='bbox 696 921 852 1007; x_wconf 89' lang='lat' dir='ltr'><strong>aliquid</strong></span> <span class='ocrx_word' id='word_1_40' title='bbox 880 928 970 987; x_wconf 87' lang='lat' dir='ltr'><strong>recte</strong></span> <span class='ocrx_word' id='word_1_41' title='bbox 994 928 1027 985; x_wconf 85' lang='lat' dir='ltr'><strong>et</strong></span> <span class='ocrx_word' id='word_1_42' title='bbox 1048 923 1171 987; x_wconf 90' lang='lat' dir='ltr'><strong>usitate</strong></span> <span class='ocrx_word' id='word_1_43' title='bbox 1194 921 1333 1001; x_wconf 91' lang='lat' dir='ltr'><strong>dicitur,</strong></span> <span class='ocrx_word' id='word_1_44' title='bbox 1367 926 1412 987; x_wconf 88' lang='lat' dir='ltr'><strong>ut</strong></span> 
     </span>
     <span class='ocr_line' id='line_1_7' title="bbox 249 1028 1411 1112; baseline -0.001 -16"><span class='ocrx_word' id='word_1_45' title='bbox 249 1030 297 1096; x_wconf 92' lang='lat' dir='ltr'><strong>ad</strong></span> <span class='ocrx_word' id='word_1_46' title='bbox 331 1052 406 1095; x_wconf 92' lang='lat' dir='ltr'><strong>cum</strong></span> <span class='ocrx_word' id='word_1_47' title='bbox 434 1030 534 1097; x_wconf 88' lang='lat' dir='ltr'><strong>verbe</strong></span> <span class='ocrx_word' id='word_1_48' title='bbox 563 1032 796 1112; x_wconf 74' lang='lat' dir='ltr'><strong>coniungatur,</strong></span> <span class='ocrx_word' id='word_1_49' title='bbox 831 1034 977 1093; x_wconf 81' lang='lat' dir='ltr'><strong>auctor</strong></span> <span class='ocrx_word' id='word_1_50' title='bbox 1009 1050 1125 1093; x_wconf 87' lang='lat' dir='ltr'><strong>morae</strong></span> <span class='ocrx_word' id='word_1_51' title='bbox 1158 1028 1205 1093; x_wconf 87' lang='lat' dir='ltr'><strong>ad</strong></span> <span class='ocrx_word' id='word_1_52' title='bbox 1239 1028 1411 1111; x_wconf 85' lang='lat' dir='ltr'><strong>aliquid</strong></span> 
     </span>
     <span class='ocr_line' id='line_1_8' title="bbox 247 1136 1409 1220; baseline 0 -19"><span class='ocrx_word' id='word_1_53' title='bbox 247 1136 491 1218; x_wconf 89' lang='lat' dir='ltr'><strong>faciendum,</strong></span> <span class='ocrx_word' id='word_1_54' title='bbox 525 1143 562 1202; x_wconf 93' lang='lat' dir='ltr'><strong>ut</strong></span> <span class='ocrx_word' id='word_1_55' title='bbox 589 1139 639 1202; x_wconf 92' lang='lat' dir='ltr'><strong>ad</strong></span> <span class='ocrx_word' id='word_1_56' title='bbox 662 1140 880 1220; x_wconf 83' lang='lat' dir='ltr'><strong>coniungatur</strong></span> <span class='ocrx_word' id='word_1_57' title='bbox 902 1157 976 1201; x_wconf 90' lang='lat' dir='ltr'><strong>cum</strong></span> <span class='ocrx_word' id='word_1_58' title='bbox 998 1137 1149 1218; x_wconf 84' lang='lat' dir='ltr'><strong>genetivo</strong></span> <span class='ocrx_word' id='word_1_59' title='bbox 1170 1156 1302 1216; x_wconf 85' lang='lat' dir='ltr'><strong>merae,</strong></span> <span class='ocrx_word' id='word_1_60' title='bbox 1335 1156 1409 1202; x_wconf 89' lang='lat' dir='ltr'><strong>non</strong></span> 
     </span>
     <span class='ocr_line' id='line_1_9' title="bbox 246 1239 1330 1329; baseline -0.002 -21"><span class='ocrx_word' id='word_1_61' title='bbox 246 1250 338 1310; x_wconf 86' lang='lat' dir='ltr'><strong>recte</strong></span> <span class='ocrx_word' id='word_1_62' title='bbox 360 1243 489 1310; x_wconf 92' lang='lat' dir='ltr'><strong>dicitur.</strong></span> <span class='ocrx_word' id='word_1_63' title='bbox 535 1243 704 1329; x_wconf 83' lang='lat' dir='ltr'><strong>[Auctor</strong></span> <span class='ocrx_word' id='word_1_64' title='bbox 726 1246 883 1310; x_wconf 92' lang='lat' dir='ltr'><strong>omittunt</strong></span> <span class='ocrx_word' id='word_1_65' title='bbox 906 1242 1000 1308; x_wconf 88' lang='lat' dir='ltr'><strong>codd.</strong></span> <span class='ocrx_word' id='word_1_66' title='bbox 1024 1243 1099 1308; x_wconf 85' lang='lat' dir='ltr'><strong>Lov.</strong></span> <span class='ocrx_word' id='word_1_67' title='bbox 1124 1246 1143 1306; x_wconf 81' lang='grc'>2</span> <span class='ocrx_word' id='word_1_68' title='bbox 1167 1249 1201 1308; x_wconf 90' lang='lat' dir='ltr'><strong>et</strong></span> <span class='ocrx_word' id='word_1_69' title='bbox 1221 1239 1330 1326; x_wconf 84' lang='lat' dir='ltr'><strong>Harl]</strong></span> 
     </span>
    </p>

    <p class='ocr_par' dir='ltr' id='par_1_3' title="bbox 240 1348 1407 2611">
     <span class='ocr_line' id='line_1_10' title="bbox 333 1348 1406 1435; baseline 0 -19"><span class='ocrx_word' id='word_1_70' title='bbox 333 1351 412 1435; x_wconf 87' lang='lat' dir='ltr'><strong>Cap.</strong></span> <span class='ocrx_word' id='word_1_71' title='bbox 436 1357 491 1432; x_wconf 89' lang='lat'><strong>41,</strong></span> <span class='ocrx_word' id='word_1_72' title='bbox 521 1357 555 1429; x_wconf 88' lang='grc'><strong>8,</strong></span> <span class='ocrx_word' id='word_1_73' title='bbox 589 1353 646 1416; x_wconf 89' lang='lat' dir='ltr'><strong>ubi</strong></span> <span class='ocrx_word' id='word_1_74' title='bbox 675 1352 768 1416; x_wconf 90' lang='lat' dir='ltr'><strong>cedd.</strong></span> <span class='ocrx_word' id='word_1_75' title='bbox 793 1359 827 1415; x_wconf 90' lang='lat' dir='ltr'><strong>et</strong></span> <span class='ocrx_word' id='word_1_76' title='bbox 854 1352 1039 1434; x_wconf 83' lang='lat' dir='ltr'><strong>superiores</strong></span> <span class='ocrx_word' id='word_1_77' title='bbox 1063 1350 1137 1415; x_wconf 87' lang='lat' dir='ltr'><strong>edd.</strong></span> <span class='ocrx_word' id='word_1_78' title='bbox 1160 1349 1284 1415; x_wconf 87' lang='lat' dir='ltr'><strong>habent</strong></span> <span class='ocrx_word' id='word_1_79' title='bbox 1306 1348 1406 1416; x_wconf 89' lang='lat' dir='ltr'><strong>sub-</strong></span> 
     </span>
     <span class='ocr_line' id='line_1_11' title="bbox 246 1456 1407 1537; baseline 0.001 -15"><span class='ocrx_word' id='word_1_80' title='bbox 246 1460 442 1524; x_wconf 87' lang='lat' dir='ltr'><strong>iicieutes</strong></span> <span class='ocrx_word' id='word_1_81' title='bbox 477 1481 547 1525; x_wconf 88' lang='lat' dir='ltr'><strong>eos</strong></span> <span class='ocrx_word' id='word_1_82' title='bbox 581 1467 720 1524; x_wconf 87' lang='lat' dir='ltr'><strong>castra</strong></span> <span class='ocrx_word' id='word_1_83' title='bbox 748 1458 940 1522; x_wconf 84' lang='lat' dir='ltr'><strong>Phaecade</strong></span> <span class='ocrx_word' id='word_1_84' title='bbox 973 1458 1078 1537; x_wconf 88' lang='lat' dir='ltr'><strong>urbi,</strong></span> <span class='ocrx_word' id='word_1_85' title='bbox 1113 1456 1407 1524; x_wconf 83' lang='lat' dir='ltr'><strong>Weissenboruius</strong></span> 
     </span>
     <span class='ocr_line' id='line_1_12' title="bbox 246 1564 1405 1648; baseline 0.001 -19"><span class='ocrx_word' id='word_1_86' title='bbox 246 1574 356 1630; x_wconf 85' lang='lat' dir='ltr'><strong>autem</strong></span> <span class='ocrx_word' id='word_1_87' title='bbox 379 1565 524 1631; x_wconf 86' lang='lat' dir='ltr'><strong>Phaecae</strong></span> <span class='ocrx_word' id='word_1_88' title='bbox 546 1565 639 1629; x_wconf 93' lang='lat' dir='ltr'><strong>urbi</strong></span> <span class='ocrx_word' id='word_1_89' title='bbox 663 1567 809 1648; x_wconf 87' lang='lat' dir='ltr'><strong>scripsit,</strong></span> <span class='ocrx_word' id='word_1_90' title='bbox 842 1564 983 1630; x_wconf 82' lang='lat' dir='ltr'><strong>feliciter</strong></span> <span class='ocrx_word' id='word_1_91' title='bbox 1006 1565 1178 1647; x_wconf 86' lang='lat' dir='ltr'><strong>Ussingius</strong></span> <span class='ocrx_word' id='word_1_92' title='bbox 1206 1584 1318 1629; x_wconf 81' lang='lat' dir='ltr'><strong>verum</strong></span> <span class='ocrx_word' id='word_1_93' title='bbox 1342 1585 1405 1630; x_wconf 91' lang='lat' dir='ltr'><strong>no-</strong></span> 
     </span>
     <span class='ocr_line' id='line_1_13' title="bbox 245 1669 1404 1753; baseline 0.004 -19"><span class='ocrx_word' id='word_1_94' title='bbox 245 1693 319 1736; x_wconf 88' lang='lat' dir='ltr'><strong>men</strong></span> <span class='ocrx_word' id='word_1_95' title='bbox 342 1674 480 1736; x_wconf 81' lang='lat' dir='ltr'><strong>invenitt</strong></span> <span class='ocrx_word' id='word_1_96' title='bbox 513 1672 773 1737; x_wconf 82' lang='lat' dir='ltr'><strong>Pharcadoni</strong></span> <span class='ocrx_word' id='word_1_97' title='bbox 798 1672 886 1736; x_wconf 87' lang='lat' dir='ltr'><strong>urbi</strong></span> <span class='ocrx_word' id='word_1_98' title='bbox 910 1674 1046 1753; x_wconf 90' lang='lat' dir='ltr'><strong>eiusque</strong></span> <span class='ocrx_word' id='word_1_99' title='bbox 1068 1678 1169 1737; x_wconf 88' lang='lat' dir='ltr'><strong>testes</strong></span> <span class='ocrx_word' id='word_1_100' title='bbox 1192 1671 1284 1737; x_wconf 89' lang='lat' dir='ltr'><strong>dedit</strong></span> <span class='ocrx_word' id='word_1_101' title='bbox 1305 1669 1404 1739; x_wconf 82' lang='lat' dir='ltr'><strong>Stra-</strong></span> 
     </span>
     <span class='ocr_line' id='line_1_14' title="bbox 245 1777 1404 1863; baseline 0.002 -22"><span class='ocrx_word' id='word_1_102' title='bbox 245 1777 363 1843; x_wconf 78' lang='lat' dir='ltr'><strong>bonem</strong></span> <span class='ocrx_word' id='word_1_103' title='bbox 395 1779 457 1858; x_wconf 79' lang='lat' dir='ltr'><strong>IX,</strong></span> <span class='ocrx_word' id='word_1_104' title='bbox 492 1784 528 1857; x_wconf 82' lang='lat'><strong>5,</strong></span> <span class='ocrx_word' id='word_1_105' title='bbox 565 1783 603 1843; x_wconf 81' lang='lat'><strong>17</strong></span> <span class='ocrx_word' id='word_1_106' title='bbox 636 1803 667 1863; x_wconf 90' lang='lat' dir='ltr'><strong>p.</strong></span> <span class='ocrx_word' id='word_1_107' title='bbox 702 1785 764 1844; x_wconf 84' lang='grc'><strong>438</strong></span> <span class='ocrx_word' id='word_1_108' title='bbox 799 1779 873 1845; x_wconf 76' lang='lat' dir='ltr'><strong>Cas.</strong></span> <span class='ocrx_word' id='word_1_109' title='bbox 908 1779 976 1859; x_wconf 65' lang='lat' dir='ltr'><strong>(tou</strong></span> <span class='ocrx_word' id='word_1_110' title='bbox 1006 1786 1034 1842; x_wconf 71' lang='lat' dir='ltr'><strong>dr*</strong></span> <span class='ocrx_word' id='word_1_111' title='bbox 1064 1787 1109 1842; x_wconf 80' lang='grc' dir='ltr'><strong>καὶ</strong></span> <span class='ocrx_word' id='word_1_112' title='bbox 1132 1785 1284 1861; x_wconf 78' lang='grc' dir='ltr'><strong><em>ψαρκαδὼν</em></strong></span> <span class='ocrx_word' id='word_1_113' title='bbox 1310 1789 1340 1843; x_wconf 71' lang='grc' dir='ltr'><strong>ἐν</strong></span> <span class='ocrx_word' id='word_1_114' title='bbox 1366 1788 1404 1862; x_wconf 75' lang='grc' dir='ltr'><strong>τῇ</strong></span> 
     </span>
     <span class='ocr_line' id='line_1_15' title="bbox 243 1885 1403 1970; baseline 0.005 -23"><span class='ocrx_word' id='word_1_115' title='bbox 243 1885 426 1967; x_wconf 53' lang='lat' dir='ltr'><strong>‘retardata</strong></span> <span class='ocrx_word' id='word_1_116' title='bbox 451 1892 485 1952; x_wconf 90' lang='lat' dir='ltr'><strong>et</strong></span> <span class='ocrx_word' id='word_1_117' title='bbox 506 1886 694 1970; x_wconf 73' lang='lat' dir='ltr'><strong>Polyaenum</strong></span> <span class='ocrx_word' id='word_1_118' title='bbox 719 1888 770 1952; x_wconf 86' lang='lat' dir='ltr'><strong>IV.</strong></span> <span class='ocrx_word' id='word_1_119' title='bbox 795 1891 824 1963; x_wconf 81' lang='lat'><strong>2,</strong></span> <span class='ocrx_word' id='word_1_120' title='bbox 851 1892 899 1952; x_wconf 83' lang='grc'><strong>18.</strong></span> <span class='ocrx_word' id='word_1_121' title='bbox 951 1886 1069 1950; x_wconf 65' lang='lat' dir='ltr'><strong>Phaeca</strong></span> <span class='ocrx_word' id='word_1_122' title='bbox 1090 1885 1224 1964; x_wconf 90' lang='lat' dir='ltr'>XXXII,</span> <span class='ocrx_word' id='word_1_123' title='bbox 1249 1888 1288 1950; x_wconf 79' lang='lat'><strong>14</strong></span> <span class='ocrx_word' id='word_1_124' title='bbox 1310 1887 1403 1952; x_wconf 86' lang='lat' dir='ltr'><strong>inter</strong></span> 
     </span>
     <span class='ocr_line' id='line_1_16' title="bbox 245 1992 1400 2078; baseline 0.002 -21"><span class='ocrx_word' id='word_1_125' title='bbox 245 1992 413 2076; x_wconf 84' lang='lat' dir='ltr'><strong>Gomphos</strong></span> <span class='ocrx_word' id='word_1_126' title='bbox 447 2001 481 2059; x_wconf 87' lang='lat' dir='ltr'><strong>et</strong></span> <span class='ocrx_word' id='word_1_127' title='bbox 516 1994 643 2072; x_wconf 85' lang='lat' dir='ltr'><strong>fauces,</strong></span> <span class='ocrx_word' id='word_1_128' title='bbox 678 2016 751 2078; x_wconf 74' lang='lat' dir='ltr'><strong>quae</strong></span> <span class='ocrx_word' id='word_1_129' title='bbox 779 1994 983 2059; x_wconf 84' lang='lat' dir='ltr'><strong>Thessaliam</strong></span> <span class='ocrx_word' id='word_1_130' title='bbox 1018 1994 1061 2058; x_wconf 93' lang='lat' dir='ltr'><strong>ab</strong></span> <span class='ocrx_word' id='word_1_131' title='bbox 1090 1993 1291 2058; x_wconf 78' lang='lat' dir='ltr'><strong>Athamania</strong></span> <span class='ocrx_word' id='word_1_132' title='bbox 1318 1992 1400 2059; x_wconf 87' lang='lat' dir='ltr'><strong>diri-</strong></span> 
     </span>
     <span class='ocr_line' id='line_1_17' title="bbox 241 2095 1399 2185; baseline 0.001 -21"><span class='ocrx_word' id='word_1_133' title='bbox 241 2106 348 2180; x_wconf 90' lang='lat' dir='ltr'><strong>mant,</strong></span> <span class='ocrx_word' id='word_1_134' title='bbox 387 2095 473 2167; x_wconf 82' lang='lat' dir='ltr'><strong>esso</strong></span> <span class='ocrx_word' id='word_1_135' title='bbox 500 2101 636 2182; x_wconf 84' lang='lat' dir='ltr'><strong>dicitur3</strong></span> <span class='ocrx_word' id='word_1_136' title='bbox 679 2101 798 2180; x_wconf 82' lang='lat' dir='ltr'><strong>AEtoli,</strong></span> <span class='ocrx_word' id='word_1_137' title='bbox 836 2102 985 2185; x_wconf 83' lang='lat' dir='ltr'><strong>neglecto</strong></span> <span class='ocrx_word' id='word_1_138' title='bbox 1020 2100 1219 2184; x_wconf 78' lang='lat' dir='ltr'><strong>Amynandri</strong></span> <span class='ocrx_word' id='word_1_139' title='bbox 1258 2100 1399 2165; x_wconf 90' lang='lat' dir='ltr'><strong>oonsilio</strong></span> 
     </span>
     <span class='ocr_line' id='line_1_18' title="bbox 242 2206 1399 2293; baseline 0 -21"><span class='ocrx_word' id='word_1_140' title='bbox 242 2206 408 2292; x_wconf 86' lang='lat' dir='ltr'><strong>Gomphos</strong></span> <span class='ocrx_word' id='word_1_141' title='bbox 430 2207 578 2293; x_wconf 84' lang='lat' dir='ltr'><strong>petendi,</strong></span> <span class='ocrx_word' id='word_1_142' title='bbox 606 2210 641 2273; x_wconf 93' lang='lat' dir='ltr'><strong>in</strong></span> <span class='ocrx_word' id='word_1_143' title='bbox 668 2208 768 2292; x_wconf 87' lang='lat' dir='ltr'><strong>plana</strong></span> <span class='ocrx_word' id='word_1_144' title='bbox 790 2207 969 2272; x_wconf 78' lang='lat' dir='ltr'><strong>Thessalia</strong></span> <span class='ocrx_word' id='word_1_145' title='bbox 992 2208 1239 2273; x_wconf 86' lang='lat' dir='ltr'><strong>descenderant.</strong></span> <span class='ocrx_word' id='word_1_146' title='bbox 1291 2206 1399 2272; x_wconf 87' lang='lat' dir='ltr'><strong>Phar·</strong></span> 
     </span>
     <span class='ocr_line' id='line_1_19' title="bbox 242 2313 1398 2399; baseline -0.001 -19"><span class='ocrx_word' id='word_1_147' title='bbox 242 2314 399 2381; x_wconf 79' lang='lat' dir='ltr'><strong>sadonem</strong></span> <span class='ocrx_word' id='word_1_148' title='bbox 427 2315 601 2399; x_wconf 86' lang='lat' dir='ltr'><strong>Ussingius</strong></span> <span class='ocrx_word' id='word_1_149' title='bbox 634 2321 733 2399; x_wconf 88' lang='lat' dir='ltr'><strong>putat</strong></span> <span class='ocrx_word' id='word_1_150' title='bbox 767 2337 806 2380; x_wconf 90' lang='lat' dir='ltr'><strong>ee</strong></span> <span class='ocrx_word' id='word_1_151' title='bbox 834 2316 908 2380; x_wconf 93' lang='lat' dir='ltr'><strong>loco</strong></span> <span class='ocrx_word' id='word_1_152' title='bbox 938 2317 1034 2379; x_wconf 89' lang='lat' dir='ltr'><strong>sitam</strong></span> <span class='ocrx_word' id='word_1_153' title='bbox 1063 2315 1180 2393; x_wconf 87' lang='lat' dir='ltr'><strong>fuisse,</strong></span> <span class='ocrx_word' id='word_1_154' title='bbox 1215 2333 1281 2396; x_wconf 91' lang='lat' dir='ltr'><strong>quo</strong></span> <span class='ocrx_word' id='word_1_155' title='bbox 1311 2313 1398 2379; x_wconf 90' lang='lat' dir='ltr'><strong>Bur·</strong></span> 
     </span>
     <span class='ocr_line' id='line_1_20' title="bbox 240 2421 1398 2506; baseline -0.001 -18"><span class='ocrx_word' id='word_1_156' title='bbox 240 2425 353 2488; x_wconf 87' lang='lat' dir='ltr'><strong>sianus</strong></span> <span class='ocrx_word' id='word_1_157' title='bbox 370 2424 405 2487; x_wconf 94' lang='lat' dir='ltr'><strong>in</strong></span> <span class='ocrx_word' id='word_1_158' title='bbox 418 2422 551 2488; x_wconf 84' lang='lat' dir='ltr'><strong>Graeciae</strong></span> <span class='ocrx_word' id='word_1_159' title='bbox 564 2422 775 2506; x_wconf 84' lang='lat' dir='ltr'><strong>Geographia</strong></span> <span class='ocrx_word' id='word_1_160' title='bbox 792 2445 823 2506; x_wconf 92' lang='lat' dir='ltr'><strong>p.</strong></span> <span class='ocrx_word' id='word_1_161' title='bbox 839 2426 878 2486; x_wconf 84' lang='lat'><strong>53</strong></span> <span class='ocrx_word' id='word_1_162' title='bbox 894 2423 958 2504; x_wconf 89' lang='lat' dir='ltr'><strong>(ed.</strong></span> <span class='ocrx_word' id='word_1_163' title='bbox 975 2422 1006 2503; x_wconf 84' lang='lat'><strong>1)</strong></span> <span class='ocrx_word' id='word_1_164' title='bbox 1018 2422 1150 2501; x_wconf 87' lang='lat' dir='ltr'><strong>iudicat,</strong></span> <span class='ocrx_word' id='word_1_165' title='bbox 1172 2421 1229 2486; x_wconf 94' lang='lat' dir='ltr'><strong>ubi</strong></span> <span class='ocrx_word' id='word_1_166' title='bbox 1245 2441 1332 2485; x_wconf 90' lang='lat' dir='ltr'><strong>nuno</strong></span> <span class='ocrx_word' id='word_1_167' title='bbox 1344 2428 1398 2487; x_wconf 86' lang='lat' dir='ltr'><strong>est</strong></span> 
     </span>
     <span class='ocr_line' id='line_1_21' title="bbox 240 2529 622 2611; baseline -0.008 -16"><span class='ocrx_word' id='word_1_168' title='bbox 240 2529 415 2596; x_wconf 77' lang='lat' dir='ltr'><strong>Kololrcto.</strong></span> <span class='ocrx_word' id='word_1_169' title='bbox 462 2529 622 2611; x_wconf 83' lang='lat'><strong>(1863.)¹)</strong></span> 
     </span>
    </p>

    <p class='ocr_par' dir='ltr' id='par_1_4' title="bbox 239 2634 1396 3043">
     <span class='ocr_line' id='line_1_22' title="bbox 326 2634 1396 2721; baseline 0 -20"><span class='ocrx_word' id='word_1_170' title='bbox 326 2635 405 2721; x_wconf 86' lang='lat' dir='ltr'><strong>Cap.</strong></span> <span class='ocrx_word' id='word_1_171' title='bbox 428 2641 479 2716; x_wconf 77' lang='lat'><strong>43,</strong></span> <span class='ocrx_word' id='word_1_172' title='bbox 502 2643 537 2701; x_wconf 80' lang='lat'><strong>7:</strong></span> <span class='ocrx_word' id='word_1_173' title='bbox 560 2637 651 2700; x_wconf 84' lang='lat' dir='ltr'><strong>Haec</strong></span> <span class='ocrx_word' id='word_1_174' title='bbox 674 2658 719 2701; x_wconf 88' lang='lat' dir='ltr'><strong>ea</strong></span> <span class='ocrx_word' id='word_1_175' title='bbox 740 2643 882 2702; x_wconf 81' lang='lat' dir='ltr'><strong>aestate</strong></span> <span class='ocrx_word' id='word_1_176' title='bbox 905 2636 952 2701; x_wconf 89' lang='lat' dir='ltr'><strong>ab</strong></span> <span class='ocrx_word' id='word_1_177' title='bbox 975 2637 1162 2701; x_wconf 85' lang='lat' dir='ltr'><strong>Romanis</strong></span> <span class='ocrx_word' id='word_1_178' title='bbox 1184 2634 1396 2718; x_wconf 88' lang='lat' dir='ltr'><strong>Philippo·</strong></span> 
     </span>
     <span class='ocr_line' id='line_1_23' title="bbox 241 2739 1396 2827; baseline 0.001 -21"><span class='ocrx_word' id='word_1_179' title='bbox 241 2765 314 2827; x_wconf 85' lang='lat' dir='ltr'><strong>que</strong></span> <span class='ocrx_word' id='word_1_180' title='bbox 337 2751 452 2826; x_wconf 80' lang='lat' dir='ltr'><strong>gesta</strong></span> <span class='ocrx_word' id='word_1_181' title='bbox 475 2751 600 2809; x_wconf 89' lang='lat' dir='ltr'><strong>erant.</strong></span> <span class='ocrx_word' id='word_1_182' title='bbox 635 2744 778 2809; x_wconf 71' lang='lat' dir='ltr'><strong>Pratum</strong></span> <span class='ocrx_word' id='word_1_183' title='bbox 800 2765 871 2809; x_wconf 91' lang='lat' dir='ltr'><strong>esse</strong></span> <span class='ocrx_word' id='word_1_184' title='bbox 892 2745 926 2808; x_wconf 93' lang='lat' dir='ltr'><strong>in</strong></span> <span class='ocrx_word' id='word_1_185' title='bbox 950 2742 1177 2807; x_wconf 88' lang='lat' dir='ltr'><strong>concludenda</strong></span> <span class='ocrx_word' id='word_1_186' title='bbox 1198 2763 1308 2807; x_wconf 88' lang='lat' dir='ltr'><strong>rerum</strong></span> <span class='ocrx_word' id='word_1_187' title='bbox 1332 2739 1396 2807; x_wconf 89' lang='lat' dir='ltr'><strong>ali-</strong></span> 
     </span>
     <span class='ocr_line' id='line_1_24' title="bbox 240 2850 1394 2936; baseline -0.001 -22"><span class='ocrx_word' id='word_1_188' title='bbox 240 2852 333 2916; x_wconf 92' lang='lat' dir='ltr'><strong>cuius</strong></span> <span class='ocrx_word' id='word_1_189' title='bbox 361 2852 438 2916; x_wconf 90' lang='lat' dir='ltr'><strong>anni</strong></span> <span class='ocrx_word' id='word_1_190' title='bbox 466 2853 656 2917; x_wconf 85' lang='lat' dir='ltr'><strong>narratione</strong></span> <span class='ocrx_word' id='word_1_191' title='bbox 684 2850 1039 2936; x_wconf 86' lang='lat' dir='ltr'><strong>plusquamperfectum</strong></span> <span class='ocrx_word' id='word_1_192' title='bbox 1062 2856 1191 2934; x_wconf 87' lang='lat' dir='ltr'><strong>tempus</strong></span> <span class='ocrx_word' id='word_1_193' title='bbox 1213 2850 1394 2915; x_wconf 89' lang='lat' dir='ltr'><strong>constanti·</strong></span> 
     </span>
     <span class='ocr_line' id='line_1_25' title="bbox 239 2955 1393 3043; baseline 0.003 -24"><span class='ocrx_word' id='word_1_194' title='bbox 239 2980 302 3039; x_wconf 84' lang='lat' dir='ltr'><strong>que</strong></span> <span class='ocrx_word' id='word_1_195' title='bbox 330 2959 413 3023; x_wconf 77' lang='lat' dir='ltr'>Livii</span> <span class='ocrx_word' id='word_1_196' title='bbox 445 2979 507 3023; x_wconf 91' lang='lat' dir='ltr'><strong>usu</strong></span> <span class='ocrx_word' id='word_1_197' title='bbox 540 2958 705 3043; x_wconf 90' lang='lat' dir='ltr'><strong>postulari</strong></span> <span class='ocrx_word' id='word_1_198' title='bbox 739 2964 858 3041; x_wconf 83' lang='lat' dir='ltr'><strong>gesta</strong></span> <span class='ocrx_word' id='word_1_199' title='bbox 890 2958 1025 3040; x_wconf 91' lang='lat' dir='ltr'><strong>(omisso</strong></span> <span class='ocrx_word' id='word_1_200' title='bbox 1054 2958 1202 3040; x_wconf 88' lang='lat' dir='ltr'><strong>erant),</strong></span> <span class='ocrx_word' id='word_1_201' title='bbox 1236 2955 1393 3022; x_wconf 82' lang='lat' dir='ltr'><strong>Dukerus</strong></span> 
     </span>
    </p>

    <p class='ocr_par' dir='ltr' id='par_1_5' title="bbox 154 3062 1393 3904">
     <span class='ocr_line' id='line_1_26' title="bbox 154 3062 1393 3150; baseline -0.005 -16"><span class='ocrx_word' id='word_1_202' title='bbox 154 3078 226 3146; x_wconf 75' lang='lat'>(873)</span> <span class='ocrx_word' id='word_1_203' title='bbox 244 3065 328 3131; x_wconf 86' lang='lat' dir='ltr'><strong>vidit</strong></span> <span class='ocrx_word' id='word_1_204' title='bbox 358 3072 390 3130; x_wconf 89' lang='lat' dir='ltr'><strong>et</strong></span> <span class='ocrx_word' id='word_1_205' title='bbox 427 3072 501 3131; x_wconf 91' lang='lat' dir='ltr'><strong>octo</strong></span> <span class='ocrx_word' id='word_1_206' title='bbox 535 3064 682 3131; x_wconf 91' lang='lat' dir='ltr'><strong>locorum</strong></span> <span class='ocrx_word' id='word_1_207' title='bbox 718 3065 875 3149; x_wconf 80' lang='lat' dir='ltr'><strong>exemplis</strong></span> <span class='ocrx_word' id='word_1_208' title='bbox 904 3065 1122 3146; x_wconf 84' lang='lat' dir='ltr'><strong>confirmavit,</strong></span> <span class='ocrx_word' id='word_1_209' title='bbox 1163 3065 1283 3150; x_wconf 90' lang='lat' dir='ltr'><strong>quibus</strong></span> <span class='ocrx_word' id='word_1_210' title='bbox 1313 3062 1393 3129; x_wconf 86' lang='lat' dir='ltr'><strong>addi</strong></span> 
     </span>
     <span class='ocr_line' id='line_1_27' title="bbox 238 3171 1392 3257; baseline -0.003 -19"><span class='ocrx_word' id='word_1_211' title='bbox 238 3172 305 3238; x_wconf 89' lang='lat' dir='ltr'><strong>alia</strong></span> <span class='ocrx_word' id='word_1_212' title='bbox 332 3179 484 3257; x_wconf 88' lang='lat' dir='ltr'><strong>possunt,</strong></span> <span class='ocrx_word' id='word_1_213' title='bbox 514 3180 551 3239; x_wconf 90' lang='lat' dir='ltr'><strong>ut</strong></span> <span class='ocrx_word' id='word_1_214' title='bbox 573 3172 712 3250; x_wconf 88' lang='lat' dir='ltr'>XXXII,</span> <span class='ocrx_word' id='word_1_215' title='bbox 744 3176 801 3251; x_wconf 81' lang='lat'><strong>25,</strong></span> <span class='ocrx_word' id='word_1_216' title='bbox 832 3177 881 3238; x_wconf 80' lang='lat'><strong>12.</strong></span> <span class='ocrx_word' id='word_1_217' title='bbox 934 3173 998 3239; x_wconf 89' lang='lat' dir='ltr'><strong>Sed</strong></span> <span class='ocrx_word' id='word_1_218' title='bbox 1027 3173 1115 3238; x_wconf 90' lang='lat' dir='ltr'><strong>aliud</strong></span> <span class='ocrx_word' id='word_1_219' title='bbox 1144 3179 1196 3238; x_wconf 86' lang='lat' dir='ltr'><strong>est</strong></span> <span class='ocrx_word' id='word_1_220' title='bbox 1223 3179 1257 3238; x_wconf 88' lang='lat' dir='ltr'><strong>et</strong></span> <span class='ocrx_word' id='word_1_221' title='bbox 1284 3171 1392 3235; x_wconf 91' lang='lat' dir='ltr'><strong>maius</strong></span> 
     </span>
     <span class='ocr_line' id='line_1_28' title="bbox 236 3279 1391 3365; baseline -0.003 -20"><span class='ocrx_word' id='word_1_222' title='bbox 236 3282 351 3346; x_wconf 80' lang='lat' dir='ltr'><strong>vitium</strong></span> <span class='ocrx_word' id='word_1_223' title='bbox 378 3282 412 3345; x_wconf 95' lang='lat' dir='ltr'><strong>in</strong></span> <span class='ocrx_word' id='word_1_224' title='bbox 440 3302 493 3361; x_wconf 90' lang='lat' dir='ltr'><strong>eo,</strong></span> <span class='ocrx_word' id='word_1_225' title='bbox 528 3280 615 3364; x_wconf 92' lang='lat' dir='ltr'><strong>quod</strong></span> <span class='ocrx_word' id='word_1_226' title='bbox 644 3301 760 3365; x_wconf 85' lang='lat' dir='ltr'><strong>reapse</strong></span> <span class='ocrx_word' id='word_1_227' title='bbox 787 3303 853 3346; x_wconf 93' lang='lat' dir='ltr'><strong>non</strong></span> <span class='ocrx_word' id='word_1_228' title='bbox 882 3279 994 3346; x_wconf 92' lang='lat' dir='ltr'><strong>finitur</strong></span> <span class='ocrx_word' id='word_1_229' title='bbox 1021 3281 1183 3346; x_wconf 92' lang='lat' dir='ltr'><strong>hocloco</strong></span> <span class='ocrx_word' id='word_1_230' title='bbox 1210 3299 1322 3344; x_wconf 88' lang='lat' dir='ltr'><strong>rerum</strong></span> <span class='ocrx_word' id='word_1_231' title='bbox 1349 3297 1391 3342; x_wconf 88' lang='lat' dir='ltr'><strong>oa</strong></span> 
     </span>
     <span class='ocr_line' id='line_1_29' title="bbox 238 3383 1390 3473; baseline -0.001 -20"><span class='ocrx_word' id='word_1_232' title='bbox 238 3394 352 3455; x_wconf 76' lang='lat' dir='ltr'><strong>astate</strong></span> <span class='ocrx_word' id='word_1_233' title='bbox 385 3395 551 3472; x_wconf 85' lang='lat' dir='ltr'><strong>gestarum</strong></span> <span class='ocrx_word' id='word_1_234' title='bbox 579 3389 743 3470; x_wconf 71' lang='lat' dir='ltr'><strong>narratio,</strong></span> <span class='ocrx_word' id='word_1_235' title='bbox 778 3411 854 3454; x_wconf 88' lang='lat' dir='ltr'><strong>uam</strong></span> <span class='ocrx_word' id='word_1_236' title='bbox 887 3391 1044 3473; x_wconf 86' lang='lat' dir='ltr'><strong>proximis</strong></span> <span class='ocrx_word' id='word_1_237' title='bbox 1079 3389 1187 3454; x_wconf 88' lang='lat' dir='ltr'><strong>verbis</strong></span> <span class='ocrx_word' id='word_1_238' title='bbox 1216 3383 1390 3467; x_wconf 83' lang='lat' dir='ltr'><strong>(Classis</strong></span> 
     </span>
     <span class='ocr_line' id='line_1_30' title="bbox 237 3493 1389 3580; baseline 0 -20"><span class='ocrx_word' id='word_1_239' title='bbox 237 3518 258 3560; x_wconf 88' lang='lat' dir='ltr'><strong>a</strong></span> <span class='ocrx_word' id='word_1_240' title='bbox 287 3494 462 3580; x_wconf 83' lang='lat' dir='ltr'><strong>Corcyra</strong></span> <span class='ocrx_word' id='word_1_241' title='bbox 497 3493 574 3575; x_wconf 87' lang='lat' dir='ltr'><strong>cet.)</strong></span> <span class='ocrx_word' id='word_1_242' title='bbox 605 3496 725 3560; x_wconf 91' lang='lat' dir='ltr'><strong>transit</strong></span> <span class='ocrx_word' id='word_1_243' title='bbox 752 3495 862 3561; x_wconf 82' lang='lat' dir='ltr'><strong>Livius</strong></span> <span class='ocrx_word' id='word_1_244' title='bbox 891 3496 933 3562; x_wconf 92' lang='lat' dir='ltr'><strong>ad</strong></span> <span class='ocrx_word' id='word_1_245' title='bbox 960 3519 1014 3562; x_wconf 89' lang='lat' dir='ltr'><strong>res</strong></span> <span class='ocrx_word' id='word_1_246' title='bbox 1043 3498 1126 3562; x_wconf 91' lang='lat' dir='ltr'><strong>mari</strong></span> <span class='ocrx_word' id='word_1_247' title='bbox 1155 3494 1272 3561; x_wconf 86' lang='lat' dir='ltr'><strong>eodem</strong></span> <span class='ocrx_word' id='word_1_248' title='bbox 1300 3514 1389 3560; x_wconf 90' lang='lat' dir='ltr'><strong>anno</strong></span> 
     </span>
     <span class='ocr_line' id='line_1_31' title="bbox 235 3603 1390 3688; baseline -0.001 -22"><span class='ocrx_word' id='word_1_249' title='bbox 235 3610 347 3685; x_wconf 85' lang='lat' dir='ltr'><strong>gestas</strong></span> <span class='ocrx_word' id='word_1_250' title='bbox 375 3623 497 3686; x_wconf 87' lang='lat' dir='ltr'><strong>easque</strong></span> <span class='ocrx_word' id='word_1_251' title='bbox 520 3603 562 3666; x_wconf 89' lang='lat' dir='ltr'><strong>ad</strong></span> <span class='ocrx_word' id='word_1_252' title='bbox 586 3624 612 3667; x_wconf 90' lang='lat' dir='ltr'><strong>c.</strong></span> <span class='ocrx_word' id='word_1_253' title='bbox 636 3606 677 3666; x_wconf 81' lang='lat'><strong>47</strong></span> <span class='ocrx_word' id='word_1_254' title='bbox 699 3604 842 3670; x_wconf 89' lang='lat' dir='ltr'><strong>medium</strong></span> <span class='ocrx_word' id='word_1_255' title='bbox 864 3611 1055 3688; x_wconf 88' lang='lat' dir='ltr'><strong>persecutus</strong></span> <span class='ocrx_word' id='word_1_256' title='bbox 1077 3604 1124 3669; x_wconf 91' lang='lat' dir='ltr'><strong>ibi</strong></span> <span class='ocrx_word' id='word_1_257' title='bbox 1148 3603 1277 3668; x_wconf 86' lang='lat' dir='ltr'><strong>demum</strong></span> <span class='ocrx_word' id='word_1_258' title='bbox 1299 3605 1390 3666; x_wconf 84' lang='lat' dir='ltr'><strong>recte</strong></span> 
     </span>
     <span class='ocr_line' id='line_1_32' title="bbox 236 3709 1389 3797; baseline 0.001 -23"><span class='ocrx_word' id='word_1_259' title='bbox 236 3710 382 3775; x_wconf 90' lang='lat' dir='ltr'><strong>subiicit:</strong></span> <span class='ocrx_word' id='word_1_260' title='bbox 430 3709 519 3775; x_wconf 70' lang='lat' dir='ltr'><strong>Haec</strong></span> <span class='ocrx_word' id='word_1_261' title='bbox 557 3731 601 3776; x_wconf 87' lang='lat' dir='ltr'><strong>ea</strong></span> <span class='ocrx_word' id='word_1_262' title='bbox 639 3718 780 3777; x_wconf 86' lang='lat' dir='ltr'><strong>aestate</strong></span> <span class='ocrx_word' id='word_1_263' title='bbox 818 3718 930 3776; x_wconf 89' lang='lat' dir='ltr'><strong>terra</strong></span> <span class='ocrx_word' id='word_1_264' title='bbox 969 3712 1151 3797; x_wconf 90' lang='lat' dir='ltr'><strong>marique</strong></span> <span class='ocrx_word' id='word_1_265' title='bbox 1190 3709 1389 3777; x_wconf 84' lang='lat' dir='ltr'><strong>adversus</strong></span> 
     </span>
     <span class='ocr_line' id='line_1_33' title="bbox 235 3806 1387 3904; baseline -0.003 -23"><span class='ocrx_word' id='word_1_266' title='bbox 235 3816 580 3900; x_wconf 91' lang='lat' dir='ltr'><strong>Philippum-ab</strong></span> <span class='ocrx_word' id='word_1_267' title='bbox 598 3806 762 3885; x_wconf 89' lang='lat' dir='ltr'><strong>consule</strong></span> <span class='ocrx_word' id='word_1_268' title='bbox 777 3818 997 3903; x_wconf 86' lang='lat' dir='ltr'><strong>legatoque</strong></span> <span class='ocrx_word' id='word_1_269' title='bbox 1011 3821 1387 3904; x_wconf 82' lang='lat' dir='ltr'><strong>Romanis-gesta.</strong></span> 
     </span>
    </p>
   </div>
   <div class='ocr_carea' id='block_1_3' title="bbox 237 3991 464 3999">
    <p class='ocr_par' dir='ltr' id='par_1_6' title="bbox 237 3991 464 3999">
     <span class='ocr_line' id='line_1_34' title="bbox 237 3991 464 3999; baseline 0 -2"><span class='ocrx_word' id='word_1_270' title='bbox 237 3991 420 3999; x_wconf 80' lang='lat'><em>——-—---..-</em></span> <span class='ocrx_word' id='word_1_271' title='bbox 453 3992 464 3997; x_wconf 83' lang='lat'>-</span> 
     </span>
    </p>
   </div>
   <div class='ocr_carea' id='block_1_4' title="bbox 264 4061 1387 4229">
    <p class='ocr_par' dir='ltr' id='par_1_7' title="bbox 264 4061 1387 4229">
     <span class='ocr_line' id='line_1_35' title="bbox 264 4061 1387 4144; baseline 0.006 -22"><span class='ocrx_word' id='word_1_272' title='bbox 264 4070 289 4137; x_wconf 87' lang='lat'><strong>¹)</strong></span> <span class='ocrx_word' id='word_1_273' title='bbox 307 4068 384 4139; x_wconf 81' lang='lat' dir='ltr'><strong>[Gap.</strong></span> <span class='ocrx_word' id='word_1_274' title='bbox 404 4073 450 4137; x_wconf 81' lang='lat'><strong>42,</strong></span> <span class='ocrx_word' id='word_1_275' title='bbox 473 4074 491 4126; x_wconf 86' lang='grc'><strong>6</strong></span> <span class='ocrx_word' id='word_1_276' title='bbox 509 4071 689 4127; x_wconf 83' lang='lat' dir='ltr'><strong>scribendum</strong></span> <span class='ocrx_word' id='word_1_277' title='bbox 713 4073 825 4129; x_wconf 85' lang='lat' dir='ltr'><strong>ridetur</strong></span> <span class='ocrx_word' id='word_1_278' title='bbox 843 4074 884 4129; x_wconf 86' lang='lat' dir='ltr'><strong>ad</strong></span> <span class='ocrx_word' id='word_1_279' title='bbox 902 4061 1066 4129; x_wconf 88' lang='lat' dir='ltr'><strong>tumulum</strong></span> <span class='ocrx_word' id='word_1_280' title='bbox 1085 4092 1122 4130; x_wconf 87' lang='lat' dir='ltr'><strong>ac</strong></span> <span class='ocrx_word' id='word_1_281' title='bbox 1140 4079 1258 4128; x_wconf 86' lang='lat' dir='ltr'><strong>castra</strong></span> <span class='ocrx_word' id='word_1_282' title='bbox 1274 4091 1327 4144; x_wconf 86' lang='lat' dir='ltr'><strong>pro</strong></span> <span class='ocrx_word' id='word_1_283' title='bbox 1346 4075 1387 4129; x_wconf 73' lang='lat' dir='ltr'><strong>ad</strong></span> 
     </span>
     <span class='ocr_line' id='line_1_36' title="bbox 303 4157 794 4229; baseline 0.012 -20"><span class='ocrx_word' id='word_1_284' title='bbox 303 4157 466 4211; x_wconf 86' lang='lat' dir='ltr'><strong>tumulum</strong></span> <span class='ocrx_word' id='word_1_285' title='bbox 485 4159 526 4213; x_wconf 88' lang='lat' dir='ltr'><strong>ad</strong></span> <span class='ocrx_word' id='word_1_286' title='bbox 543 4165 669 4213; x_wconf 82' lang='lat' dir='ltr'><strong>castra.</strong></span> <span class='ocrx_word' id='word_1_287' title='bbox 708 4159 794 4229; x_wconf 74' lang='grc'><strong>1863]</strong></span> 
     </span>
    </p>
   </div>
   <div class='ocr_carea' id='block_1_5' title="bbox 0 0 1534 5272">
    <p class='ocr_par' dir='ltr' id='par_1_8' title="bbox 0 0 1534 5272">
     <span class='ocr_line' id='line_1_37' title="bbox 0 0 1534 5272; baseline 0 6"><span class='ocrx_word' id='word_1_288' title='bbox 0 0 1534 5272; x_wconf 95' lang='lat' dir='ltr'><strong> </strong></span> 
     </span>
    </p>
   </div>
  </div>
 </body>
</html>
