3060 5272
221 406 283 460 Lib.
302 404 397 461 XLIV.
764 395 826 456 700

222 579 398 644 Tollendus
421 578 540 645 deinde
563 578 580 662 ἓ
599 582 617 642 6
640 580 674 643 in
696 580 826 645 nomine
849 580 984 663 proprio
1000 580 1108 661 gravis
1132 600 1237 643 error:
1260 577 1376 644 Nono

124 690 127 697 '
224 694 319 771 post
352 687 416 752 die
451 686 562 768 (lembi
590 689 622 752 in
646 687 872 752 Macedoniam
896 688 999 769 missi)
1027 687 1074 752 ad
1103 687 1276 752 classem
1298 688 1375 750 iem

224 796 271 861 ed
296 795 455 878 Sigeum
478 801 654 861 stantem
677 795 901 862 redierunt.
936 795 1033 861 Inde
1052 794 1204 862 Subota
1226 793 1378 875 (insule

224 905 448 971 interiecta
471 912 535 970 est
557 904 743 969 Eleeeeet
770 903 886 985 Atho)
914 905 1148 970 treiiciunt.
1193 903 1377 970 Perversis·

64 1094 67 1103 Ι
224 1016 304 1080 sime
328 1012 527 1079 Subotorum
550 1013 634 1078 situs
658 1012 811 1077 definitur
832 1014 918 1078 inter
940 1013 1004 1078 duo
1026 1012 1099 1077 loce
1128 1013 1297 1105 minimum
1318 1011 1377 1076 tri·

105 1104 127 1157 ⁰
226 1125 318 1206 ginte
338 1121 494 1187 milliaria
516 1121 777 1205 geographorum
806 1141 967 1187 mensure
994 1120 1169 1199 distantia,
1197 1122 1283 1184 inter
1305 1139 1380 1202 quae

140 1232 214 1303 (⁶⁸1)
232 1230 358 1296 Lesbus
382 1236 415 1296 et
437 1230 579 1295 Lemnus
600 1229 779 1294 interiecta
801 1236 909 1309 erent,
937 1251 1038 1313 quum
1066 1229 1245 1313 praesertim
1268 1229 1382 1310 exiis,

226 1361 299 1422 quae
321 1345 519 1423 sequuntur,
554 1345 727 1421 appareat,
763 1359 802 1402 ex
836 1338 970 1421 specule
1004 1336 1202 1403 Subotorum
1235 1336 1381 1419 conspici

227 1449 376 1532 potuisse
399 1467 498 1511 neves
521 1446 612 1512 Elaee
633 1446 780 1525 Pheneo,
804 1444 960 1511 Chiorum
982 1447 1242 1530 promuntorium
1265 1453 1382 1529 peten-

228 1562 287 1621 tes.
331 1555 369 1620 In
393 1555 504 1620 codice
528 1554 684 1620 scribitur
705 1552 925 1632 Eleseetho,
949 1574 989 1618 ex
1012 1575 1076 1636 quo
1100 1553 1242 1619 efficitur
1264 1552 1380 1617 Eleeee

229 1670 268 1728 et
295 1662 393 1726 chlo.
437 1662 470 1727 Is
494 1662 577 1728 situs
600 1662 715 1726 insulae
742 1663 807 1727 toti
829 1662 1014 1727 narrationi
1037 1661 1232 1743 convenit.¹)
1277 1659 1381 1749 Paulo

231 1778 306 1855 post
329 1768 360 1854 (ᾗ
386 1770 437 1852 10)
461 1771 568 1835 oretio
593 1770 640 1834 sic
662 1770 924 1854 interpungenda
953 1776 1018 1835 est:
1053 1769 1130 1836 Sed
1159 1791 1277 1853 quum
1305 1770 1381 1833 iem

230 1878 820 1963 appropinquantium-forme
859 1878 1081 1944 lemborum
1115 1877 1224 1944 haud
1258 1876 1385 1942 dubie

231 1994 356 2066 esset,
388 2022 425 2031 -
460 1994 556 2052 tunc
588 1988 743 2052 iniecta
775 1988 1006 2072 trepidatio
1040 1994 1114 2053 est.
1161 1986 1236 2069 (Hic
1259 1971 1384 2070 primus

231 2096 430 2161 narrationis
453 2095 547 2178 qnasi
569 2095 691 2178 gredm
714 2102 776 2161 est.
821 2094 976 2180 Sequitur
998 2095 1229 2179 trepidationis
1252 2094 1385 2175 exitus.)

233 2204 357 2282 Quum
381 2203 607 2269 resistendi
630 2225 722 2288 spes
744 2204 857 2270 nulla
880 2211 1008 2283 esset,
1032 2202 1296 2286 inhabilique
1321 2223 1386 2267 ne·

232 2315 337 2378 vium
359 2333 505 2395 genere
539 2319 580 2377 et
603 2311 736 2377 Gallis
765 2314 828 2377 vix
862 2315 1042 2395 quietem
1076 2311 1311 2377 ferentibus
1343 2311 1386 2375 in

233 2422 350 2499 meri,
384 2441 477 2502 pars
500 2440 637 2485 eorum
665 2455 707 2465 —
740 2422 779 2484 in
802 2421 1056 2503 Erythraeam
1080 2428 1268 2498 enerunt,
1292 2438 1388 2503 pars

234 2536 295 2594 cet.
340 2528 423 2592 Tum
447 2525 469 2609 ξ’
490 2533 527 2591 13
561 2529 595 2592 in
629 2526 741 2592 codice
772 2536 835 2593 est:
871 2527 1117 2593 Cleuserent
1149 2529 1250 2593 enim
1285 2526 1386 2593 Chio

234 2631 523 2721 partesignari
547 2642 607 2700 cet.
654 2635 884 2701 Scribendum:
920 2636 1099 2701 etenim
1129 2634 1220 2701 Chii
1243 2643 1388 2720 portas

237 2748 315 2827 (non
337 2742 518 2829 portem),
544 2744 688 2826 ignari,
712 2744 779 2828 qui
801 2743 992 2827 fugerent
1015 2753 1085 2810 eut
1107 2752 1386 2829 sequerentur.

235 2852 320 2917 Nem
348 2850 421 2917 Chii
449 2851 593 2935 periculo
627 2852 734 2916 territi
769 2874 880 2917 omnes
913 2853 1006 2918 urbis
1040 2860 1155 2938 portas
1190 2853 1388 2931 clauserunt,

214 2961 323 3026 ·Gelli
357 2968 433 3026 ente
467 2981 580 3038 unem,
609 2980 706 3044 quem
731 2962 908 3044 petierant,
939 2962 1061 3027 exclusi
1085 2970 1170 3027 sunt.
1217 2962 1388 3027 Postremo

236 3068 316 3152 §16
351 3091 452 3151 quum
485 3070 520 3133 in
554 3069 665 3134 codice
699 3071 757 3136 sit:
792 3093 860 3155 spe
894 3072 1073 3137 celerius
1107 3071 1310 3153 ingressis
1344 3091 1391 3161 ers¹

235 3179 389 3256 lembis,
414 3179 512 3242 scribi
530 3177 642 3244 debet:
667 3199 740 3263 spe
763 3179 945 3245 celerius
962 3180 1165 3260 regressis
1183 3178 1211 3242 X
1231 3179 1390 3258 lembis,

237 3309 316 3365 non,
339 3296 375 3352 ut
399 3286 556 3370 Gryneus
579 3286 659 3352 fecit
680 3289 844 3373 ceterique
867 3295 1056 3367 tenuerunt,
1086 3288 1275 3365 reversis,
1298 3286 1389 3369 quod

238 3397 446 3480 perticipium
468 3395 556 3477 apud
573 3395 700 3461 Livium
722 3395 785 3461 hoc
807 3418 872 3461 uno
895 3397 967 3462 loco
985 3395 1049 3479 legi
1068 3394 1176 3459 credo.
1212 3393 1390 3478 [XXXVIL

237 3509 287 3584 24,
310 3509 329 3569 9
353 3503 534 3569 deteriores
557 3505 712 3569 reversi
735 3504 880 3584 hebent,
904 3505 937 3569 M
960 3511 994 3569 et
1016 3503 1042 3568 B
1065 3503 1249 3586 revecti]

324 3611 401 3696 Cep.
427 3615 476 3691 29,
500 3616 535 3675 2:
570 3613 714 3695 ltaque
748 3614 936 3697 permixti
966 3615 1213 3697 Romanique
1244 3620 1285 3677 et
1313 3612 1391 3704 Ma·

238 3722 413 3787 cedones
436 3728 477 3786 et
500 3720 689 3786 Eumenis
712 3721 882 3787 neveles
907 3723 1011 3787 socii
1029 3723 1068 3786 in
1091 3722 1252 3805 templo,
1276 3721 1391 3786 indu·

237 3831 318 3896 tias
341 3829 540 3912 religione
569 3829 650 3893 loci
679 3831 898 3913 praebente,
930 3831 1214 3896 versabantur.
1261 3827 1390 3895 Codex:

266 4106 287 4168 ¹)
306 4103 386 4171 Quod
414 4120 501 4172 nuper
528 4108 668 4157 tentatum
696 4103 787 4172 video,
816 4103 919 4158 Elueae
938 4110 971 4158 et
987 4106 1090 4170 Asso,
1119 4119 1209 4172 neque
1233 4104 1302 4156 situs
1320 4120 1388 4156 con·

309 4190 388 4242 venit
406 4189 508 4253 [Lesbo
527 4188 686 4253 interiecta)
713 4206 803 4258 neque
825 4190 931 4245 codicis
954 4189 1072 4257 vestigia
1089 4186 1267 4242 confirment.
1303 4187 1393 4242 Recte

309 4280 401 4328 temen
420 4274 550 4329 mendum
570 4272 794 4328 animadversum
813 4282 862 4329 est.
