3060 5272
197 381 260 436 Lib.
280 380 364 434 XXX.
744 367 807 429 438

201 550 256 634 (ex
283 550 391 616 Ovidii
413 552 502 615 Fast.
526 551 579 630 VI,
610 550 696 630 769).
742 550 849 633 Auget
872 574 939 614 non
961 550 1078 615 leviter
1099 549 1355 616 admirationem

199 660 247 724 rei
275 659 309 722 in
331 658 444 724 Africa
470 664 569 742 gestae
592 660 721 723 notatio
745 680 784 722 ex
808 657 860 721 die
883 657 968 723 festo
990 658 1126 723 urbano.
1179 656 1241 722 Sed
1266 655 1356 741 quod

200 773 302 850 caput
324 772 384 846 est,
413 788 479 831 non
503 768 611 850 potuit
634 772 692 830 aut
714 766 824 830 Livius
848 772 905 830 aut
928 768 1103 851 qnisquam
1126 787 1214 831 sanae
1236 765 1356 830 mentis

200 876 342 958 scriptor
365 875 430 939 diei
453 876 657 939 notationem
681 895 718 937 eo
741 874 824 952 loco,
854 895 920 955 quo
943 875 1052 958 posita
1075 880 1222 959 putatur,
1251 875 1355 938 inter·

199 983 300 1047 iicere
328 983 361 1046 in
390 982 498 1046 media
521 1003 637 1066 pugnae
662 980 882 1064 descriptione
906 983 991 1047 inter
1014 985 1200 1067 copiarum,
1235 981 1356 1066 quibus

200 1097 382 1173 pugnatum
405 1097 469 1169 est,
501 1089 754 1173 appellationem
780 1089 888 1174 (pars
912 1092 1118 1155 exercitus
1142 1111 1228 1154 cum
1252 1089 1356 1153 omni

201 1198 403 1282 equitatu)
428 1203 461 1262 11
482 1198 694 1281 participium
717 1219 790 1261 cnm
815 1219 854 1262 ea
877 1199 1095 1277 coniunctum,
1120 1199 1215 1283 quasi
1238 1203 1355 1262 notan-

201 1305 278 1370 dum
299 1306 414 1385 inerit,
449 1328 516 1370 non
544 1327 607 1387 quo
637 1306 690 1370 die
719 1312 791 1370 tota
818 1328 871 1370 res
900 1314 989 1385 acta,
1025 1306 1084 1371 sed
1112 1328 1176 1389 quo
1201 1305 1253 1370 die
1277 1326 1355 1389 pars

200 1415 363 1478 exercitus
404 1435 522 1496 agmen
561 1414 778 1478 Numidarum
820 1434 976 1497 aggressa
1016 1421 1111 1479 esset.
1172 1415 1239 1480 nuc
1278 1420 1356 1478 ante

200 1528 331 1605 tempus
354 1522 536 1586 notandum
560 1528 633 1585 erat
656 1522 764 1601 (Inde
788 1524 930 1605 primis
949 1522 1247 1587 Saturnalibus
1270 1541 1356 1605 pro·

201 1629 440 1693 cedentibus
464 1628 540 1710 cet.)
564 1636 623 1694 aut
645 1637 761 1713 postea
784 1651 932 1694 seorsum
956 1632 1024 1694 eius
1047 1632 1170 1695 mentio
1194 1629 1355 1695 addenda.

202 1735 314 1820 [Nulla
343 1737 473 1802 omnino
502 1737 560 1800 illa
588 1737 1158 1821 11111111111811111111111111111,
1193 1738 1357 1802 sedunus

200 1845 305 1909 iestns
329 1844 408 1908 dics.
459 1845 503 1910 Et
526 1852 652 1924 tamen,
683 1847 709 1909 si
735 1845 846 1909 Livius
869 1844 932 1910 hoc
956 1847 1127 1928 posuisset,
1155 1867 1195 1910 ex
1219 1845 1355 1928 antiquo

200 1951 291 2018 fonte
319 1952 535 2036 retinuisset]
588 1953 707 2036 ltaque
738 1953 986 2018 Saturnalia
1014 1954 1072 2018 illa
1101 1954 1230 2038 prima
1252 1954 1356 2017 mani·

201 2060 320 2125 festum
349 2068 401 2126 est
430 2068 504 2127 orta
534 2083 607 2126 esse
636 2068 668 2125 ct
698 2063 882 2145 composita
906 2084 944 2126 ex
966 2062 1080 2126 fractis
1103 2062 1253 2145 reliquiis
1275 2061 1357 2125 alio·

200 2192 272 2235 rum
301 2170 476 2234 verborum
503 2168 794 2252 (quemadmodum
822 2169 897 2235 illas
927 2171 960 2233 in
991 2170 1077 2234 libro
1106 2169 1212 2247 XXII,
1249 2173 1302 2247 16,
1336 2175 1357 2232 4

199 2279 369 2343 fortunae
398 2278 547 2358 minas).
600 2277 685 2355 Quid
708 2277 817 2342 Livius
849 2278 1032 2361 scripserit,
1064 2277 1251 2342 subindicat
1274 2276 1357 2341 illud

200 2408 293 2470 pars
333 2387 558 2465 exercitns3
603 2407 706 2469 prope
751 2387 837 2450 enim
881 2386 1068 2450 necessario
1108 2384 1357 2468 significandum

116 2501 291 2580 (caeperat,
321 2494 400 2578 quid
429 2494 574 2576 reliquus
605 2494 766 2557 exercitus
790 2494 932 2558 iecisset.
985 2493 1171 2576 Scripserat
1193 2499 1304 2557 autem
1326 2493 1359 2557 in

201 2604 286 2667 hanc
319 2602 387 2666 iere
416 2600 570 2665 formam:
605 2601 704 2664 Pars
739 2603 952 2667 exercitus
987 2623 1071 2665 cum
1107 2602 1210 2665 omni
1244 2601 1359 2683 equi-

201 2717 307 2787 tatu,
337 2709 413 2771 lter
441 2708 758 2770 continuantibus
788 2711 927 2792 primis
957 2709 1253 2789 (maturantibus
1275 2709 1359 2792 pri·

201 2819 325 2898 mis?)‚
361 2837 501 2899 agmen
539 2838 713 2898 aggresa
742 2817 999 2881 Numidarum
1035 2824 1097 2881 cet.
1153 2816 1204 2880 Ea
1232 2817 1356 2881 exerci-

202 2934 255 2990 tus
286 2947 378 3009 pars,
409 2945 480 3006 quae
509 2925 616 3007 prima
639 2932 724 3002 erat,
753 2926 820 2989 iam
844 2932 1077 3007 praetergressa
1101 2926 1164 2989 iter
1187 2925 1359 2989 continua·

201 3035 262 3113 rit,
298 3055 397 3115 quum
434 3033 633 3115 posteriores
664 3054 738 3096 cnm
767 3034 916 3115 equitatu
945 3035 978 3097 in
1007 3033 1195 3097 Verminam
1225 3053 1359 3097 conver-

201 3142 397 3222 terantur.¹)

231 3446 292 3516 ¹)§
318 3450 349 3500 10
370 3447 528 3501 necessario
553 3445 756 3501 revocandum:
786 3451 820 3500 11
847 3452 974 3514 quanta
1000 3464 1053 3500 res
1081 3450 1173 3500 11111
1200 3450 1234 3498 11
1260 3462 1356 3513 qaam

270 3532 367 3601 longi
391 3533 559 3601 temporis
579 3536 631 3585 cet¹
673 3531 788 3586 Excidit
806 3538 840 3585 et
858 3537 924 3601 post
943 3538 1047 3598 esset;
1072 3538 1174 3585 contra
1191 3549 1213 3583 c.
1233 3533 1275 3596 37,
1294 3533 1311 3583 8
1328 3530 1358 3583 in

270 3618 369 3671 iisdem
393 3618 551 3684 codicibus,
575 3618 726 3687 geminatis
750 3617 867 3681 litteris,
891 3623 956 3686 post
978 3618 1147 3670 movisset
1169 3614 1298 3668 additum
1317 3619 1357 3668 et.

272 3703 349 3772 [Cap.
368 3705 410 3768 37,
430 3706 446 3755 7
463 3703 577 3756 mallem
595 3703 693 3756 Livius
713 3703 883 3770 scripsisset:
902 3703 973 3756 Has
996 3701 1226 3756 condiciones
1245 3700 1357 3769 legati

272 3787 405 3842 domum
440 3787 574 3842 reierre
609 3789 706 3853 iussi,
739 3806 836 3856 quum
868 3789 902 3842 in
928 3788 1092 3842 contione
1121 3792 1174 3840 cct.
1224 3785 1297 3839 Nam
1327 3785 1357 3839 in

271 3873 363 3926 verbis
396 3874 430 3926 in
461 3874 627 3927 contione
659 3875 806 3927 conversio
837 3874 1006 3928 narrationis
1035 3872 1081 3938 iit;
1113 3872 1294 3940 participium
1322 3871 1358 3924 ad

271 3958 398 4026 superius
422 3964 533 4028 tempus
555 3959 686 4027 pertinet.
728 3957 792 4027 Gap.
812 3961 858 4024 38,
889 3962 901 4012 l
926 3958 1147 4013 Forchbammer
1172 3956 1359 4026 probabiliter

272 4050 425 4112 quaestor
451 4044 632 4099 scrilrendum
661 4044 795 4109 coniecit3
825 4063 912 4099 unum
942 4045 1017 4100 enim
1040 4042 1193 4111 significari
1218 4042 1359 4111 Scipionis

273 4135 450 4197 quaestorem,
469 4129 595 4182 Laelium.
635 4127 719 4196 issa]
