3060 5272
234 352 296 406 Lib.
315 351 467 404 XXXVIII.
781 343 842 401 546

237 530 341 586 serat:
365 522 601 587 Ariarathis
631 522 891 605 Cappadocis
916 534 953 586 et
981 524 1124 588 llorzii
1147 525 1399 607 auxiliares,

233 637 271 694 nt
293 629 359 706 XL,
383 634 433 699 20.
465 635 497 692 l:
522 630 710 693 Eumenis
740 637 778 694 et
800 630 1040 694 Ariarathis
1070 630 1333 714 Cappadocis
1357 640 1399 699 et

234 736 456 801 Pharnacis
491 738 665 801 Pontici.
712 735 817 818 [Idem
855 738 1040 819 suspicatus
1075 745 1147 801 erat
1186 738 1396 823 Rupertius]

234 843 386 907 Proxime
400 853 476 908 ante
495 842 525 925 (ξ
544 844 576 923 3)
595 864 659 907 non
678 844 931 915 locaverunt,
954 843 1010 907 sed
1033 818 1315 911 locaverant'a
1339 846 1397 911 Li·

233 952 286 1013 vio
304 952 464 1033 seriptum
481 958 562 1032 puto
581 951 682 1017 linter
698 950 895 1013 tenebant
913 958 946 1038 et
963 950 1199 1033 explebant).
1223 952 1397 1019 Describi-

235 1064 299 1125 tur.
322 1055 596 1140 quemadmodum
626 1058 691 1120 iam
710 1058 907 1121 instructam
926 1058 1070 1123 Manlius
1094 1060 1197 1123 aciem
1220 1058 1397 1127 Gallorum

236 1166 406 1228 invenerit.

150 1282 220 1347 (443)
326 1270 403 1353 Cap.
428 1276 478 1347 28,
503 1275 520 1332 6
546 1270 600 1349 (de
624 1268 836 1352 Cephallenia
865 1272 945 1335 aM.
968 1272 1082 1335 Fulvio
1106 1272 1240 1337 consule
1262 1274 1394 1356 capta):
1500 1308 1509 1321 ·

238 1377 410 1442 Obsides
444 1378 536 1441 inde
565 1378 792 1459 imperatos
822 1378 1066 1460 proviribus
1101 1378 1234 1461 inopis
1262 1402 1394 1463 popu·

237 1484 265 1546 li
289 1486 452 1548 vicenos
475 1484 671 1561 Nasiotas,
697 1482 851 1562 Cranii,
875 1485 1071 1549 Palenses
1095 1492 1134 1549 et
1157 1485 1297 1550 Samaei
1321 1487 1394 1553 de·

239 1591 393 1654 derunt.
440 1592 493 1655 Sic
528 1591 603 1654 inde
631 1592 673 1654 ab
707 1592 851 1656 editione
879 1592 1087 1656 Frobeniana
1108 1592 1140 1655 ll
1170 1593 1394 1659 adnostram

238 1703 370 1761 {etatem
394 1697 556 1774 scribitur,
580 1698 800 1761 incertissima
823 1700 1032 1771 auctoritate,
1056 1700 1209 1781 quoniam
1234 1700 1394 1767 Gelenius

238 1804 319 1866 nihil
343 1804 527 1879 adnotavit,
562 1805 650 1886 quod
677 1805 824 1881 lecisset,
856 1807 986 1886 opinor,
1021 1807 1046 1868 si
1078 1824 1117 1868 ex
1138 1806 1171 1869 ll
1195 1805 1393 1874 Nasiotas

238 1910 314 1973 illos
338 1913 540 1993 sumpsisset.
576 1910 745 1975 Convincit
763 1919 872 1975 autem
891 1933 946 1976 eos
965 1913 1038 1994 ipsa
1054 1933 1122 1990 res3
1145 1934 1219 1976 nam
1237 1922 1394 1995 quartum

239 2015 457 2100 Cephallaniae
475 2019 630 2102 oppidum
647 2041 742 2083 nemo
766 2019 896 2082 Nason
919 2019 1098 2101 appellarit
1116 2018 1234 2100 (νῇ-σον),
1254 2019 1312 2084 sed
1331 2030 1395 2087 aut

238 2133 362 2205 Ilpriruer
379 2126 584 2209 (incolasque
603 2136 764 2205 Ilpovae'oee,
782 2136 958 2205 Ilporrrrimu,
977 2126 1145 2207 Ilpovrdovs)
1165 2136 1222 2190 aut
1244 2136 1394 2208 Hprirpeov

239 2231 365 2314 (steph.
379 2234 454 2317 Byz.
468 2256 492 2299 s.
505 2256 532 2297 V.
545 2235 674 2315 Iipcisuor)
694 2242 753 2298 alli
764 2242 914 2313 Πρώνησον
927 2232 1073 2313 istrum.
1097 2234 1214 2316 Itaque
1226 2235 1394 2301 Weissen-

238 2340 385 2413 hermus,
408 2342 636 2406 animadverso
672 2343 769 2405 etiam
806 2341 1025 2423 copulationis
1054 2341 1133 2405 vitio
1164 2342 1212 2421 (in
1239 2349 1292 2421 ct3
1324 2342 1392 2409 vid.

240 2447 282 2510 ad
305 2447 361 2516 ΠΙ.
390 2454 415 2523 1,
439 2448 481 2527 5),
504 2450 605 2513 rerba
628 2450 674 2512 sic
693 2449 825 2530 scripsit
844 2449 1076 2529 distinxit-que:
1100 2449 1276 2514 Nasiotae
1300 2447 1394 2515 Gra·

239 2554 296 2616 nii
320 2561 360 2616 et
382 2554 576 2619 Palenses
601 2562 639 2618 et
663 2554 818 2632 Samaei,
843 2555 961 2637 copula
992 2576 1028 2617 ex
1060 2555 1226 2619 codicibus
1250 2563 1393 2640 sumpta.

240 2660 304 2723 Sed
327 2682 433 2743 neque
466 2663 532 2725 tria
559 2664 692 2725 nomina
726 2683 786 2744 pro
815 2669 974 2745 quattuor
1003 2683 1108 2743 neque
1131 2683 1242 2727 omnes
1275 2663 1394 2729 insula

240 2767 356 2830 incola
380 2767 549 2847 (insulani)
574 2770 688 2832 Graeca
710 2769 970 2832 Nasiotarum
1000 2769 1222 2851 appellatione
1246 2791 1394 2853 comprs-

240 2874 334 2937 hensi
358 2874 459 2939 ullam
481 2876 606 2940 habent
628 2875 906 2958 probabilitatem.
951 2876 987 2938 ln
1012 2876 1189 2946 codicibus.
1213 2876 1394 2960 dequibus

241 2987 382 3057 constat,
406 2982 664 3047 Nasiotarum
687 2983 811 3046 nullum
834 2984 1007 3062 vestigium
1030 2992 1095 3062 cst,
1119 2984 1176 3047 sed
1205 2985 1252 3047 sic
1273 2983 1392 3050 scribi-

241 3096 311 3153 tur:
335 3091 499 3155 viccncs
522 3097 654 3154 autem
677 3090 885 3154 (lrannoni
909 3088 949 3168 (B
973 3098 1005 3153 et
1034 3098 1191 3174 quattuor
1214 3088 1392 3169 Drakenb.‚

242 3196 419 3261 Granoui
444 3206 510 3262 tres
528 3197 636 3275 Drak.‚
660 3197 878 3271 Granonii,
898 3196 1088 3260 Gramoni
1109 3198 1243 3279 singuli)
1261 3204 1301 3265 et
1322 3197 1394 3263 Pa·

155 3290 158 3297 ’
241 3305 378 3369 lenses
402 3313 441 3370 et
463 3305 602 3369 Samaei
626 3304 775 3384 (Tamei
795 3304 831 3381 B,
854 3304 921 3367 Pal.
943 3310 970 3381 1,
994 3305 1168 3368 Thamari
1190 3312 1258 3369 tres
1275 3304 1393 3387 Drak.)

243 3411 454 3475 dederunt.
501 3412 587 3485 (Hoc
610 3411 744 3475 verbum
767 3413 891 3475 omittit
913 3410 965 3487 Β.)
1011 3411 1075 3476 sed
1098 3418 1219 3494 praeter
1246 3410 1331 3476 hanc
1358 3412 1394 3477 in

242 3520 428 3582 nominihus
451 3517 679 3583 difficultatem
709 3517 800 3583 aliud
827 3526 879 3581 est
906 3518 1151 3583 incommodum
1179 3540 1200 3582 a
1222 3518 1395 3584 nullodum

243 3626 521 3703 animadversum
550 3646 655 3706 neque
689 3627 773 3689 enim
801 3632 948 3688 veterum
977 3625 1179 3706 maximeque
1203 3624 1395 3693 Graecorum

242 3733 399 3815 loquendi
428 3754 489 3796 usu
518 3754 603 3795 unus
632 3739 704 3797 erat
727 3731 1012 3815 Cephalleniorum
1036 3731 1193 3815 populus,
1217 3733 1275 3796 sed
1298 3738 1395 3815 qnat-

242 3846 329 3903 tuor.
374 3839 492 3921 ltaque
523 3840 718 3915 rectissime,
749 3840 847 3902 etiam
880 3838 921 3901 ad
950 3838 1109 3920 reliquam
1140 3840 1298 3905 orationis
1327 3838 1395 3905 for·

243 3965 346 4011 mam.
370 3954 407 4009 ut
429 3946 547 4028 inopiae
570 3952 603 4009 et
625 3947 742 4009 virium
764 3946 888 4010 mentio
918 3946 960 4008 ad
983 3946 1167 4010 subiectum
1197 3953 1231 4011 et
1258 3947 1301 4011 ad
1323 3967 1395 4011 ver

243 4052 320 4114 hum
344 4052 544 4116 dederunt
566 4053 839 4130 accommodetur,
862 4054 895 4116 in
912 4051 939 4114 B
960 4052 1007 4130 (et
1025 4052 1164 4116 fortasse
1181 4053 1214 4117 in
1233 4053 1394 4137 pluribus,

245 4161 271 4223 si
307 4158 440 4223 tantilla
470 4180 524 4224 res
558 4159 718 4225 adnotata
751 4160 851 4241 esset)
887 4159 1040 4223 scribitur
1073 4160 1210 4239 Inopes
1239 4158 1394 4244 populi.
