3060 5272
238 380 300 433 Lib.
318 378 444 432 xxvnr.
784 367 847 426 412

239 551 412 635 palmam
440 550 541 615 belli
569 549 713 615 Punici
743 552 902 633 patrati
929 551 1059 633 petis?
1091 550 1161 614 lam
1184 552 1295 615 omnia
1316 558 1401 636 apta

240 658 313 723 duae
345 658 464 722 littera
497 664 633 722 mutatae
666 657 829 735 fecerunt,
868 659 902 722 in
942 659 1062 742 quibus
1096 666 1155 722 aut
1187 656 1400 740 neglegentia

239 766 429 831 aberratum
458 772 510 830 est
541 772 615 843 aut,
649 767 821 830 sententia
853 766 959 831 forma
993 773 1027 831 et
1055 767 1301 831 continuatione
1329 788 1400 831 non

238 874 417 952 intellecta,
449 874 537 938 mala
559 874 774 939 correctione.
823 874 915 939 Inter
938 896 972 939 se
995 875 1198 958 respondent
1220 895 1293 958 per
1315 875 1399 938 cir·

239 984 377 1048 cuitus
412 988 446 1047 et
477 987 592 1046 recto
626 983 796 1061 itinere3
831 982 912 1046 illud
949 983 1138 1047 declaratur
1165 982 1302 1047 adiectis
1329 981 1398 1047 his:

239 1097 291 1169 ut,
314 1112 435 1172 quum
459 1091 497 1153 in
520 1089 702 1153 Africam
724 1125 776 1169 —,
800 1111 951 1174 speres,
979 1090 1041 1154 hoc
1064 1091 1271 1174 appositione
1293 1092 1400 1174 parti·

239 1199 317 1283 cipii
339 1197 608 1279 intendens.¹)

325 1303 402 1390 Cap.
426 1309 484 1383 42,
515 1309 548 1368 3:
584 1307 797 1389 expositos
825 1305 981 1370 milites
1011 1327 1081 1389 per
1111 1306 1319 1371 tutissima
1346 1305 1398 1370 ad

239 1415 375 1479 socios
400 1422 438 1478 et
462 1413 613 1477 amicos
638 1413 781 1496 populi
805 1413 972 1478 Romani
991 1414 1263 1478 Tarraconem
1286 1413 1398 1478 duxi·

239 1523 301 1587 sti.
326 1521 379 1586 Sic
396 1520 502 1600 codd,
514 1542 598 1603 quos
616 1522 672 1602 qui
689 1542 793 1604 nuper
811 1529 943 1585 secutus
963 1528 1014 1586 est
1026 1521 1115 1602 (nam
1127 1529 1226 1586 antea
1237 1521 1400 1586 edebatur

239 1651 309 1714 per
331 1629 541 1694 tutissima
564 1629 718 1710 omnia),
742 1630 811 1711 ipse
834 1631 967 1694 omnia
989 1651 1050 1693 usu
1072 1628 1229 1712 loquendi
1251 1628 1398 1712 flagitari

239 1758 341 1821 propo
370 1735 535 1815 concedit;
564 1758 640 1800 nam
663 1736 752 1818 quod
775 1736 897 1814 XXIX,
928 1741 960 1815 2,
995 1743 1034 1801 10
1056 1737 1198 1801 advocat
1220 1736 1325 1818 (tuta
1347 1737 1395 1802 ab

138 1881 147 1895 ‚
239 1846 336 1909 laevo
360 1843 480 1925 esse),
509 1844 615 1908 simile
637 1866 703 1908 non
726 1852 790 1924 est3
819 1866 895 1908 uam
919 1845 999 1928 quid
1023 1846 1067 1909 sit
1089 1846 1162 1923 tuti,
1192 1845 1399 1928 significatur

239 1953 347 2018 verbis
365 1952 412 2016 ab
430 1952 528 2016 lavo
542 1952 608 2034 (res
626 1953 658 2015 in
675 1952 755 2016 loevo
775 1974 876 2017 cornu
889 1959 980 2016 tutas
995 1952 1093 2033 esse),
1107 1953 1286 2035 eodemque
1299 1952 1396 2017 modo

240 2062 363 2126 dicitur
388 2061 490 2125 satis
509 2068 600 2124 tuta
618 2062 730 2124 circa
748 2061 773 2139 l,
788 2066 837 2140 58,
852 2066 880 2124 2.
918 2060 981 2125 Sed
999 2082 1064 2125 uon
1082 2063 1190 2125 minus
1208 2061 1250 2126 ab
1268 2083 1332 2126 usu
1348 2060 1397 2125 lo·

239 2169 360 2252 queruli
385 2168 542 2233 abhorret
566 2168 796 2251 superlativus.
844 2169 960 2250 ltaque
986 2169 1088 2233 diviso
1109 2170 1282 2247 vocabulo,
1307 2168 1397 2251 quod

154 2291 227 2359 (838)
247 2300 286 2343 ex
310 2278 438 2342 duobus
461 2277 599 2355 coaluit,
628 2276 850 2341 scribendum:
880 2298 950 2360 per
972 2284 1061 2341 tuta
1084 2278 1225 2342 omnia.
1275 2277 1397 2341 Errore

206 2426 209 2431 -
239 2394 353 2450 natum
377 2392 428 2449 est
450 2386 590 2469 primum
614 2386 825 2463 tutomnia,
855 2392 923 2448 tum
947 2385 1167 2451 tutissima.
1218 2383 1248 2468 [ξ
1273 2389 1291 2449 6
1315 2387 1347 2449 in
1370 2384 1396 2448 P

240 2499 305 2558 cst:
341 2501 533 2558 ceterane
564 2492 779 2575 quaeelevo.
836 2491 976 2556 Videtur
1002 2501 1139 2576 propter
1166 2493 1397 2577 repetitionem

240 2601 386 2665 eiusdem
414 2601 503 2665 vocis
529 2599 672 2664 alterum
694 2599 877 2664 membrum
901 2600 1078 2677 excidisse,
1113 2622 1214 2683 quum
1237 2601 1396 2684 scriptum

240 2715 342 2773 essct:
384 2705 530 2772 Cetera
573 2727 695 2784 neque
735 2708 907 2769 detracto
949 2730 1075 2791 neque
1110 2709 1241 2788 elev03
1281 2708 1395 2773 nullo

239 2825 375 2881 tamen
405 2815 519 2880 modo
547 2850 590 2859 -
619 2815 900 2898 comparanda.
956 2816 1040 2880 Nam
1068 2818 1101 2880 in
1129 2816 1262 2898 vulgata
1290 2816 1394 2900 scrip·

240 2931 317 2989 tura
350 2946 482 3008 neque
517 2930 550 2988 et
583 2930 714 2988 tamen
749 2946 813 2989 non
847 2923 1000 2987 videntur
1033 2930 1122 2988 recte
1155 2925 1242 2988 inter
1276 2945 1310 2989 se
1344 2946 1395 2989 re·

240 3033 328 3097 ferri.
376 3030 483 3114 1863]

327 3139 405 3224 Cap.
435 3144 490 3218 43,
524 3145 556 3202 1:
598 3138 723 3215 Quum
758 3140 948 3203 oratione
987 3138 1035 3203 ad
1062 3146 1220 3223 tempus
1249 3146 1394 3224 parata

239 3250 392 3314 Fabius
427 3256 506 3313 tum
542 3247 801 3312 auctoritate
830 3254 869 3310 et
898 3247 1134 3311 inveterata
1162 3247 1394 3330 prudentia

239 3358 343 3422 fama
372 3378 549 3440 magnam
573 3363 729 3439 partem
752 3361 919 3419 senatus
941 3389 985 3398 —
1007 3355 1217 3435 movisset,
1245 3354 1394 3420 -sci-

240 3467 305 3549 pio
329 3466 387 3529 ita
409 3465 572 3529 locutus
595 3462 730 3527 fertur
753 3468 813 3526 cet.
860 3460 1089 3545 Comparative
1112 3464 1199 3527 inter
1222 3484 1256 3528 se
1278 3462 1394 3527 referri

240 3595 360 3655 quum
394 3579 426 3636 ct
461 3578 550 3649 tum,
585 3577 617 3635 ct
647 3571 751 3635 omnis
779 3571 938 3635 orationis
967 3571 1073 3635 forma
1101 3578 1134 3635 et
1161 3570 1395 3636 vocabulorum

240 3682 321 3746 ordo
346 3700 529 3762 nomenque
553 3678 648 3743 Fabii
671 3678 778 3743 medio
802 3678 859 3743 illo
882 3679 955 3743 loco
979 3680 1123 3762 positum
1144 3679 1193 3744 ita
1216 3679 1395 3758 declarant,

239 3797 276 3851 ut
309 3786 455 3851 dubitari
488 3808 553 3851 non
588 3788 701 3870 possit.
758 3785 874 3869 Itaque
909 3786 1002 3852 deest
1035 3788 1079 3852 ad
1112 3789 1292 3853 sententias
1325 3788 1395 3852 vin·

268 4057 293 4123 ¹)
314 4055 452 4126 [Eandem
471 4059 640 4113 sententiam
658 4059 816 4113 mutatione
833 4058 941 4113 leniore
955 4058 1041 4112 efficit
1055 4058 1181 4112 Halmius
1190 4056 1392 4125 (Sitzungsber.

309 4143 334 4196 d.
354 4142 449 4210 Baycr.
469 4143 554 4196 Acad.
576 4142 733 4212 1869111).
753 4146 804 4198 584
822 4148 880 4197 not.
900 4144 939 4210 b):
968 4144 1137 4209 intendis,
1162 4143 1190 4196 si
1214 4142 1393 4212 egregiam

307 4229 412 4281 istam
429 4228 576 4296 palmam
595 4256 626 4267 -
644 4226 768 4298 potiri]
