<?xml version="1.0" encoding="UTF-8"?>
<!DOCTYPE html PUBLIC "-//W3C//DTD XHTML 1.0 Transitional//EN"
    "http://www.w3.org/TR/xhtml1/DTD/xhtml1-transitional.dtd">
<html xmlns="http://www.w3.org/1999/xhtml" xml:lang="en" lang="en">
 <head>
  <title>
</title>
<meta http-equiv="Content-Type" content="text/html;charset=utf-8" />
  <meta name='ocr-system' content='tesseract 3.04.00' />
  <meta name='ocr-capabilities' content='ocr_page ocr_carea ocr_par ocr_line ocrx_word'/>
</head>
<body>
  <div class='ocr_page' id='page_1' title='image "./emendationesliv01madvgoog_0513.png"; bbox 0 0 3060 5272; ppageno 0'>
   <div class='ocr_carea' id='block_1_1' title="bbox 242 363 850 429">
    <p class='ocr_par' dir='ltr' id='par_1_1' title="bbox 242 363 850 429">
     <span class='ocr_line' id='line_1_1' title="bbox 242 363 850 429; baseline -0.012 -1"><span class='ocrx_word' id='word_1_1' title='bbox 242 375 304 429; x_wconf 86' lang='lat' dir='ltr'><strong>Lib.</strong></span> <span class='ocrx_word' id='word_1_2' title='bbox 324 373 447 427; x_wconf 78' lang='lat' dir='ltr'><strong>xxxiv.</strong></span> <span class='ocrx_word' id='word_1_3' title='bbox 789 363 850 422; x_wconf 80' lang='grc'><strong>496</strong></span> 
     </span>
    </p>
   </div>
   <div class='ocr_carea' id='block_1_2' title="bbox 64 542 1401 4162">
    <p class='ocr_par' dir='ltr' id='par_1_2' title="bbox 242 542 1401 1271">
     <span class='ocr_line' id='line_1_2' title="bbox 243 542 1401 628; baseline 0 -18"><span class='ocrx_word' id='word_1_4' title='bbox 243 546 322 628; x_wconf 82' lang='lat' dir='ltr'><strong>legi,</strong></span> <span class='ocrx_word' id='word_1_5' title='bbox 357 552 393 608; x_wconf 88' lang='lat' dir='ltr'><strong>ut</strong></span> <span class='ocrx_word' id='word_1_6' title='bbox 425 547 458 608; x_wconf 92' lang='lat' dir='ltr'><strong>in</strong></span> <span class='ocrx_word' id='word_1_7' title='bbox 494 544 688 607; x_wconf 81' lang='lat' dir='ltr'><strong>brevissimo</strong></span> <span class='ocrx_word' id='word_1_8' title='bbox 724 551 757 608; x_wconf 88' lang='lat' dir='ltr'><strong>et</strong></span> <span class='ocrx_word' id='word_1_9' title='bbox 791 542 947 608; x_wconf 88' lang='lat' dir='ltr'><strong>facillimo</strong></span> <span class='ocrx_word' id='word_1_10' title='bbox 978 545 1136 608; x_wconf 84' lang='lat' dir='ltr'><strong>orationis</strong></span> <span class='ocrx_word' id='word_1_11' title='bbox 1164 546 1289 610; x_wconf 86' lang='lat' dir='ltr'><strong>ambitu</strong></span> <span class='ocrx_word' id='word_1_12' title='bbox 1319 545 1401 611; x_wconf 86' lang='lat' dir='ltr'><strong>sub-</strong></span> 
     </span>
     <span class='ocr_line' id='line_1_3' title="bbox 243 651 1400 733; baseline 0.001 -17"><span class='ocrx_word' id='word_1_13' title='bbox 243 655 362 718; x_wconf 90' lang='lat' dir='ltr'><strong>iectum</strong></span> <span class='ocrx_word' id='word_1_14' title='bbox 403 653 573 716; x_wconf 82' lang='lat' dir='ltr'><strong>sententiae</strong></span> <span class='ocrx_word' id='word_1_15' title='bbox 614 652 720 733; x_wconf 90' lang='lat' dir='ltr'><strong>ipsum</strong></span> <span class='ocrx_word' id='word_1_16' title='bbox 761 651 876 714; x_wconf 86' lang='lat' dir='ltr'><strong>eadem</strong></span> <span class='ocrx_word' id='word_1_17' title='bbox 919 651 1115 715; x_wconf 76' lang='lat' dir='ltr'><strong>substantivi</strong></span> <span class='ocrx_word' id='word_1_18' title='bbox 1155 653 1259 717; x_wconf 81' lang='lat' dir='ltr'><strong>fornia</strong></span> <span class='ocrx_word' id='word_1_19' title='bbox 1291 652 1400 717; x_wconf 91' lang='lat' dir='ltr'><strong>inclu-</strong></span> 
     </span>
     <span class='ocr_line' id='line_1_4' title="bbox 243 758 1400 841; baseline 0 -18"><span class='ocrx_word' id='word_1_20' title='bbox 243 760 341 825; x_wconf 82' lang='lat' dir='ltr'><strong>datur</strong></span> <span class='ocrx_word' id='word_1_21' title='bbox 374 761 407 823; x_wconf 95' lang='lat' dir='ltr'><strong>in</strong></span> <span class='ocrx_word' id='word_1_22' title='bbox 442 759 606 823; x_wconf 78' lang='lat' dir='ltr'>ablativos</span> <span class='ocrx_word' id='word_1_23' title='bbox 640 758 827 823; x_wconf 88' lang='lat' dir='ltr'><strong>absolutos:</strong></span> <span class='ocrx_word' id='word_1_24' title='bbox 868 758 967 821; x_wconf 88' lang='lat' dir='ltr'><strong>urbe</strong></span> <span class='ocrx_word' id='word_1_25' title='bbox 1008 766 1126 841; x_wconf 87' lang='lat' dir='ltr'><strong>capta</strong></span> <span class='ocrx_word' id='word_1_26' title='bbox 1161 759 1256 824; x_wconf 87' lang='lat' dir='ltr'><strong>urbs</strong></span> <span class='ocrx_word' id='word_1_27' title='bbox 1288 759 1400 825; x_wconf 91' lang='lat' dir='ltr'><strong>redi-</strong></span> 
     </span>
     <span class='ocr_line' id='line_1_5' title="bbox 242 864 1401 949; baseline 0 -17"><span class='ocrx_word' id='word_1_28' title='bbox 242 870 372 932; x_wconf 83' lang='lat' dir='ltr'>mitur.</span> <span class='ocrx_word' id='word_1_29' title='bbox 429 866 492 947; x_wconf 84' lang='lat' dir='ltr'><strong>(W.</strong></span> <span class='ocrx_word' id='word_1_30' title='bbox 522 864 645 943; x_wconf 83' lang='lat' dir='ltr'>XXXI,</span> <span class='ocrx_word' id='word_1_31' title='bbox 675 870 711 939; x_wconf 77' lang='lat'><strong>2,</strong></span> <span class='ocrx_word' id='word_1_32' title='bbox 743 870 777 937; x_wconf 78' lang='lat'><strong>6,</strong></span> <span class='ocrx_word' id='word_1_33' title='bbox 808 867 994 948; x_wconf 88' lang='lat' dir='ltr'><strong>comparari</strong></span> <span class='ocrx_word' id='word_1_34' title='bbox 1023 866 1128 945; x_wconf 92' lang='lat' dir='ltr'><strong>iubet,</strong></span> <span class='ocrx_word' id='word_1_35' title='bbox 1163 867 1220 931; x_wconf 92' lang='lat' dir='ltr'><strong>ubi</strong></span> <span class='ocrx_word' id='word_1_36' title='bbox 1248 867 1328 949; x_wconf 89' lang='lat' dir='ltr'><strong>quid</strong></span> <span class='ocrx_word' id='word_1_37' title='bbox 1358 888 1401 932; x_wconf 79' lang='lat' dir='ltr'><strong>ex</strong></span> 
     </span>
     <span class='ocr_line' id='line_1_6' title="bbox 242 971 1399 1056; baseline -0.001 -17"><span class='ocrx_word' id='word_1_38' title='bbox 242 977 375 1039; x_wconf 86' lang='lat' dir='ltr'><strong>minima</strong></span> <span class='ocrx_word' id='word_1_39' title='bbox 416 980 510 1056; x_wconf 90' lang='lat' dir='ltr'><strong>parte</strong></span> <span class='ocrx_word' id='word_1_40' title='bbox 551 971 655 1037; x_wconf 90' lang='lat' dir='ltr'><strong>simile</strong></span> <span class='ocrx_word' id='word_1_41' title='bbox 697 975 753 1049; x_wconf 88' lang='lat' dir='ltr'><strong>sit,</strong></span> <span class='ocrx_word' id='word_1_42' title='bbox 788 972 928 1051; x_wconf 82' lang='lat' dir='ltr'><strong>nescio.)</strong></span> <span class='ocrx_word' id='word_1_43' title='bbox 991 971 1124 1037; x_wconf 84' lang='lat' dir='ltr'><strong>Certum</strong></span> <span class='ocrx_word' id='word_1_44' title='bbox 1165 981 1228 1051; x_wconf 88' lang='lat' dir='ltr'><strong>est,</strong></span> <span class='ocrx_word' id='word_1_45' title='bbox 1269 974 1399 1038; x_wconf 78' lang='lat' dir='ltr'><strong>Livium</strong></span> 
     </span>
     <span class='ocr_line' id='line_1_7' title="bbox 242 1079 1398 1164; baseline -0.001 -18"><span class='ocrx_word' id='word_1_46' title='bbox 242 1082 411 1164; x_wconf 86' lang='lat' dir='ltr'><strong>scripsisse</strong></span> <span class='ocrx_word' id='word_1_47' title='bbox 445 1081 685 1144; x_wconf 88' lang='lat' dir='ltr'><strong>tantummodo:</strong></span> <span class='ocrx_word' id='word_1_48' title='bbox 717 1080 797 1143; x_wconf 89' lang='lat' dir='ltr'><strong>Iam</strong></span> <span class='ocrx_word' id='word_1_49' title='bbox 832 1086 952 1162; x_wconf 86' lang='lat' dir='ltr'><strong>capta</strong></span> <span class='ocrx_word' id='word_1_50' title='bbox 985 1102 1004 1142; x_wconf 90' lang='lat' dir='ltr'><strong>a</strong></span> <span class='ocrx_word' id='word_1_51' title='bbox 1034 1079 1164 1146; x_wconf 85' lang='lat' dir='ltr'><strong>Gallis</strong></span> <span class='ocrx_word' id='word_1_52' title='bbox 1195 1103 1272 1164; x_wconf 92' lang='lat' dir='ltr'><strong>quo</strong></span> <span class='ocrx_word' id='word_1_53' title='bbox 1302 1080 1398 1145; x_wconf 91' lang='lat' dir='ltr'><strong>red·</strong></span> 
     </span>
     <span class='ocr_line' id='line_1_8' title="bbox 243 1188 601 1271; baseline -0.006 -18"><span class='ocrx_word' id='word_1_54' title='bbox 243 1198 376 1271; x_wconf 89' lang='lat' dir='ltr'><strong>empta</strong></span> <span class='ocrx_word' id='word_1_55' title='bbox 398 1188 495 1251; x_wconf 90' lang='lat' dir='ltr'><strong>urbs</strong></span> <span class='ocrx_word' id='word_1_56' title='bbox 519 1188 601 1251; x_wconf 82' lang='lat' dir='ltr'><strong>est?</strong></span> 
     </span>
    </p>

    <p class='ocr_par' dir='ltr' id='par_1_3' title="bbox 64 1293 1398 3629">
     <span class='ocr_line' id='line_1_9' title="bbox 64 1293 1398 1378; baseline 0.001 -18"><span class='ocrx_word' id='word_1_57' title='bbox 64 1364 68 1373; x_wconf 65' lang='grc'><em>,</em></span> <span class='ocrx_word' id='word_1_58' title='bbox 154 1306 228 1370; x_wconf 76' lang='grc'>(397)</span> <span class='ocrx_word' id='word_1_59' title='bbox 333 1295 410 1378; x_wconf 85' lang='lat' dir='ltr'><strong>Cap.</strong></span> <span class='ocrx_word' id='word_1_60' title='bbox 436 1300 468 1373; x_wconf 81' lang='grc'><strong>6,</strong></span> <span class='ocrx_word' id='word_1_61' title='bbox 503 1299 521 1356; x_wconf 86' lang='grc'>7</span> <span class='ocrx_word' id='word_1_62' title='bbox 551 1293 598 1373; x_wconf 89' lang='lat' dir='ltr'><strong>(in</strong></span> <span class='ocrx_word' id='word_1_63' title='bbox 628 1295 742 1358; x_wconf 85' lang='lat' dir='ltr'><strong>eadem</strong></span> <span class='ocrx_word' id='word_1_64' title='bbox 765 1294 941 1372; x_wconf 83' lang='lat' dir='ltr'><strong>oratione):</strong></span> <span class='ocrx_word' id='word_1_65' title='bbox 977 1294 1065 1357; x_wconf 84' lang='lat' dir='ltr'><strong>Haec</strong></span> <span class='ocrx_word' id='word_1_66' title='bbox 1093 1315 1212 1375; x_wconf 87' lang='lat' dir='ltr'><strong>quum</strong></span> <span class='ocrx_word' id='word_1_67' title='bbox 1241 1297 1300 1360; x_wconf 83' lang='lat' dir='ltr'><strong>ita</strong></span> <span class='ocrx_word' id='word_1_68' title='bbox 1326 1316 1398 1361; x_wconf 87' lang='lat' dir='ltr'><strong>na-</strong></span> 
     </span>
     <span class='ocr_line' id='line_1_10' title="bbox 241 1401 1398 1493; baseline -0.001 -24"><span class='ocrx_word' id='word_1_69' title='bbox 241 1412 333 1469; x_wconf 86' lang='lat' dir='ltr'><strong>tura</strong></span> <span class='ocrx_word' id='word_1_70' title='bbox 367 1403 570 1467; x_wconf 87' lang='lat' dir='ltr'><strong>distincta</strong></span> <span class='ocrx_word' id='word_1_71' title='bbox 590 1403 690 1481; x_wconf 68' lang='lat' dir='ltr'><strong>⁸sint</strong></span> <span class='ocrx_word' id='word_1_72' title='bbox 725 1401 775 1480; x_wconf 88' lang='lat' dir='ltr'><strong>(ut</strong></span> <span class='ocrx_word' id='word_1_73' title='bbox 810 1401 882 1464; x_wconf 84' lang='lat' dir='ltr'><strong>aliae</strong></span> <span class='ocrx_word' id='word_1_74' title='bbox 915 1401 1005 1483; x_wconf 85' lang='lat' dir='ltr'><strong>leges</strong></span> <span class='ocrx_word' id='word_1_75' title='bbox 1038 1402 1398 1493; x_wconf 23' lang='lat' dir='ltr'><strong>perpetuaelutilitatis</strong></span> 
     </span>
     <span class='ocr_line' id='line_1_11' title="bbox 242 1506 1398 1592; baseline -0.001 -16"><span class='ocrx_word' id='word_1_76' title='bbox 242 1532 351 1588; x_wconf 84' lang='lat' dir='ltr'><strong>causa,</strong></span> <span class='ocrx_word' id='word_1_77' title='bbox 374 1511 447 1573; x_wconf 80' lang='lat' dir='ltr'><strong>alim</strong></span> <span class='ocrx_word' id='word_1_78' title='bbox 470 1509 512 1572; x_wconf 89' lang='lat' dir='ltr'><strong>ad</strong></span> <span class='ocrx_word' id='word_1_79' title='bbox 536 1516 665 1590; x_wconf 90' lang='lat' dir='ltr'><strong>tompus</strong></span> <span class='ocrx_word' id='word_1_80' title='bbox 688 1506 861 1585; x_wconf 79' lang='lat' dir='ltr'><strong>serantur),</strong></span> <span class='ocrx_word' id='word_1_81' title='bbox 886 1528 929 1571; x_wconf 89' lang='lat' dir='ltr'><strong>ex</strong></span> <span class='ocrx_word' id='word_1_82' title='bbox 954 1516 1043 1572; x_wconf 87' lang='lat' dir='ltr'><strong>utro</strong></span> <span class='ocrx_word' id='word_1_83' title='bbox 1067 1508 1225 1573; x_wconf 86' lang='lat' dir='ltr'><strong>tandem</strong></span> <span class='ocrx_word' id='word_1_84' title='bbox 1250 1530 1398 1592; x_wconf 82' lang='lat' dir='ltr'>genere</span> 
     </span>
     <span class='ocr_line' id='line_1_12' title="bbox 242 1615 1397 1699; baseline 0.001 -17"><span class='ocrx_word' id='word_1_85' title='bbox 242 1640 286 1682; x_wconf 86' lang='lat' dir='ltr'><strong>ea</strong></span> <span class='ocrx_word' id='word_1_86' title='bbox 315 1618 379 1681; x_wconf 83' lang='lat' dir='ltr'><strong>lex</strong></span> <span class='ocrx_word' id='word_1_87' title='bbox 403 1638 491 1681; x_wconf 89' lang='lat' dir='ltr'><strong>esse</strong></span> <span class='ocrx_word' id='word_1_88' title='bbox 514 1615 694 1693; x_wconf 71' lang='lat' dir='ltr'><strong>videtur,</strong></span> <span class='ocrx_word' id='word_1_89' title='bbox 725 1636 840 1696; x_wconf 79' lang='lat' dir='ltr'><strong>quam</strong></span> <span class='ocrx_word' id='word_1_90' title='bbox 869 1616 1139 1696; x_wconf 80' lang='lat' dir='ltr'><strong>abrogamus?</strong></span> <span class='ocrx_word' id='word_1_91' title='bbox 1173 1637 1256 1699; x_wconf 80' lang='lat' dir='ltr'><strong>quae</strong></span> <span class='ocrx_word' id='word_1_92' title='bbox 1278 1624 1397 1683; x_wconf 86' lang='lat' dir='ltr'><strong>vetus</strong></span> 
     </span>
     <span class='ocr_line' id='line_1_13' title="bbox 242 1722 1396 1808; baseline 0.001 -20"><span class='ocrx_word' id='word_1_93' title='bbox 242 1726 356 1805; x_wconf 86' lang='lat' dir='ltr'><strong>regia</strong></span> <span class='ocrx_word' id='word_1_94' title='bbox 383 1724 446 1787; x_wconf 83' lang='lat' dir='ltr'><strong>lex</strong></span> <span class='ocrx_word' id='word_1_95' title='bbox 476 1722 595 1787; x_wconf 88' lang='lat' dir='ltr'><strong>simul</strong></span> <span class='ocrx_word' id='word_1_96' title='bbox 626 1743 708 1786; x_wconf 92' lang='lat' dir='ltr'><strong>cum</strong></span> <span class='ocrx_word' id='word_1_97' title='bbox 737 1723 825 1804; x_wconf 85' lang='lat' dir='ltr'><strong>ipsa</strong></span> <span class='ocrx_word' id='word_1_98' title='bbox 854 1723 953 1785; x_wconf 86' lang='lat' dir='ltr'><strong>urbe</strong></span> <span class='ocrx_word' id='word_1_99' title='bbox 977 1730 1072 1787; x_wconf 88' lang='lat' dir='ltr'><strong>nata</strong></span> <span class='ocrx_word' id='word_1_100' title='bbox 1095 1731 1173 1803; x_wconf 85' lang='lat' dir='ltr'><strong>aut,</strong></span> <span class='ocrx_word' id='word_1_101' title='bbox 1204 1724 1309 1808; x_wconf 86' lang='lat' dir='ltr'><strong>quod</strong></span> <span class='ocrx_word' id='word_1_102' title='bbox 1330 1746 1396 1789; x_wconf 89' lang='lat' dir='ltr'><strong>se-</strong></span> 
     </span>
     <span class='ocr_line' id='line_1_14' title="bbox 242 1830 1397 1907; baseline 0.002 -12"><span class='ocrx_word' id='word_1_103' title='bbox 242 1830 414 1895; x_wconf 88' lang='lat' dir='ltr'><strong>eundum</strong></span> <span class='ocrx_word' id='word_1_104' title='bbox 460 1838 535 1907; x_wconf 88' lang='lat' dir='ltr'><strong>est,</strong></span> <span class='ocrx_word' id='word_1_105' title='bbox 581 1830 628 1893; x_wconf 74' lang='lat' dir='ltr'><strong>als</strong></span> <span class='ocrx_word' id='word_1_106' title='bbox 675 1830 916 1894; x_wconf 85' lang='lat' dir='ltr'><strong>decemviris</strong></span> <span class='ocrx_word' id='word_1_107' title='bbox 963 1830 1011 1892; x_wconf 85' lang='lat' dir='ltr'><strong>ad</strong></span> <span class='ocrx_word' id='word_1_108' title='bbox 1052 1831 1265 1896; x_wconf 87' lang='lat' dir='ltr'><strong>condenda</strong></span> <span class='ocrx_word' id='word_1_109' title='bbox 1304 1831 1397 1897; x_wconf 88' lang='lat' dir='ltr'><strong>iura</strong></span> 
     </span>
     <span class='ocr_line' id='line_1_15' title="bbox 242 1928 1397 2021; baseline 0.002 -19"><span class='ocrx_word' id='word_1_110' title='bbox 242 1940 396 2003; x_wconf 85' lang='lat' dir='ltr'><strong>creatis</strong></span> <span class='ocrx_word' id='word_1_111' title='bbox 442 1939 479 2001; x_wconf 94' lang='lat' dir='ltr'><strong>in</strong></span> <span class='ocrx_word' id='word_1_112' title='bbox 520 1937 729 2003; x_wconf 84' lang='lat' dir='ltr'><strong>duodecim</strong></span> <span class='ocrx_word' id='word_1_113' title='bbox 777 1928 930 2001; x_wconf 84' lang='lat' dir='ltr'><strong>tabulis</strong></span> <span class='ocrx_word' id='word_1_114' title='bbox 971 1939 1144 2020; x_wconf 85' lang='lat' dir='ltr'><strong>scripta,</strong></span> <span class='ocrx_word' id='word_1_115' title='bbox 1190 1940 1277 2004; x_wconf 91' lang='lat' dir='ltr'><strong>sine</strong></span> <span class='ocrx_word' id='word_1_116' title='bbox 1316 1960 1397 2021; x_wconf 86' lang='lat' dir='ltr'><strong>qua</strong></span> 
     </span>
     <span class='ocr_line' id='line_1_16' title="bbox 242 2045 1396 2130; baseline 0 -19"><span class='ocrx_word' id='word_1_117' title='bbox 242 2069 357 2130; x_wconf 91' lang='lat' dir='ltr'><strong>quum</strong></span> <span class='ocrx_word' id='word_1_118' title='bbox 388 2048 562 2110; x_wconf 76' lang='lat' dir='ltr'><strong>naciones</strong></span> <span class='ocrx_word' id='word_1_119' title='bbox 590 2046 722 2108; x_wconf 83' lang='lat' dir='ltr'><strong>nostri</strong></span> <span class='ocrx_word' id='word_1_120' title='bbox 752 2067 826 2108; x_wconf 92' lang='lat' dir='ltr'><strong>non</strong></span> <span class='ocrx_word' id='word_1_121' title='bbox 856 2045 1136 2109; x_wconf 78' lang='lat' dir='ltr'><strong>existimarint</strong></span> <span class='ocrx_word' id='word_1_122' title='bbox 1163 2046 1283 2111; x_wconf 89' lang='lat' dir='ltr'><strong>decus</strong></span> <span class='ocrx_word' id='word_1_123' title='bbox 1315 2068 1396 2111; x_wconf 85' lang='lat' dir='ltr'><strong>ma-</strong></span> 
     </span>
     <span class='ocr_line' id='line_1_17' title="bbox 241 2151 1395 2235; baseline 0 -17"><span class='ocrx_word' id='word_1_124' title='bbox 241 2154 402 2218; x_wconf 84' lang='lat' dir='ltr'><strong>tronale</strong></span> <span class='ocrx_word' id='word_1_125' title='bbox 426 2154 582 2217; x_wconf 88' lang='lat' dir='ltr'><strong>servari</strong></span> <span class='ocrx_word' id='word_1_126' title='bbox 605 2173 737 2235; x_wconf 88' lang='lat' dir='ltr'><strong>posse,</strong></span> <span class='ocrx_word' id='word_1_127' title='bbox 767 2151 882 2215; x_wconf 90' lang='lat' dir='ltr'><strong>nobis</strong></span> <span class='ocrx_word' id='word_1_128' title='bbox 907 2174 1063 2235; x_wconf 89' lang='lat' dir='ltr'><strong>quoque</strong></span> <span class='ocrx_word' id='word_1_129' title='bbox 1088 2154 1306 2218; x_wconf 88' lang='lat' dir='ltr'><strong>verendum</strong></span> <span class='ocrx_word' id='word_1_130' title='bbox 1329 2155 1395 2233; x_wconf 88' lang='lat' dir='ltr'><strong>sit,</strong></span> 
     </span>
     <span class='ocr_line' id='line_1_18' title="bbox 241 2258 1394 2353; baseline 0 -28"><span class='ocrx_word' id='word_1_131' title='bbox 241 2284 286 2325; x_wconf 91' lang='lat' dir='ltr'><strong>ne</strong></span> <span class='ocrx_word' id='word_1_132' title='bbox 328 2282 414 2325; x_wconf 88' lang='lat' dir='ltr'><strong>curn</strong></span> <span class='ocrx_word' id='word_1_133' title='bbox 454 2282 500 2324; x_wconf 87' lang='lat' dir='ltr'><strong>ea</strong></span> <span class='ocrx_word' id='word_1_134' title='bbox 538 2259 728 2342; x_wconf 89' lang='lat' dir='ltr'><strong>pudorem</strong></span> <span class='ocrx_word' id='word_1_135' title='bbox 770 2261 1118 2340; x_wconf 80' lang='lat' dir='ltr'><strong>sanctitatemque</strong></span> <span class='ocrx_word' id='word_1_136' title='bbox 1152 2258 1394 2353; x_wconf 56' lang='lat' dir='ltr'><strong>feminarum</strong></span> 
     </span>
     <span class='ocr_line' id='line_1_19' title="bbox 242 2365 1395 2450; baseline 0 -18"><span class='ocrx_word' id='word_1_137' title='bbox 242 2370 491 2450; x_wconf 83' lang='lat' dir='ltr'><strong>abrogemus.</strong></span> <span class='ocrx_word' id='word_1_138' title='bbox 554 2365 649 2442; x_wconf 83' lang='lat' dir='ltr'><strong>Quis</strong></span> <span class='ocrx_word' id='word_1_139' title='bbox 684 2368 810 2445; x_wconf 83' lang='lat' dir='ltr'><strong>igitur</strong></span> <span class='ocrx_word' id='word_1_140' title='bbox 843 2368 976 2430; x_wconf 83' lang='lat' dir='ltr'><strong>nescit</strong></span> <span class='ocrx_word' id='word_1_141' title='bbox 1011 2374 1071 2431; x_wconf 88' lang='lat' dir='ltr'><strong>cet.</strong></span> <span class='ocrx_word' id='word_1_142' title='bbox 1129 2366 1182 2431; x_wconf 84' lang='lat' dir='ltr'><strong>Sic</strong></span> <span class='ocrx_word' id='word_1_143' title='bbox 1217 2368 1259 2445; x_wconf 79' lang='lat' dir='ltr'><strong>B3</strong></span> <span class='ocrx_word' id='word_1_144' title='bbox 1293 2370 1395 2433; x_wconf 88' lang='lat' dir='ltr'><strong>ceteri</strong></span> 
     </span>
     <span class='ocr_line' id='line_1_20' title="bbox 241 2473 1394 2555; baseline 0 -16"><span class='ocrx_word' id='word_1_145' title='bbox 241 2476 370 2540; x_wconf 87' lang='lat' dir='ltr'><strong>codices</strong></span> <span class='ocrx_word' id='word_1_146' title='bbox 391 2475 445 2553; x_wconf 80' lang='lat' dir='ltr'><strong>(de</strong></span> <span class='ocrx_word' id='word_1_147' title='bbox 465 2474 498 2537; x_wconf 90' lang='lat' dir='ltr'><strong>M</strong></span> <span class='ocrx_word' id='word_1_148' title='bbox 517 2473 659 2552; x_wconf 84' lang='lat' dir='ltr'><strong>tacetur)</strong></span> <span class='ocrx_word' id='word_1_149' title='bbox 681 2495 738 2555; x_wconf 92' lang='lat' dir='ltr'><strong>pro</strong></span> <span class='ocrx_word' id='word_1_150' title='bbox 766 2494 850 2553; x_wconf 75' lang='lat' dir='ltr'><strong>qum</strong></span> <span class='ocrx_word' id='word_1_151' title='bbox 875 2481 989 2537; x_wconf 84' lang='lat' dir='ltr'><strong>votus</strong></span> <span class='ocrx_word' id='word_1_152' title='bbox 1013 2475 1137 2539; x_wconf 88' lang='lat' dir='ltr'><strong>habent</strong></span> <span class='ocrx_word' id='word_1_153' title='bbox 1155 2476 1250 2555; x_wconf 84' lang='lat' dir='ltr'><strong>quia</strong></span> <span class='ocrx_word' id='word_1_154' title='bbox 1268 2481 1394 2550; x_wconf 77' lang='lat' dir='ltr'><strong>vetus,</strong></span> 
     </span>
     <span class='ocr_line' id='line_1_21' title="bbox 242 2579 1394 2664; baseline 0.001 -18"><span class='ocrx_word' id='word_1_155' title='bbox 242 2584 304 2646; x_wconf 88' lang='lat' dir='ltr'><strong>nisi</strong></span> <span class='ocrx_word' id='word_1_156' title='bbox 327 2581 415 2663; x_wconf 87' lang='lat' dir='ltr'><strong>quod</strong></span> <span class='ocrx_word' id='word_1_157' title='bbox 440 2602 525 2644; x_wconf 90' lang='lat' dir='ltr'><strong>unus</strong></span> <span class='ocrx_word' id='word_1_158' title='bbox 545 2579 803 2644; x_wconf 87' lang='lat' dir='ltr'><strong>Drakenborchii</strong></span> <span class='ocrx_word' id='word_1_159' title='bbox 829 2581 942 2644; x_wconf 82' lang='lat' dir='ltr'><strong>eodeni</strong></span> <span class='ocrx_word' id='word_1_160' title='bbox 962 2581 1057 2645; x_wconf 92' lang='lat' dir='ltr'><strong>modo</strong></span> <span class='ocrx_word' id='word_1_161' title='bbox 1074 2581 1294 2664; x_wconf 82' lang='lat' dir='ltr'><strong>interpolatus</strong></span> <span class='ocrx_word' id='word_1_162' title='bbox 1312 2592 1394 2661; x_wconf 84' lang='lat' dir='ltr'><strong>erat,</strong></span> 
     </span>
     <span class='ocr_line' id='line_1_22' title="bbox 240 2685 1393 2772; baseline 0.003 -20"><span class='ocrx_word' id='word_1_163' title='bbox 240 2713 303 2771; x_wconf 87' lang='lat' dir='ltr'><strong>quo</strong></span> <span class='ocrx_word' id='word_1_164' title='bbox 328 2688 450 2769; x_wconf 78' lang='lat' dir='ltr'><strong>Sigonii</strong></span> <span class='ocrx_word' id='word_1_165' title='bbox 475 2694 566 2751; x_wconf 85' lang='lat' dir='ltr'><strong>vetus</strong></span> <span class='ocrx_word' id='word_1_166' title='bbox 590 2688 632 2766; x_wconf 86' lang='lat' dir='ltr'><strong>(si</strong></span> <span class='ocrx_word' id='word_1_167' title='bbox 655 2687 704 2750; x_wconf 89' lang='lat' dir='ltr'><strong>dis</strong></span> <span class='ocrx_word' id='word_1_168' title='bbox 727 2685 849 2768; x_wconf 87' lang='lat' dir='ltr'><strong>placet)</strong></span> <span class='ocrx_word' id='word_1_169' title='bbox 872 2688 970 2765; x_wconf 88' lang='lat' dir='ltr'><strong>liber,</strong></span> <span class='ocrx_word' id='word_1_170' title='bbox 1002 2710 1097 2769; x_wconf 82' lang='lat' dir='ltr'><strong>quern</strong></span> <span class='ocrx_word' id='word_1_171' title='bbox 1121 2690 1264 2754; x_wconf 83' lang='lat' dir='ltr'><strong>editores</strong></span> <span class='ocrx_word' id='word_1_172' title='bbox 1289 2710 1393 2772; x_wconf 87' lang='lat' dir='ltr'><strong>nsque</strong></span> 
     </span>
     <span class='ocr_line' id='line_1_23' title="bbox 241 2796 1392 2875; baseline 0.003 -16"><span class='ocrx_word' id='word_1_173' title='bbox 241 2797 282 2859; x_wconf 91' lang='lat' dir='ltr'><strong>ad</strong></span> <span class='ocrx_word' id='word_1_174' title='bbox 310 2801 461 2859; x_wconf 87' lang='lat' dir='ltr'><strong>nostrum</strong></span> <span class='ocrx_word' id='word_1_175' title='bbox 489 2801 618 2875; x_wconf 89' lang='lat' dir='ltr'><strong>tempus</strong></span> <span class='ocrx_word' id='word_1_176' title='bbox 648 2796 752 2858; x_wconf 88' lang='lat' dir='ltr'><strong>secuti</strong></span> <span class='ocrx_word' id='word_1_177' title='bbox 781 2802 873 2873; x_wconf 88' lang='lat' dir='ltr'><strong>sunt,</strong></span> <span class='ocrx_word' id='word_1_178' title='bbox 908 2798 954 2860; x_wconf 89' lang='lat' dir='ltr'><strong>sic</strong></span> <span class='ocrx_word' id='word_1_179' title='bbox 983 2796 1180 2860; x_wconf 87' lang='lat' dir='ltr'><strong>scribentes:</strong></span> <span class='ocrx_word' id='word_1_180' title='bbox 1204 2831 1247 2841; x_wconf 92' lang='lat'>—</span> <span class='ocrx_word' id='word_1_181' title='bbox 1270 2796 1392 2863; x_wconf 85' lang='lat' dir='ltr'><strong>abro-</strong></span> 
     </span>
     <span class='ocr_line' id='line_1_24' title="bbox 239 2903 1392 2994; baseline 0.002 -27"><span class='ocrx_word' id='word_1_182' title='bbox 239 2906 400 2985; x_wconf 77' lang='lat' dir='ltr'><strong>gamus?</strong></span> <span class='ocrx_word' id='word_1_183' title='bbox 433 2921 476 2962; x_wconf 82' lang='lat' dir='ltr'><strong>au</strong></span> <span class='ocrx_word' id='word_1_184' title='bbox 505 2909 621 2965; x_wconf 86' lang='lat' dir='ltr'><strong>vetus</strong></span> <span class='ocrx_word' id='word_1_185' title='bbox 650 2904 766 2984; x_wconf 86' lang='lat' dir='ltr'><strong>regia</strong></span> <span class='ocrx_word' id='word_1_186' title='bbox 795 2903 861 2994; x_wconf 28' lang='lat' dir='ltr'><strong>lex·</strong></span> <span class='ocrx_word' id='word_1_187' title='bbox 886 2939 929 2946; x_wconf 92' lang='lat'>—</span> <span class='ocrx_word' id='word_1_188' title='bbox 957 2910 1073 2967; x_wconf 75' lang='lat' dir='ltr'><strong>nata?</strong></span> <span class='ocrx_word' id='word_1_189' title='bbox 1108 2922 1168 2981; x_wconf 88' lang='lat' dir='ltr'><strong>un,</strong></span> <span class='ocrx_word' id='word_1_190' title='bbox 1198 2904 1302 2985; x_wconf 90' lang='lat' dir='ltr'><strong>quod</strong></span> <span class='ocrx_word' id='word_1_191' title='bbox 1331 2925 1392 2969; x_wconf 87' lang='lat' dir='ltr'><strong>se-</strong></span> 
     </span>
     <span class='ocr_line' id='line_1_25' title="bbox 239 3008 1392 3093; baseline 0.002 -20"><span class='ocrx_word' id='word_1_192' title='bbox 239 3008 410 3074; x_wconf 88' lang='lat' dir='ltr'><strong>cundum</strong></span> <span class='ocrx_word' id='word_1_193' title='bbox 439 3018 515 3087; x_wconf 88' lang='lat' dir='ltr'><strong>est,</strong></span> <span class='ocrx_word' id='word_1_194' title='bbox 546 3009 593 3072; x_wconf 91' lang='lat' dir='ltr'><strong>ab</strong></span> <span class='ocrx_word' id='word_1_195' title='bbox 623 3009 864 3074; x_wconf 78' lang='lat' dir='ltr'><strong>decemviris</strong></span> <span class='ocrx_word' id='word_1_196' title='bbox 889 3018 949 3074; x_wconf 89' lang='lat' dir='ltr'><strong>cet.</strong></span> <span class='ocrx_word' id='word_1_197' title='bbox 976 3012 1148 3093; x_wconf 20' lang='lat' dir='ltr'><strong>‘Apparet</strong></span> <span class='ocrx_word' id='word_1_198' title='bbox 1170 3010 1224 3091; x_wconf 86' lang='lat' dir='ltr'><strong>(ne</strong></span> <span class='ocrx_word' id='word_1_199' title='bbox 1247 3010 1327 3092; x_wconf 89' lang='lat' dir='ltr'><strong>quid</strong></span> <span class='ocrx_word' id='word_1_200' title='bbox 1350 3011 1392 3076; x_wconf 87' lang='lat' dir='ltr'><strong>de</strong></span> 
     </span>
     <span class='ocr_line' id='line_1_26' title="bbox 238 3117 1391 3200; baseline 0.002 -19"><span class='ocrx_word' id='word_1_201' title='bbox 238 3140 284 3181; x_wconf 87' lang='lat' dir='ltr'><strong>an</strong></span> <span class='ocrx_word' id='word_1_202' title='bbox 320 3126 352 3180; x_wconf 92' lang='lat' dir='ltr'><strong>et</strong></span> <span class='ocrx_word' id='word_1_203' title='bbox 387 3138 471 3198; x_wconf 79' lang='lat' dir='ltr'><strong>quae</strong></span> <span class='ocrx_word' id='word_1_204' title='bbox 501 3117 551 3180; x_wconf 83' lang='lat' dir='ltr'><strong>vol</strong></span> <span class='ocrx_word' id='word_1_205' title='bbox 581 3119 674 3199; x_wconf 92' lang='lat' dir='ltr'><strong>quia</strong></span> <span class='ocrx_word' id='word_1_206' title='bbox 705 3120 900 3200; x_wconf 84' lang='lat' dir='ltr'><strong>permutatis</strong></span> <span class='ocrx_word' id='word_1_207' title='bbox 930 3119 1050 3198; x_wconf 88' lang='lat' dir='ltr'><strong>dicam)</strong></span> <span class='ocrx_word' id='word_1_208' title='bbox 1079 3120 1169 3200; x_wconf 86' lang='lat' dir='ltr'><strong>prius</strong></span> <span class='ocrx_word' id='word_1_209' title='bbox 1198 3140 1246 3181; x_wconf 88' lang='lat' dir='ltr'><strong>an</strong></span> <span class='ocrx_word' id='word_1_210' title='bbox 1273 3119 1391 3183; x_wconf 87' lang='lat' dir='ltr'><strong>vitiose</strong></span> 
     </span>
     <span class='ocr_line' id='line_1_27' title="bbox 239 3225 1392 3308; baseline 0.001 -19"><span class='ocrx_word' id='word_1_211' title='bbox 239 3226 315 3308; x_wconf 93' lang='lat' dir='ltr'><strong>poni</strong></span> <span class='ocrx_word' id='word_1_212' title='bbox 338 3246 396 3307; x_wconf 88' lang='lat' dir='ltr'><strong>pro</strong></span> <span class='ocrx_word' id='word_1_213' title='bbox 421 3234 598 3289; x_wconf 85' lang='lat' dir='ltr'><strong>vetusne.</strong></span> <span class='ocrx_word' id='word_1_214' title='bbox 635 3225 750 3308; x_wconf 81' lang='lat' dir='ltr'><strong>Itaque</strong></span> <span class='ocrx_word' id='word_1_215' title='bbox 774 3225 1057 3290; x_wconf 81' lang='lat' dir='ltr'><strong>Weissenbornius</strong></span> <span class='ocrx_word' id='word_1_216' title='bbox 1080 3226 1229 3290; x_wconf 89' lang='lat' dir='ltr'><strong>codicum</strong></span> <span class='ocrx_word' id='word_1_217' title='bbox 1253 3225 1392 3307; x_wconf 79' lang='lat' dir='ltr'><strong>vestigia</strong></span> 
     </span>
     <span class='ocr_line' id='line_1_28' title="bbox 237 3332 1389 3415; baseline 0.001 -19"><span class='ocrx_word' id='word_1_218' title='bbox 237 3333 373 3415; x_wconf 84' lang='lat' dir='ltr'><strong>propius</strong></span> <span class='ocrx_word' id='word_1_219' title='bbox 398 3354 547 3414; x_wconf 87' lang='lat' dir='ltr'><strong>premens</strong></span> <span class='ocrx_word' id='word_1_220' title='bbox 572 3332 689 3396; x_wconf 89' lang='lat' dir='ltr'><strong>edidit:</strong></span> <span class='ocrx_word' id='word_1_221' title='bbox 725 3334 883 3415; x_wconf 82' lang='lat' dir='ltr'><strong>Quippe</strong></span> <span class='ocrx_word' id='word_1_222' title='bbox 906 3341 1018 3396; x_wconf 84' lang='lat' dir='ltr'><strong>vetus</strong></span> <span class='ocrx_word' id='word_1_223' title='bbox 1042 3334 1155 3413; x_wconf 83' lang='lat' dir='ltr'><strong>rogia</strong></span> <span class='ocrx_word' id='word_1_224' title='bbox 1177 3332 1389 3411; x_wconf 85' lang='lat' dir='ltr'><strong>lex—aut,</strong></span> 
     </span>
     <span class='ocr_line' id='line_1_29' title="bbox 237 3438 1390 3520; baseline 0.003 -21"><span class='ocrx_word' id='word_1_225' title='bbox 237 3438 339 3520; x_wconf 83' lang='lat' dir='ltr'><strong>quod</strong></span> <span class='ocrx_word' id='word_1_226' title='bbox 364 3440 582 3504; x_wconf 83' lang='lat' dir='ltr'><strong>secundum</strong></span> <span class='ocrx_word' id='word_1_227' title='bbox 607 3448 674 3516; x_wconf 88' lang='lat' dir='ltr'><strong>ost,</strong></span> <span class='ocrx_word' id='word_1_228' title='bbox 700 3439 747 3503; x_wconf 91' lang='lat' dir='ltr'><strong>ab</strong></span> <span class='ocrx_word' id='word_1_229' title='bbox 771 3439 1009 3504; x_wconf 84' lang='lat' dir='ltr'><strong>decerrrviris</strong></span> <span class='ocrx_word' id='word_1_230' title='bbox 1028 3448 1100 3518; x_wconf 84' lang='lat' dir='ltr'><strong>cet,</strong></span> <span class='ocrx_word' id='word_1_231' title='bbox 1124 3448 1161 3505; x_wconf 91' lang='lat' dir='ltr'><strong>ut</strong></span> <span class='ocrx_word' id='word_1_232' title='bbox 1179 3441 1301 3505; x_wconf 89' lang='lat' dir='ltr'><strong>ironice</strong></span> <span class='ocrx_word' id='word_1_233' title='bbox 1320 3438 1390 3505; x_wconf 79' lang='lat' dir='ltr'><strong>haec</strong></span> 
     </span>
     <span class='ocr_line' id='line_1_30' title="bbox 237 3546 1388 3629; baseline 0.003 -21"><span class='ocrx_word' id='word_1_234' title='bbox 237 3546 426 3610; x_wconf 86' lang='lat' dir='ltr'><strong>dicerentur</strong></span> <span class='ocrx_word' id='word_1_235' title='bbox 444 3547 559 3610; x_wconf 86' lang='lat' dir='ltr'><strong>eodem</strong></span> <span class='ocrx_word' id='word_1_236' title='bbox 578 3546 772 3626; x_wconf 80' lang='lat' dir='ltr'><strong>significatu,</strong></span> <span class='ocrx_word' id='word_1_237' title='bbox 792 3569 872 3628; x_wconf 86' lang='lat' dir='ltr'><strong>quo:</strong></span> <span class='ocrx_word' id='word_1_238' title='bbox 899 3546 1029 3619; x_wconf 77' lang='lat' dir='ltr'><strong>Vetus,</strong></span> <span class='ocrx_word' id='word_1_239' title='bbox 1047 3547 1177 3625; x_wconf 88' lang='lat' dir='ltr'><strong>cred0,</strong></span> <span class='ocrx_word' id='word_1_240' title='bbox 1196 3549 1309 3629; x_wconf 85' lang='lat' dir='ltr'><strong>regia</strong></span> <span class='ocrx_word' id='word_1_241' title='bbox 1326 3554 1388 3611; x_wconf 88' lang='lat' dir='ltr'><strong>cet.</strong></span> 
     </span>
    </p>

    <p class='ocr_par' dir='ltr' id='par_1_4' title="bbox 194 3652 1389 4162">
     <span class='ocr_line' id='line_1_31' title="bbox 194 3652 1389 3739; baseline 0.003 -23"><span class='ocrx_word' id='word_1_242' title='bbox 194 3734 200 3739; x_wconf 36' lang='grc'>-</span> <span class='ocrx_word' id='word_1_243' title='bbox 236 3652 300 3716; x_wconf 89' lang='lat' dir='ltr'><strong>Sed</strong></span> <span class='ocrx_word' id='word_1_244' title='bbox 325 3653 471 3735; x_wconf 79' lang='lat' dir='ltr'><strong>quippe</strong></span> <span class='ocrx_word' id='word_1_245' title='bbox 494 3674 673 3733; x_wconf 82' lang='lat' dir='ltr'><strong>numquam</strong></span> <span class='ocrx_word' id='word_1_246' title='bbox 691 3655 738 3716; x_wconf 89' lang='lat' dir='ltr'><strong>sic</strong></span> <span class='ocrx_word' id='word_1_247' title='bbox 758 3655 889 3735; x_wconf 90' lang='lat' dir='ltr'><strong>ponitur</strong></span> <span class='ocrx_word' id='word_1_248' title='bbox 907 3654 1000 3720; x_wconf 93' lang='lat' dir='ltr'><strong>initio</strong></span> <span class='ocrx_word' id='word_1_249' title='bbox 1019 3655 1090 3717; x_wconf 92' lang='lat' dir='ltr'><strong>eius</strong></span> <span class='ocrx_word' id='word_1_250' title='bbox 1110 3656 1291 3733; x_wconf 74' lang='lat' dir='ltr'><strong>sententiae,</strong></span> <span class='ocrx_word' id='word_1_251' title='bbox 1316 3674 1389 3736; x_wconf 87' lang='lat' dir='ltr'><strong>quae</strong></span> 
     </span>
     <span class='ocr_line' id='line_1_32' title="bbox 237 3758 1388 3842; baseline 0.003 -21"><span class='ocrx_word' id='word_1_252' title='bbox 237 3759 358 3822; x_wconf 87' lang='lat' dir='ltr'><strong>ironice</strong></span> <span class='ocrx_word' id='word_1_253' title='bbox 382 3758 529 3841; x_wconf 81' lang='lat' dir='ltr'><strong>fingitur,</strong></span> <span class='ocrx_word' id='word_1_254' title='bbox 564 3768 767 3842; x_wconf 81' lang='lat' dir='ltr'><strong>repugnante</strong></span> <span class='ocrx_word' id='word_1_255' title='bbox 797 3761 870 3842; x_wconf 89' lang='lat' dir='ltr'><strong>ipsa</strong></span> <span class='ocrx_word' id='word_1_256' title='bbox 898 3762 1050 3826; x_wconf 77' lang='lat' dir='ltr'><strong>vocabuli</strong></span> <span class='ocrx_word' id='word_1_257' title='bbox 1079 3769 1197 3826; x_wconf 85' lang='lat' dir='ltr'><strong>natura</strong></span> <span class='ocrx_word' id='word_1_258' title='bbox 1221 3761 1263 3825; x_wconf 87' lang='lat' dir='ltr'><strong>ab</strong></span> <span class='ocrx_word' id='word_1_259' title='bbox 1287 3763 1388 3826; x_wconf 88' lang='lat' dir='ltr'><strong>inter-</strong></span> 
     </span>
     <span class='ocr_line' id='line_1_33' title="bbox 236 3865 1387 3950; baseline 0.003 -21"><span class='ocrx_word' id='word_1_260' title='bbox 236 3865 380 3948; x_wconf 84' lang='lat' dir='ltr'><strong>rogando</strong></span> <span class='ocrx_word' id='word_1_261' title='bbox 405 3873 493 3943; x_wconf 80' lang='lat' dir='ltr'><strong>orta3</strong></span> <span class='ocrx_word' id='word_1_262' title='bbox 523 3868 630 3949; x_wconf 85' lang='lat' dir='ltr'><strong>posito</strong></span> <span class='ocrx_word' id='word_1_263' title='bbox 653 3869 723 3949; x_wconf 84' lang='lat' dir='ltr'><strong>ipso</strong></span> <span class='ocrx_word' id='word_1_264' title='bbox 747 3866 813 3945; x_wconf 87' lang='lat' dir='ltr'><strong>illo,</strong></span> <span class='ocrx_word' id='word_1_265' title='bbox 844 3867 930 3949; x_wconf 82' lang='lat' dir='ltr'><strong>quod</strong></span> <span class='ocrx_word' id='word_1_266' title='bbox 953 3868 1120 3932; x_wconf 89' lang='lat' dir='ltr'><strong>irridendo</strong></span> <span class='ocrx_word' id='word_1_267' title='bbox 1144 3868 1287 3950; x_wconf 80' lang='lat' dir='ltr'><strong>fingitur,</strong></span> <span class='ocrx_word' id='word_1_268' title='bbox 1311 3868 1387 3932; x_wconf 86' lang='lat' dir='ltr'><strong>sub-</strong></span> 
     </span>
     <span class='ocr_line' id='line_1_34' title="bbox 237 3973 1387 4054; baseline 0.003 -18"><span class='ocrx_word' id='word_1_269' title='bbox 237 3974 346 4037; x_wconf 85' lang='lat' dir='ltr'><strong>iicitur·</strong></span> <span class='ocrx_word' id='word_1_270' title='bbox 369 3993 442 4038; x_wconf 89' lang='lat' dir='ltr'><strong>cum</strong></span> <span class='ocrx_word' id='word_1_271' title='bbox 467 3975 592 4038; x_wconf 88' lang='lat' dir='ltr'><strong>ironica</strong></span> <span class='ocrx_word' id='word_1_272' title='bbox 615 3973 841 4038; x_wconf 87' lang='lat' dir='ltr'><strong>adfirmatione</strong></span> <span class='ocrx_word' id='word_1_273' title='bbox 866 3976 1001 4054; x_wconf 83' lang='lat' dir='ltr'><strong>(warum</strong></span> <span class='ocrx_word' id='word_1_274' title='bbox 1024 3975 1159 4054; x_wconf 68' lang='lat' dir='ltr'><strong>nicht‘i).</strong></span> <span class='ocrx_word' id='word_1_275' title='bbox 1206 3974 1256 4039; x_wconf 80' lang='lat' dir='ltr'><strong>Ao</strong></span> <span class='ocrx_word' id='word_1_276' title='bbox 1279 3996 1387 4039; x_wconf 84' lang='lat' dir='ltr'><strong>enien-</strong></span> 
     </span>
     <span class='ocr_line' id='line_1_35' title="bbox 234 4080 1386 4162; baseline 0.004 -20"><span class='ocrx_word' id='word_1_277' title='bbox 234 4080 402 4145; x_wconf 84' lang='lat' dir='ltr'><strong>dationcnr</strong></span> <span class='ocrx_word' id='word_1_278' title='bbox 436 4081 661 4145; x_wconf 79' lang='lat' dir='ltr'><strong>inveniendam</strong></span> <span class='ocrx_word' id='word_1_279' title='bbox 697 4082 844 4162; x_wconf 80' lang='lat' dir='ltr'><strong>proderit</strong></span> <span class='ocrx_word' id='word_1_280' title='bbox 878 4082 1162 4157; x_wconf 82' lang='lat' dir='ltr'><strong>animadvertisse,</strong></span> <span class='ocrx_word' id='word_1_281' title='bbox 1197 4106 1261 4147; x_wconf 93' lang='lat' dir='ltr'><strong>nou</strong></span> <span class='ocrx_word' id='word_1_282' title='bbox 1296 4092 1386 4147; x_wconf 83' lang='lat' dir='ltr'><strong>recto</strong></span> 
     </span>
    </p>
   </div>
   <div class='ocr_carea' id='block_1_3' title="bbox 0 0 1534 5272">
    <p class='ocr_par' dir='ltr' id='par_1_5' title="bbox 0 0 1534 5272">
     <span class='ocr_line' id='line_1_36' title="bbox 0 0 1534 5272; baseline 0 3"><span class='ocrx_word' id='word_1_283' title='bbox 0 0 1534 5272; x_wconf 95' lang='lat' dir='ltr'><strong> </strong></span> 
     </span>
    </p>
   </div>
  </div>
 </body>
</html>
