3060 5272
771 140 781 174 ἵ

812 357 877 390 „he

724 833 786 896 365
1165 848 1228 902 Lib.
1246 847 1332 901 XXV.

178 1021 336 1106 scripturn
376 1026 481 1085 esset:
521 1038 774 1103 nequaquam
811 1024 970 1084 tantum
1008 1017 1187 1082 fructum
1227 1041 1332 1099 esse,

177 1127 281 1212 quod
309 1148 459 1213 capere
488 1125 713 1212 Syracusas
742 1126 932 1208 potnerit,
968 1133 1160 1205 quartu,
1189 1127 1222 1189 sl
1250 1146 1332 1189 scr·

175 1254 260 1300 rara
293 1237 513 1321 potuisset.
576 1235 688 1300 Livius
726 1235 848 1320 ubique
881 1235 1074 1301 Marcellum
1106 1234 1235 1301 inducit
1267 1236 1332 1300 cle-

175 1350 304 1410 menter
324 1339 532 1427 loquentem
554 1365 590 1408 re
613 1342 746 1425 quidem
767 1344 843 1427 ipsa
865 1345 948 1408 satis
971 1343 1152 1408 crudeliter
1172 1344 1207 1407 in
1230 1345 1332 1409 victos

174 1452 349 1517 consuluit.
377 1452 416 1517 ln
437 1452 597 1536 proximis
620 1452 729 1517 uerbis
752 1450 783 1534 (ξ
796 1451 830 1533 8)
853 1473 919 1517 non
941 1457 1053 1536 potest
1074 1473 1153 1517 uera
1174 1474 1247 1518 esse
1263 1452 1332 1519 haec

175 1558 359 1645 copulatio:
399 1566 581 1644 quaestor
613 1558 662 1624 ad
695 1558 844 1625 Nasum
876 1563 916 1625 e't
949 1560 1230 1645 accipiendam
1263 1583 1332 1646 pe·

175 1668 335 1733 cuniam
366 1668 521 1751 regiam
556 1667 954 1750 custodiendamque
987 1669 1154 1748 missus,
1190 1691 1250 1734 nec
1285 1670 1332 1736 ad

175 1773 204 1839 N
210 1795 322 1841 asum
342 1776 453 1842 mitti
477 1775 518 1841 de
540 1782 636 1859 parte
659 1775 762 1854 urbis,
785 1797 883 1858 quam
906 1778 980 1860 quis
1003 1776 1194 1860 ingreditur,
1216 1779 1332 1845 Latine

175 1882 306 1949 dicitur.
357 1883 573 1951 Scribcndum
600 1883 745 1949 ridetur:
774 1884 957 1962 Quaestor
978 1883 1126 1950 Nasum
1154 1886 1203 1952 ad
1226 1890 1332 1954 acci·

175 1991 363 2075 piendam
386 1993 602 2076 pecuniam
624 1999 687 2057 cet.
722 1992 825 2057 Paulo
847 2000 924 2077 post
940 1991 1038 2075 (511)
1056 1993 1226 2060 scribitur:
1250 1997 1332 2062 Hoc

174 2101 344 2165 maxime
374 2100 489 2166 modo
519 2099 731 2184 Syracusae
760 2106 903 2185 captse,
939 2102 978 2165 in
1014 2102 1162 2183 quibus
1190 2105 1331 2187 prsedae

175 2214 331 2273 tantum
364 2207 459 2287 fuit,
494 2216 688 2292 quantum
722 2210 785 2273 vix
820 2218 942 2293 capta
970 2208 1217 2293 Carthagine
1250 2219 1332 2279 tum

175 2314 344 2396 fuisset,
385 2337 471 2381 cnm
511 2336 588 2400 qua
626 2316 788 2383 uiribus
822 2319 947 2400 aequis
980 2318 1228 2386 certabatur.
1289 2323 1333 2388 Et

175 2424 375 2507 perobscura
414 2424 537 2489 dicitur
574 2432 656 2489 tum
696 2423 767 2505 (illo
800 2427 873 2509 ipso
907 2425 1069 2509 tempore)
1104 2435 1137 2490 et
1170 2429 1333 2495 inutiliter

176 2530 347 2598 moerent
379 2531 454 2596 illa:
494 2554 579 2597 cum
613 2553 692 2616 qua
724 2533 884 2599 viribus
918 2534 1042 2614 aequis
1075 2536 1332 2617 certabatur,

175 2647 323 2726 tempore
361 2642 428 2706 iam
461 2640 656 2723 significato.
718 2641 845 2725 Aperta
883 2643 946 2706 erit
984 2643 1149 2707 sententia
1187 2650 1332 2727 aptaque

176 2750 297 2830 oratio,
330 2748 464 2815 sublato
494 2748 737 2814 additamento:
773 2755 969 2832 quantum
998 2751 1061 2814 vix
1090 2758 1211 2834 capta
1238 2750 1332 2818 Gar·

176 2856 346 2941 thagine
386 2863 468 2922 tum
506 2857 675 2935 fuisset,
717 2877 802 2921 cum
836 2856 983 2941 (quum)
1017 2858 1174 2924 viribus
1208 2863 1332 2946 aequis

176 2965 434 3044 certabatur,
469 2963 531 3029 hoc
564 2971 629 3030 est:
671 2965 699 3031 si
732 2965 788 3030 illo
817 2972 980 3048 tempore,
1014 2988 1114 3050 quum
1137 2969 1238 3033 etiam
1261 2975 1332 3036 tum

177 3073 299 3139 viribus
322 3074 424 3155 eequis
445 3073 569 3138 bellum
592 3072 729 3155 gerebat
750 3072 927 3157 stabatque
950 3075 1085 3158 opibus,
1114 3083 1213 3161 capta
1235 3085 1334 3160 esset,

176 3203 243 3248 non
264 3187 393 3266 postea,
423 3203 525 3266 quum
547 3180 655 3246 fracta
677 3184 743 3246 iam
767 3190 800 3247 et
822 3181 936 3248 multis
960 3182 1109 3249 cladibus
1132 3186 1333 3270 tributisque

177 3289 338 3355 exhausta
359 3291 394 3354 in
416 3288 641 3355 Romanorum
664 3296 863 3373 potestatem
886 3292 986 3357 uenit.

263 3396 343 3482 Cap.
368 3401 424 3478 32,
456 3402 474 3461 3
498 3397 688 3481 (postquam
713 3398 753 3463 de
776 3398 811 3461 P.
834 3406 869 3462 et
890 3397 948 3463 On.
973 3399 1162 3485 Scipionum
1185 3403 1329 3469 consiliis
1348 3407 1419 3476 (299)

177 3506 256 3573 belli
295 3508 329 3571 in
363 3504 527 3589 Hispania
560 3505 696 3570 finiendi
730 3504 855 3570 dictum
879 3506 957 3588 est):
1006 3514 1043 3572 et
1077 3511 1179 3575 satis
1213 3510 1261 3575 ad
1295 3511 1333 3576 id

176 3615 324 3680 uirium
360 3613 584 3679 credebaut
618 3614 845 3677 necessisse
874 3616 1024 3695 viginti
1055 3616 1185 3681 millia
1207 3615 1333 3682 Celti-

176 3721 366 3789 berorum
388 3743 434 3787 ea
455 3720 585 3786 hieme
608 3720 655 3785 ad
679 3741 790 3785 arma
812 3723 955 3787 excita.
1001 3723 1093 3788 Tum
1116 3728 1203 3790 tres
1227 3746 1335 3789 exer·

177 3831 289 3896 citus
317 3837 443 3896 erant.
494 3828 727 3895 Hasdrubal
751 3830 944 3910 Gisgonis
967 3828 1087 3895 filius
1110 3840 1173 3896 cet.
1218 3832 1336 3916 [nepta

178 3945 233 4004 est
258 3941 292 4004 in
319 3939 464 4004 transitu
493 3938 536 4002 ad
559 3937 699 4002 alteram
722 3944 850 4020 partem
874 3938 1028 4019 (Poenos)
1051 3941 1209 4023 temporis
1232 3941 1335 4023 parti·

178 4046 255 4113 cula
275 4045 395 4130 (tum).
451 4046 568 4129 ltaque
596 4047 630 4110 in
658 4045 849 4128 vulgaribus
879 4044 1079 4112 editionibus
1109 4070 1168 4132 pro
1197 4050 1336 4112 excita

178 4162 260 4221 tum
288 4155 446 4221 scribitur
473 4155 673 4233 excitata,
703 4154 802 4219 verbo
831 4175 897 4219 non
924 4162 1025 4221 recto.
1082 4154 1146 4222 Sed
1175 4162 1337 4240 praeterea

178 4263 485 4330 manifestissimum
507 4269 574 4342 est,
607 4263 654 4327 sic
675 4261 739 4326 boc
762 4262 843 4327 dici:
878 4268 961 4328 tres
985 4265 1196 4330 exercitus
1219 4270 1336 4329 erant

179 4369 276 4454 (siuet
310 4379 392 4438 tum
422 4378 505 4436 tres
535 4393 590 4436 ex.
615 4370 694 4452 er),
728 4378 766 4435 ut
794 4393 859 4436 non
889 4373 995 4455 possit
1017 4372 1081 4437 nisi
1105 4371 1148 4438 ad
1171 4373 1337 4437 Romano·

178 4500 266 4560 rum,
300 4479 341 4546 de
363 4480 483 4565 quibus
505 4478 664 4544 hacteuus
688 4479 903 4559 dictumest,
936 4479 1202 4545 distributionem
1225 4480 1336 4564 copia·

179 4608 254 4653 rum
276 4588 510 4655 declarandam
532 4586 749 4671 (perbreviter
771 4586 904 4670 quidem
927 4594 961 4653 et
983 4587 1137 4672 abrupte)
1160 4587 1336 4671 pertinere.

180 4694 226 4760 Et
258 4704 371 4763 tanrmr
403 4696 513 4763 subito
548 4695 750 4761 obiiciuntur
777 4694 969 4760 Hasdrubal
997 4702 1136 4778 uterquc
1165 4701 1198 4760 et
1226 4694 1335 4778 Mago.
