3060 5272
705 274 768 337 254

161 459 306 525 editione
334 458 414 522 Ven.
443 479 472 522 a.
498 461 579 522 1498
608 459 695 542 typis
722 458 856 542 vulgata
883 464 974 538 sunt,
1008 459 1173 542 scriptura
1199 459 1233 525 in
1260 460 1316 526 Li·

160 567 264 632 vianis
288 566 407 649 sapius
431 563 473 629 ab
497 563 518 629 S
542 564 728 630 aberrante.
785 565 836 630 Ea
868 565 1035 650 copulatio
1062 571 1161 649 atque
1190 567 1316 635 codicis

161 674 325 759 Spirensis
349 679 383 738 et
404 671 555 738 Rhenani
577 672 829 738 adnotationum
852 672 971 738 oblivio
994 672 1118 755 effecit,
1151 683 1188 740 ut
1208 676 1314 743 Weis-

161 782 357 849 senbornius
390 786 497 845 totum
525 780 612 845 huno
639 779 749 845 locum
777 780 952 846 damnaret
978 787 1140 864 tanquam
1161 783 1204 849 ab
1227 783 1314 852 Italo

160 891 271 974 aliquo
299 888 541 953 renascentium
569 888 754 952 litterarum
782 894 932 971 tempore
956 890 1173 973 compositum
1195 913 1315 977 meque

159 999 193 1063 in
216 997 355 1062 eandem
378 996 564 1079 opinionem
587 994 810 1080 pertraheret,
838 1017 879 1060 ne
902 996 982 1080 quid
1005 996 1132 1063 scilicet
1153 998 1314 1083 obstaret,

160 1127 224 1189 quo
253 1106 360 1169 minus
389 1104 489 1168 etiam
519 1104 552 1167 in
580 1103 632 1168 his
656 1105 801 1187 quinque
823 1103 1064 1188 posterioribus
1085 1104 1179 1173 libris
1201 1130 1315 1176 omues

160 1213 290 1278 codices
325 1233 342 1276 e
376 1210 401 1273 P
436 1211 501 1276 orti
534 1210 775 1291 iudicarentur,
816 1232 915 1293 quam
954 1213 1174 1296 suspicionem
1206 1222 1313 1282 totum

159 1323 286 1405 primus
318 1319 587 1402 Heerwagenius,
622 1324 779 1384 renovata
807 1318 930 1384 codicis
954 1317 1119 1404 Spirensis
1146 1327 1315 1407 memoria,

161 1429 287 1495 evertit.
332 1426 522 1509 Eademque
548 1425 719 1492 damnatio
743 1427 843 1492 etiam
865 1427 909 1491 ad
931 1427 1070 1493 alterum
1092 1428 1168 1494 libri
1190 1430 1313 1499 XXVII

157 1536 282 1614 locum,
317 1534 372 1616 qui
403 1554 539 1616 prorsus
568 1535 695 1616 integer
722 1534 756 1596 in
779 1534 800 1599 S
824 1535 1090 1617 perscribebatur
1112 1536 1163 1618 (ut
1186 1560 1204 1603 e
1225 1539 1312 1607 Rhe·

158 1643 237 1708 nani
260 1639 529 1706 adnotationibus
552 1640 767 1724 intellegitur)
791 1650 824 1706 et
841 1663 859 1706 e
877 1643 1043 1708 codicibus
1060 1644 1136 1710 inde
1154 1646 1312 1715 derivatis

158 1752 193 1816 in
216 1750 378 1815 editiones
401 1748 506 1827 veuit,
535 1747 698 1813 translata
720 1756 779 1828 est,
809 1770 848 1814 eo
872 1752 1013 1832 pravius,
1042 1752 1139 1836 quod,
1169 1776 1242 1839 quae
1263 1757 1311 1823 ibi

159 1859 199 1925 de
228 1878 308 1939 agro
332 1854 497 1938 Campano
525 1856 636 1921 locato
664 1855 761 1920 etde
785 1857 1009 1923 coniuratione
1032 1857 1152 1942 Capuae
1174 1861 1311 1932 Blossiis

158 1965 362 2052 principibus
395 1962 487 2027 facta
514 1963 680 2046 leguntur,
713 1965 834 2028 nemini
868 1965 900 2029 in
934 1973 1077 2031 mentem
1109 1972 1219 2036 venire
1252 1995 1311 2058 po-

157 2080 246 2141 terat
278 2072 411 2155 fingere.
469 2070 544 2152 (llla
578 2071 709 2153 quidem
738 2070 778 2136 de
808 2092 886 2153 agro
911 2070 1077 2157 Campano
1107 2097 1133 2140 c.
1159 2083 1192 2159 3,
1229 2085 1310 2149 lne

157 2182 304 2263 intellegi
334 2179 466 2265 quidem
494 2185 664 2263 poterant,
693 2185 870 2261 antequam
893 2201 914 2244 a
936 2179 1094 2248 Rhenano
1124 2205 1164 2249 ex
1191 2187 1264 2271 ipso
1288 2190 1310 2257 S

157 2290 349 2356 emendatus
371 2287 461 2352 locus
484 2285 593 2368 est.)¹)

242 2398 318 2463 Siue
347 2394 416 2459 ulla
442 2395 543 2478 igitur
572 2392 778 2460 dubitatione
807 2395 952 2461 codicem
975 2396 1161 2481 Spirensem
1188 2424 1249 2487 per
1277 2425 1311 2469 se

156 2506 325 2570 Puteaneo
349 2501 508 2584 dignitate
532 2507 566 2566 et
588 2503 787 2568 auctoritate
810 2503 1021 2586 aquabimus,
1044 2505 1198 2574 utilitatis
1216 2510 1312 2596 louge

157 2613 264 2677 minus
286 2609 382 2675 nobis
406 2608 540 2692 praebet.
591 2609 733 2674 Tantum
756 2612 841 2675 enim
865 2611 905 2676 de
929 2633 966 2677 eo
990 2614 1120 2695 scimus,
1150 2623 1311 2700 quantum

156 2719 334 2786 Rhenanus
357 2716 536 2796 adnotavit,
559 2716 622 2782 boc
645 2725 703 2796 est,
726 2717 829 2784 multo
853 2720 1011 2803 pauciora
1028 2742 1127 2805 quam
1146 2724 1311 2793 vellemus.

154 2828 198 2891 Et
220 2825 323 2909 quod,
357 2824 513 2908 quoniam
540 2825 607 2889 iam
636 2827 754 2911 saepius
783 2826 915 2893 codices
944 2829 1104 2912 quosdam
1127 2831 1202 2897 inde
1225 2832 1310 2899 deri-

154 2940 248 3001 vatos
282 2955 354 2999 esse
388 2932 568 3016 significavi
597 2933 701 3018 (quod
734 2934 784 2999 vel
813 2941 949 3018 recepta
979 2938 1012 3000 in
1042 2937 1203 3005 editiones
1230 2948 1309 3007 ante

153 3042 347 3109 Rhenanum
369 3062 446 3106 vera
468 3042 697 3125 supplementa
720 3042 907 3124 ostendunt,
937 3045 998 3109 etsi
1020 3051 1155 3128 poterat
1177 3049 1308 3132 supple·

153 3156 299 3216 mentum
328 3171 346 3214 e
377 3148 398 3214 S
427 3148 621 3215 transscribi
654 3150 688 3213 in
722 3150 870 3215 codicem
898 3173 916 3216 e
943 3151 969 3215 P
997 3156 1135 3234 ortum),
1168 3154 1308 3223 fortasse

180 3362 205 3428 ¹)
225 3362 386 3419 Constituta
403 3364 459 3418 iam
477 3363 605 3418 codicum
618 3362 640 3416 P
655 3367 684 3417 et
699 3362 718 3416 S
732 3363 850 3432 originis
869 3363 1041 3434 diversitate,
1060 3369 1119 3421 veri
1136 3368 1308 3426 simillimum

220 3447 265 3515 fit,
291 3449 543 3518 transpositionem
571 3464 647 3514 eam,
674 3464 735 3516 quoe
763 3449 793 3503 in
814 3449 837 3504 P
859 3448 935 3505 sacta
962 3456 1005 3505 est
1030 3452 1061 3506 in
1084 3458 1210 3508 extremo
1231 3455 1307 3511 libro

218 3530 328 3586 XXVII
352 3538 382 3586 et
402 3534 484 3588 initio
506 3533 555 3587 lib.
572 3530 668 3586 XXIX
690 3550 810 3602 quaeque
831 3534 899 3590 indo
917 3536 978 3591 sine
996 3536 1082 3591 dubio
1101 3537 1138 3592 ad
1154 3539 1307 3609 plerosque

218 3617 333 3672 codices
350 3624 510 3688 propagata
527 3622 579 3685 est,
601 3617 665 3685 etsi,
688 3619 736 3687 qui
753 3619 947 3689 contulerunt,
964 3626 1124 3691 tacuerunt,
1142 3625 1219 3693 quod
1235 3625 1307 3679 nihil

219 3702 328 3770 deerat,
352 3701 398 3770 (-
417 3706 460 3758 eat
482 3703 511 3757 iu
527 3702 731 3772 Bambergensi
748 3721 837 3774 nuper
855 3706 967 3776 collato,
985 3708 1192 3779 vestigiumque
1210 3715 1306 3779 tenue,

219 3787 269 3841 sed
286 3790 394 3841 certum
413 3786 634 3857 deprehenditur
652 3788 682 3842 in
699 3788 743 3857 iis,
766 3806 829 3859 quoe
848 3790 884 3845 ad
896 3791 1000 3861 XXIX,
1025 3797 1047 3861 l,
1070 3796 1104 3849 24
1119 3794 1155 3849 de
1168 3796 1305 3851 vocabulo

220 3872 300 3927 inde
322 3872 352 3927 in
375 3872 543 3942 quibusdam
567 3871 712 3927 codicibus
734 3880 849 3944 reperto
874 3877 1058 3946 adnotantur,
1075 3879 1120 3947 -)
1139 3896 1197 3935 nou
1215 3882 1303 3951 perti·

217 3958 315 4012 unisse
333 3957 369 4011 ad
388 3956 416 4025 S,
435 3958 470 4013 dc
488 3976 543 4028 quo
560 3958 714 4014 Rhenanus
731 3964 816 4031 tacet,
834 3968 883 4016 aut
899 3963 967 4019 inde
985 3969 1070 4019 ortos.
1110 3965 1192 4034 Quod
1209 3971 1305 4021 tamen

217 4043 569 4112 HeerwageniusHertelio
587 4048 659 4098 teste
676 4044 707 4099 iu
723 4062 773 4100 sex
786 4048 932 4105 codicibus
940 4049 1209 4107 vindobonensibns
1223 4055 1304 4107 recto

218 4127 316 4183 ordine
335 4128 392 4198 legi
409 4128 506 4197 tradit,
525 4128 654 4184 nonnihil
670 4129 765 4185 miror.
