3060 5272
207 304 271 367 mu
288 302 311 358 1.
390 368 396 383 ‚
742 290 805 353 co

198 476 448 560 ‘quinquaginta
458 475 604 541 millibus
616 481 776 557 constare,
787 474 1109 559 quemadmodumX,
1122 480 1222 557 36,14
1234 477 1363 561 capti-

208 606 343 651 vorum
371 605 559 649 numerus
589 605 677 649 esse
704 591 859 668 septem
881 584 1052 649 millium
1074 584 1195 650 dicitur
1216 589 1251 650 et
1272 583 1363 669 apud

209 692 395 760 Cornelium
421 692 585 778 Nepotem
613 692 734 777 Iphicr.
764 697 784 757 2
818 693 1028 758 exercitus
1055 713 1243 759 numerus
1271 713 1362 759 esse

209 801 420 867 duodecim
453 801 625 867 millium
654 806 688 867 et
715 800 750 866 id
776 822 882 885 genus
909 823 976 867 non
1003 799 1140 885 panca),
1173 801 1267 867 video
1295 802 1363 867 iam

208 910 367 976 Rhenano
399 911 434 974 in
466 917 607 975 mentem
634 909 769 975 venisse.
826 909 878 991 (ln
907 909 1019 975 codice
1042 909 1220 995 archetypo
1242 909 1362 976 inisse:

208 1019 350 1084 Tertia
384 1018 532 1084 classis
566 1019 606 1083 in
640 1018 667 1083 L
700 1016 873 1083 millium
906 1024 984 1097 oet,
1028 1038 1068 1082 ex
1101 1017 1292 1083 MRPLlHl
1328 1026 1363 1084 et

208 1128 408 1193 deteriorum
430 1127 596 1192 nonnullis
618 1124 832 1209 intellegitur.
888 1125 1005 1191 Fuisse
1028 1127 1193 1210 suspicor,
1222 1127 1280 1209 qui
1303 1135 1364 1193 aut

208 1237 247 1300 in
270 1237 398 1302 tertia
421 1234 555 1300 classe
573 1234 673 1300 scribi
689 1233 798 1314 vellet,
817 1232 1091 1316 quemadmodum
1108 1235 1257 1318 sequitur
1274 1235 1364 1320 apud

208 1345 336 1410 Livium
352 1345 392 1409 in
409 1349 557 1426 quarta
574 1343 717 1423 classe,
741 1350 801 1408 aut
818 1344 866 1407 sio
882 1341 1104 1425 intellegenda
1120 1342 1221 1408 uerba
1238 1343 1364 1427 signifi-

209 1461 315 1533 caret3
339 1453 387 1518 sic
409 1451 614 1535 adscriptum
635 1453 675 1516 in
698 1451 817 1517 deinde
839 1451 905 1516 alio
926 1450 999 1517 loco
1022 1452 1183 1518 insertum
1205 1452 1302 1537 esse.)

295 1559 373 1644 Cap.
398 1564 455 1639 45,
486 1562 519 1622 1:
553 1560 684 1624 Aucta
717 1560 888 1625 civitate
921 1560 1202 1642 magnitudine
1235 1560 1363 1628 urbis.

208 1670 284 1735 Non
314 1675 453 1751 augetur
482 1668 597 1732 civitas
628 1667 718 1733 urbis
746 1667 986 1752 magnitudine,
1020 1666 1079 1732 sed
1100 1648 1201 1734 aucta
1221 1669 1296 1755 ipsa
1317 1670 1364 1736 ci·

208 1779 297 1842 vium
324 1797 461 1842 numero
489 1775 605 1840 urbem
632 1775 740 1859 poscit
766 1776 938 1855 maiorem,
968 1782 1006 1839 ut
1032 1776 1104 1861 ipse
1127 1776 1238 1843 Liuius
1261 1798 1288 1843 c.
1311 1784 1365 1859 44,

213 1890 231 1949 3
262 1885 393 1951 scribit:
427 1881 483 1948 Ad
516 1905 599 1949 earn
632 1883 940 1949 multitudinem
973 1884 1071 1950 urbs
1098 1905 1255 1968 quoque
1284 1908 1365 1952 am·

210 1992 446 2079 plificande
490 1993 580 2057 visa
624 2000 696 2058 est.
757 1991 834 2057 Sino
874 1990 974 2057 dubio
1015 1994 1194 2077 scripserat
1231 1994 1360 2061 Livius:

208 2104 342 2168 Aucta
376 2101 544 2166 civitate
572 2108 602 2162 et
629 2099 907 2183 magnitudine
936 2100 1063 2166 urbis.
1121 2100 1227 2180 Quam
1255 2102 1363 2169 facilis

208 2211 309 2277 luerit
331 2231 431 2289 error,
455 2215 603 2294 apparet.
649 2207 771 2292 (1861.)

296 2317 393 2403 *Cap
417 2323 468 2398 46,
492 2322 511 2382 7
535 2316 606 2399 (ubi
628 2317 817 2382 referuntur
838 2316 953 2382 Tulliae
975 2318 1110 2383 minoris
1133 2339 1207 2383 cum
1228 2318 1264 2383 L.
1282 2317 1363 2385 Tar·

211 2428 325 2511 quino,
355 2426 466 2491 mariti
488 2425 605 2506 fratre,
635 2427 757 2491 sororis
779 2426 899 2491 merito
922 2425 1116 2508 sermones):
1152 2434 1254 2492 etse
1276 2447 1366 2492 rec-

210 2537 295 2602 tius
341 2534 502 2599 viduam
546 2541 586 2598 et
630 2532 745 2598 illum
789 2533 966 2599 oaelibem
1013 2534 1198 2599 futurum
1235 2533 1365 2600 fuisse

211 2642 463 2710 contendere
486 2640 735 2723 (contendebat)
758 2663 875 2724 qnam
898 2663 984 2707 cum
1006 2642 1151 2727 imperi
1173 2642 1295 2726 iungi,
1322 2648 1367 2707 nt

212 2749 589 2833 elanguescendum
616 2749 753 2815 aliena
780 2751 946 2832 ignavia
972 2757 1090 2816 esset.
1147 2748 1227 2828 Qua
1256 2751 1301 2816 sit
1329 2751 1363 2816 in

213 2859 264 2924 his
287 2861 448 2943 pravitas,
477 2857 666 2941 apparebit,
696 2859 724 2923 si
747 2859 779 2922 in
803 2864 927 2923 rectam
950 2860 1132 2924 orationem
1154 2859 1364 2925 transtuleri-

211 2989 299 3047 mus3
327 2967 398 3030 haeo
421 2966 507 3031 enim
530 2966 609 3031 erit:
643 2966 695 3031 Et
722 2986 793 3048 ego
821 2967 981 3032 rectius
1008 2967 1130 3032 vidua
1158 2974 1197 3033 et
1225 2973 1267 3032 tu
1290 2988 1365 3032 cae-

212 3074 300 3140 lobs
328 3074 481 3138 fuisses
510 3077 566 3151 (=
587 3073 768 3139 futurum
795 3073 937 3156 fuisse)
965 3096 1083 3157 quarn
1106 3096 1191 3139 cnm
1213 3075 1365 3159 impari

212 3184 419 3266 iungimur
442 3181 497 3263 (=
518 3181 659 3265 iungi),
687 3189 731 3247 ut
754 3167 1125 3266 elanguescendum
1149 3205 1177 3249 a.
1201 3184 1277 3265 ign.
1301 3184 1366 3249 sit.
1416 3200 1421 3211 ·

212 3293 315 3376 Atqui
338 3312 398 3376 pro
422 3312 469 3370 eo,
498 3290 586 3373 quod
609 3298 673 3357 est:
703 3312 832 3374 quarn,
861 3291 965 3374 quod
988 3313 1090 3372 nuno
1112 3291 1266 3357 fuctum
1288 3299 1365 3372 est,

213 3401 488 3483 iungeremur‚
516 3398 727 3465 nullomodo
750 3399 815 3464 dici
839 3407 964 3484 potest:
1000 3421 1116 3483 quam
1142 3400 1366 3482 iungimur3

214 3530 318 3592 neque
341 3507 563 3591 iungebantur
584 3530 678 3588 nunc,
703 3508 762 3573 sed
783 3509 888 3574 iuncti
911 3518 1019 3589 erant3
1041 3511 1156 3594 itaque
1172 3530 1213 3574 ne
1230 3509 1366 3592 iunge·

213 3638 345 3683 remur
367 3615 499 3698 quidem
521 3622 646 3680 rectum
669 3622 767 3695 esset,
790 3616 849 3681 sed
871 3617 1012 3686 iuncti,
1035 3616 1069 3681 id
1092 3625 1151 3697 est,
1174 3618 1208 3682 in
1231 3616 1369 3699 obliqua

213 3727 376 3804 oratione,
404 3724 578 3789 iunctos.
635 3723 771 3789 Accedit
792 3723 835 3788 ad
856 3724 921 3789 hoc
943 3725 1101 3796 orationis
1123 3726 1247 3806 vitium,
1277 3725 1367 3808 quod

212 3834 247 3899 in
276 3833 389 3898 codice
418 3831 595 3916 archetypo
623 3854 689 3897 non
717 3840 845 3911 esset,
880 3833 937 3898 sed
968 3853 1058 3897 esse
1082 3835 1240 3918 scriptum
1261 3833 1367 3900 fnisse

214 3947 346 4007 constet
386 3941 440 4022 (ex
473 3939 652 4020 MPLlHl,
695 3940 916 4006 deterioribus
950 3940 1110 4024 quoque),
1150 3964 1190 4006 ex
1223 3963 1289 4025 quo
1322 3950 1368 4008 nt

213 4049 406 4114 mendosum
430 4070 500 4113 esse
524 4049 689 4131 arguitur,
723 4070 781 4133 pro
806 4070 871 4132 quo
893 4049 927 4113 in
950 4049 1171 4116 deterioribus
1195 4050 1366 4117 codicibus

213 4158 333 4241 partim
363 4157 522 4240 scripturn
550 4164 602 4222 est
628 4157 751 4237 houd,
784 4159 906 4242 partim
928 4167 1004 4225 aut.
1061 4159 1112 4240 (ln
1135 4158 1285 4225 Rhenani
1308 4160 1367 4225 ad·
