3060 5272
227 350 290 405 Lib.
308 349 369 405 vn.
778 339 839 400 176

229 522 299 603 VH,
325 527 373 602 13,
397 522 584 588 laudandus
607 522 687 588 mihi
710 523 890 609 aliquando
913 522 1148 604 Alschelsliius,
1171 522 1262 608 quod
1283 521 1399 617 paulo·

229 637 306 695 ante
329 629 360 714 (ἓ
385 632 417 713 3)
441 653 482 696 ex
504 629 529 695 P
552 636 587 696 et
608 631 829 697 deterioribus
857 631 1026 698 codicibus
1049 631 1388 714 (Drakenborchianis

161 720 166 730 ¹
229 738 319 823 octo)
342 740 503 805 restituit:
539 739 580 805 Si
609 740 724 819 licet,
760 739 957 819 dictator,
992 740 1094 806 allato
1119 741 1220 806 etiam
1241 740 1389 806 Terentii

229 847 379 931 exemplo
402 846 536 928 (Heaut.
560 848 597 926 V,
621 851 651 928 2,
675 851 732 912 20:
766 847 885 928 Here,
918 847 1126 930 licetnel),
1153 849 1276 933 inquo
1299 849 1401 941 simii

228 955 305 1020 liter
327 956 362 1020 in
383 957 479 1020 venia
501 955 633 1020 dicendi
655 955 799 1039 petenda
826 956 941 1040 loqui
970 961 1029 1021 aut
1051 956 1189 1021 dicere
1212 957 1395 1022 omittitur(

229 1063 284 1129 Sic
311 1064 398 1129 enim
425 1065 593 1146 aptissime
621 1063 757 1128 militari
784 1062 947 1130 brevitate
969 1063 1097 1129 Tullius
1124 1063 1233 1130 dicere
1261 1064 1390 1129 orditur

230 1158 548 1253 (Mit'Erlaubniss,
582 1170 766 1254 Feldherr).
831 1170 1009 1237 Scilicet
1041 1173 1075 1236 in
1109 1171 1172 1236 hac
1205 1177 1323 1256 aperta
1355 1177 1390 1238 et

229 1279 370 1362 simplici
404 1300 527 1359 causae,
562 1300 621 1344 cur
648 1279 776 1344 Tullius
812 1280 1011 1346 dictatorem
1027 1279 1153 1362 adeat,
1187 1280 1389 1346 indicatione

228 1387 355 1452 nullum
377 1386 479 1453 habet
499 1387 619 1452 locum.
669 1388 784 1471 Neque
814 1390 901 1453 enim
929 1388 997 1453 ullo
1026 1388 1124 1453 modo
1152 1409 1192 1454 ea
1218 1409 1281 1453 vox
1308 1393 1391 1472 apta

230 1502 281 1560 est
303 1497 341 1575 ei,
365 1497 422 1579 qui
444 1495 655 1560 admirationi
678 1496 815 1560 alterius
839 1494 977 1578 (tacitae)
1001 1497 1154 1576 occurrit,
1178 1496 1267 1578 quod
1284 1495 1389 1561 Weis-

230 1603 426 1669 senbornius
465 1603 561 1687 fingit
593 1604 701 1687 (quasi
736 1604 842 1668 dicas:
882 1625 929 1668 ne
963 1604 1137 1668 miratus
1171 1605 1243 1685 sis3
1283 1605 1389 1670 scito

230 1713 336 1776 enim
358 1712 586 1776 exercitum
607 1746 652 1756 -
673 1732 730 1776 me
754 1711 919 1794 orasse).
970 1711 1082 1776 Etiam
1104 1711 1162 1791 111,
1193 1714 1243 1791 ⁷1,
1273 1715 1302 1791 3,
1330 1711 1390 1777 ubi

230 1818 327 1902 plene
350 1819 480 1898 dicitur,
503 1819 537 1882 M
554 1823 616 1883 ml
642 1826 675 1882 et
696 1818 746 1883 Hl
771 1819 937 1884 scilicet
958 1841 1018 1903 pro
1041 1821 1074 1884 si
1096 1820 1198 1884 licet
1218 1818 1390 1903 habent.¹)

317 1926 397 2010 Cap.
424 1932 477 2006 18,
506 1932 526 1990 4
550 1925 621 2009 (ubi
644 1934 942 1992 commemorantur
965 1925 999 1991 C,
1023 1926 1195 2010 Sulpicius,
1225 1928 1269 1993 M.
1292 1926 1390 1992 Vale·

229 2035 299 2098 rius
323 2035 472 2100 consules
495 2035 573 2100 fidei
597 2056 663 2099 suae
688 2035 836 2116 duxisse,
869 2042 908 2100 ut
936 2035 1144 2118 accepissent
1166 2034 1231 2100 duo
1255 2035 1390 2119 patricii

230 2143 452 2223 consulatum,
490 2145 539 2208 ita
578 2143 738 2208 ambobus
771 2143 920 2226 patriciis
953 2142 1140 2224 mandare):
1183 2143 1286 2222 Quin
1316 2148 1391 2208 aut
1492 2220 1497 2226 Ι

229 2257 316 2317 toto
345 2252 565 2317 cedendum
593 2272 697 2330 esse,
733 2252 766 2316 si
794 2250 983 2334 plebeius
1010 2251 1087 2315 iam
1114 2251 1389 2331 magistratus

230 2360 474 2425 consulatus
514 2360 606 2438 fiat,
647 2364 716 2424 aut
754 2365 884 2424 totum
916 2358 1223 2443 possidendum,
1264 2378 1389 2442 quam

144 2469 536 2559 (149)possessionem
579 2468 782 2550 integram
820 2488 841 2531 a
880 2467 1068 2550 patribus
1113 2466 1391 2551 accepissent.

230 2575 350 2640 Miram
373 2597 449 2641 vero
474 2574 701 2640 condicionem
723 2581 795 2639 toto
819 2573 956 2639 cedendi
979 2575 1163 2654 consulatu,
1191 2575 1221 2639 si
1242 2572 1392 2658 plebeius

230 2682 305 2762 fiat,
338 2681 401 2747 hoc
435 2689 500 2762 est,
533 2683 560 2746 si
594 2689 665 2747 toto
700 2682 831 2765 patricii
865 2682 998 2763 cedant3
1037 2704 1114 2747 nam
1146 2682 1257 2747 aditus
1290 2683 1392 2748 etiam

230 2790 368 2873 plebeiis
397 2791 507 2856 factus
534 2790 599 2855 illis
629 2791 738 2854 verbis
768 2789 817 2871 (si
839 2789 1027 2873 plebeius
1049 2791 1127 2856 iam
1150 2789 1242 2872 fiat)
1266 2789 1390 2874 signifi·

231 2900 299 2962 cari
321 2900 445 2982 nequit.
479 2898 517 2963 In
540 2898 653 2963 codice
673 2898 850 2982 archetypo
871 2896 1007 2978 (MPHl,
1031 2899 1122 2981 cett.)
1138 2897 1218 2963 fuit:
1243 2897 1339 2963 cede
1352 2920 1390 2963 n-

231 3007 319 3070 dum
337 3006 518 3089 osset(Ll
538 3005 624 3089 cst),
649 3006 683 3071 si
705 3005 958 3089 plebeius-.
971 3005 1080 3071 Livius
1098 3007 1289 3091 scripserat:
1319 3011 1392 3071 aut

230 3121 317 3180 toto
342 3115 563 3180 cedendum
592 3135 696 3194 esse,
731 3119 770 3176 ut
799 3112 986 3198 plebeius
1014 3115 1092 3179 iam
1120 3115 1390 3199 magistratus

230 3224 470 3288 consulatus
493 3222 580 3302 fiat,
603 3228 674 3287 aut
697 3226 759 3287 cet.
798 3222 848 3287 Ex
871 3242 959 3286 esse
982 3228 1026 3286 ut
1046 3219 1172 3287 factum
1194 3227 1246 3287 est
1267 3227 1390 3302 esset,

230 3330 348 3397 deinde
372 3332 521 3397 additum
544 3331 623 3413 sil)

316 3440 393 3524 Cap.
420 3446 474 3519 19,
506 3445 539 3503 1:
574 3439 659 3503 Duo
693 3437 806 3503 bella
840 3459 884 3503 eo
912 3458 1014 3503 anno
1044 3459 1242 3522 prospere
1270 3457 1390 3521 gesta

230 3570 315 3614 cum
337 3548 659 3630 Tiburtibusque
688 3546 738 3610 ad
767 3545 1020 3611 deditionem
1041 3553 1272 3629 pugnatum.
1324 3546 1389 3625 Qui

230 3658 278 3722 sic
300 3664 425 3736 namet,
454 3655 650 3733 necessario,
675 3674 874 3737 quamquam
895 3653 1006 3736 inepte
1029 3653 1202 3737 significat,
1225 3652 1390 3736 significat

258 3931 281 3995 ¹)
300 3928 365 3998 Cap.
387 3932 427 3995 14,
453 3933 466 3981 1
486 3929 569 3996 attigi
587 3945 613 3996 p.
632 3929 667 3981 30
685 3924 896 3995 significarique
912 3924 1118 3979 restituendum
1137 3943 1198 3981 esse
1216 3926 1387 3981 censebat.

257 4016 281 4080 ²)
299 4014 454 4068 Adnotntio
473 4013 636 4081 marginalis
654 4010 702 4080 §4
719 4013 746 4064 in
767 4011 828 4065 cod.
847 4012 878 4064 M
893 4011 984 4065 textui
1001 4010 1108 4065 inserta
1125 4010 1286 4065 huiusmodi
1304 4011 1387 4065 initio

298 4099 363 4153 fuit:
400 4099 597 4153 seditiones
625 4096 834 4164 comitiales,
867 4096 981 4165 plebs,
1013 4101 1050 4149 ut
1072 4096 1279 4151 institutum
1302 4099 1388 4163 arat,

299 4186 455 4240 consules
474 4189 642 4253 poscente
660 4182 780 4237 creari.
1234 4185 1236 4189 ·
