3060 5272
240 348 303 400 Lib.
322 345 458 399 xxxva.
782 334 842 394 532

239 518 301 581 hac
330 519 492 600 scriptura
520 517 623 581 latere
647 517 775 589 dicunt,
804 517 900 595 nihil,
930 518 1058 599 opinor,
1086 517 1186 597 latet,
1217 520 1286 585 nisi
1309 522 1407 603 quod

239 647 303 689 una
324 626 436 689 littera
460 632 587 689 unitata
609 632 735 689 rectum
755 632 886 706 tempus
906 625 1147 690 restituendum
1167 632 1237 690 est:
1262 627 1406 693 edide-

239 734 334 810 rint,
358 732 387 796 h.
412 755 449 808 c.,
473 755 557 815 quus
581 740 748 814 tamquam
771 753 905 797 suarum
930 733 1074 814 partium
1098 734 1359 801 nominaverint.

323 840 400 923 Cap.
423 846 480 913 41,
512 846 546 917 4,
577 840 632 903 ubi
656 847 721 904 est:
757 841 866 922 regii
903 847 986 904 tam
1015 840 1106 905 lata
1135 841 1228 905 acie
1263 862 1315 907 ne
1353 866 1407 909 ex

237 949 371 1014 medio
408 948 579 1032 quidem
613 967 771 1010 cornua
806 968 875 1011 sua
910 949 1245 1033 circumspicere
1275 958 1405 1033 pot-e-

154 1064 353 1137 (4ao)1·ant,
394 1056 541 1120 nedum
582 1056 757 1118 extremi
791 1056 905 1118 iuter
938 1076 980 1118 se
1013 1056 1405 1139 conspicerentur,

240 1165 424 1229 necessario
456 1162 664 1227 scribendum
695 1170 774 1243 puto
805 1163 1068 1244 conspicere3
1109 1183 1187 1227 nam
1216 1164 1404 1229 circum-

238 1274 418 1355 spicere,
452 1268 514 1334 hoc
548 1276 613 1348 ost,
644 1269 747 1334 oculis
770 1290 932 1351 quarere,
956 1268 1052 1333 facile
1081 1278 1253 1354 poterant,
1287 1292 1404 1357 neque

238 1380 563 1463 circumspectionem
598 1376 702 1459 caligo
737 1376 839 1453 tollit,
873 1376 931 1441 sed
967 1385 1194 1458 conspectum3
1236 1384 1272 1441 et
1307 1379 1404 1445 idem

240 1487 373 1551 verbum
407 1494 547 1566 utroque
575 1484 648 1547 loco
677 1505 748 1548 csse
779 1483 891 1562 debet,
925 1492 977 1553 ut.
1012 1483 1100 1564 quod
1132 1506 1173 1548 ne
1209 1505 1251 1565 ex
1286 1486 1404 1552 media

239 1594 370 1675 quidem
394 1595 463 1657 acie
486 1592 556 1655 fieri
581 1592 738 1672 potuerit,
772 1590 806 1654 id
835 1589 938 1655 nuilto
968 1593 1076 1655 miuus
1099 1614 1116 1655 c
1140 1591 1296 1657 cornibus
1324 1592 1403 1660 fieri

240 1702 383 1783 potuisse
412 1700 624 1781 significetur.
680 1699 727 1762 De
763 1698 890 1762 ‹luabus
925 1700 1020 1763 simul
1050 1700 1201 1783 partibus
1229 1702 1401 1785 conspici-

239 1808 331 1872 endis
360 1830 422 1873 uon
454 1808 586 1891 ponitur
604 1807 939 1892 circumspicere.
964 1805 1177 1889 [Coniectura
1204 1808 1238 1871 iu
1262 1806 1401 1875 duabus

239 1916 498 1981 Drakenborchii
521 1914 689 1979 codicibus
711 1922 877 1997 praecepta
900 1913 973 1995 est]

324 2022 402 2107 Cap.
427 2030 486 2102 42,
520 2030 538 2085 2
569 2021 614 2103 (in
644 2023 832 2086 narratione
862 2020 978 2103 proelii
1007 2021 1049 2084 art
1079 2021 1312 2104 Magnesiam:
1338 2024 1400 2090 Ad

238 2154 337 2216 quos
372 2133 514 2214 t'equitcs
549 2130 794 2214 cataphractos)
829 2150 960 2210 quum,
1001 2128 1221 2210 dissipatis
1254 2130 1399 2197 subsi-

238 2241 331 2319 diis,
368 2241 627 2322 pervenisset
656 2238 868 2319 equitatus
892 2237 1113 2313 Romanus,
1148 2257 1196 2299 ue
1218 2238 1399 2320 primum

238 2349 394 2431 quidem
435 2350 629 2430 impetum
669 2367 760 2427 pars
800 2365 937 2407 eorum
973 2344 1273 2423 sustinuerunt3
1313 2346 1398 2413 alii

237 2455 315 2519 susi
339 2463 449 2533 sunt,
486 2455 560 2518 alii
590 2459 759 2535 propter
787 2453 1038 2533 gravitatem
1060 2456 1396 2532 tegumentorum

237 2582 516 2642 armorumque
541 2562 731 2643 oppressi
755 2557 884 2639 [south
938 2560 971 2623 Si
996 2558 1065 2621 haec
1088 2579 1167 2622 vera
1189 2565 1282 2639 sunt,
1311 2580 1396 2643 pars

237 2670 385 2751 equitum
421 2668 713 2751 cataphractorum
749 2668 906 2749 impetum
935 2667 1161 2729 sustinuerunt
1189 2687 1295 2749 neque
1324 2666 1396 2734 susi

237 2782 293 2841 aut
317 2777 462 2857 oppressi
488 2782 577 2853 sunt;
613 2775 669 2839 sed
700 2776 778 2858 quid
808 2797 847 2839 ea
869 2795 947 2855 pars
972 2773 1089 2837 deinde
1113 2780 1172 2837 aut
1193 2773 1310 2838 fecerit
1332 2783 1396 2842 aut

238 2904 335 2966 passa
358 2884 415 2961 sit,
448 2906 513 2948 non
537 2882 667 2948 dicitur.
725 2884 885 2965 Apparet,
920 2902 1108 2963 perversum
1137 2902 1209 2944 esse
1238 2879 1322 2945 illud
1352 2881 1394 2947 de

236 2999 330 3074 parte
364 2990 491 3074 (aliqua
522 2992 661 3071 incerta)
701 2993 858 3074 impetum
896 3012 960 3053 non
1002 2990 1185 3053 sustinente
1225 3008 1394 3070 pravoque

236 3099 309 3164 loco
344 3099 535 3164 divisionem
568 3099 648 3163 ficri.
706 3098 891 3179 Scripserat
918 3096 1041 3161 Livius:
1070 3132 1112 3139 —
1141 3118 1187 3161 ne
1220 3095 1394 3178 primum

237 3207 395 3291 quidem
430 3209 627 3290 impetum
663 3208 969 3283 sustinuerunt3
1005 3226 1098 3287 pura
1136 3224 1274 3268 eorum
1307 3203 1394 3270 fusi

237 3322 341 3393 sunt,
371 3315 443 3380 alii
467 3321 637 3399 propter
659 3314 907 3396 gravitatem
931 3320 992 3376 cet.
1046 3310 1154 3387 Quum
1176 3311 1298 3395 aliquis
1320 3311 1393 3377 vul-

236 3443 348 3505 garem
371 3422 590 3487 distribuendi
614 3421 753 3486 formam
776 3421 1008 3503 significasset,
1038 3419 1205 3503 adscripto
1229 3418 1272 3484 ad
1294 3437 1393 3502 pars

237 3550 375 3594 eorum
397 3528 558 3594 vocabulo
581 3528 665 3607 alii,
690 3528 788 3609 idque
811 3529 846 3593 in
869 3534 1056 3592 contextam
1079 3528 1264 3591 orationem
1285 3526 1393 3591 veum-

236 3644 304 3715 sct,
339 3658 435 3720 pars
459 3657 596 3701 eorum
620 3635 662 3701 ad
685 3637 798 3717 priora
820 3641 963 3699 tractum
993 3634 1298 3717 transpositumque
1328 3640 1392 3699 est.

236 3743 402 3827 [Offensus
424 3751 497 3809 erat
519 3740 714 3824 Creverius]

323 3851 401 3936 Cap.
431 3856 488 3933 43,
519 3858 552 3916 9:
589 3850 776 3917 Ceterum
811 3850 1068 3933 fugientibus
1105 3850 1232 3914 maior
1259 3849 1393 3932 pestis

236 3961 494 4025 intermixtis
535 3958 753 4041 quadrigis
792 3957 1112 4041 elephantisque
1152 3964 1191 4022 et
1224 3955 1394 4023 camelis

236 4075 325 4133 erat
353 4077 392 4134 et
424 4090 495 4133 sua
524 4069 707 4150 ipsorum
736 4066 874 4145 turba,
909 4087 1028 4149 quum
1056 4065 1207 4130 solutis
1235 4064 1392 4130 ordini-

236 4176 307 4240 bus
346 4175 456 4241 velut
485 4176 583 4240 ctcci
612 4196 732 4258 super
763 4173 873 4239 alios
903 4173 980 4237 alii
1021 4180 1189 4237 ruentes
1218 4174 1394 4239 incursu

236 4282 446 4347 beluarum
479 4282 779 4348 obtererentur.
821 4280 1017 4346 Necessario
1046 4279 1228 4345 tollendum
1251 4285 1393 4349 etanta
