3060 5272
225 384 287 437 Lib.
307 382 420 437 XXXII.
771 369 832 430 476

225 576 326 631 csse,
360 555 508 617 universe
543 554 727 616 animorum
756 552 912 615 alienatio
942 550 1196 634 conciliatioque
1224 549 1382 614 obversa·

224 661 322 726 batur
355 660 530 725 scribentis
565 660 767 739 cogitationi.
822 659 870 722 De
904 659 1126 741 superiorum,
1161 678 1244 741 quos
1277 658 1382 721 inter·

223 769 411 853 polatorum
434 767 578 831 ludibria
601 765 814 849 deceperunt,
838 765 1012 830 conatibus
1034 763 1116 828 nihil
1140 765 1256 828 dicam.
1290 762 1381 827 Belu-

221 874 321 939 kerus
362 883 395 938 et
427 873 729 950 Weissenbornius,
768 872 1023 955 interpolatione
1062 871 1210 949 sublata,
1249 869 1379 935 lacunae

221 990 334 1047 notam
363 989 563 1065 posuerunt,
598 980 652 1044 ille
681 982 768 1044 inter
795 982 949 1044 animos
979 986 1013 1043 et
1041 1000 1174 1062 quum,
1207 977 1262 1041 hic
1289 976 1380 1041 inter

222 1091 391 1153 amicum
415 1095 447 1152 et
469 1089 651 1165 maxime,
680 1087 747 1165 sed,
774 1108 840 1150 una
863 1086 977 1150 addita
1000 1086 1242 1170 praepositione,
1266 1084 1378 1148 omnia

221 1197 393 1279 aptissima
415 1203 491 1259 sunt
513 1216 573 1259 nec
597 1195 775 1277 quidquam
799 1193 980 1257 desiderari
1003 1200 1061 1257 aut
1083 1192 1251 1257 commode
1273 1192 1379 1254 inter·

220 1304 297 1385 poni
316 1310 434 1385 potest.
466 1301 618 1384 [Prorsus
638 1302 863 1383 exprimuntur
876 1300 1012 1365 Diodori
1025 1300 1087 1365 Sic.
1100 1298 1201 1364 rerba
1212 1296 1377 1379 (XXVIII,

220 1408 253 1489 9)
277 1432 297 1472 a
318 1408 453 1492 Polybio
476 1407 631 1490 sumpta]

307 1514 385 1597 Cap.
410 1521 439 1593 7,
464 1519 497 1578 3:
528 1515 560 1578 li
584 1514 763 1594 (censores)
789 1550 825 1558 -
851 1523 888 1579 et
912 1522 1094 1579 senatum
1116 1513 1377 1595 -legarunt

222 1628 262 1684 et
297 1623 483 1702 portoria
513 1622 758 1685 venalicium
788 1620 929 1704 Capuae
958 1621 1242 1702 Puteolisque‚
1276 1619 1375 1683 item

221 1725 407 1791 Castrum
442 1730 681 1810 portorium,
721 1750 797 1811 quo
837 1731 875 1792 in
908 1728 998 1793 loco
1037 1749 1141 1793 nunc
1177 1725 1373 1809 oppidum

220 1840 295 1911 est,
330 1834 543 1898 fruendum
573 1836 776 1907 locarunt,
812 1836 1060 1917 colonosque
1089 1856 1134 1900 eo
1157 1838 1374 1898 trecentos

222 1975 261 1984 -
278 1941 599 2025 adscripserunt.
638 1943 737 2006 Plura
760 1944 793 2006 in
810 1943 872 2007 hoc
889 1943 962 2008 loco
980 1942 1219 2006 dubitationem
1236 1938 1371 2003 habent.

218 2046 332 2130 Neque
367 2047 435 2112 brec
469 2051 670 2113 coniunctio:
704 2052 891 2132 portoria
916 2084 973 2126 —,
1008 2051 1105 2114 item
1138 2047 1371 2132 portorium

216 2155 393 2219 admodum
416 2157 526 2239 placet
549 2166 583 2220 et
606 2156 709 2221 multo
733 2157 840 2220 minus
864 2157 1092 2240 portorium
1116 2152 1370 2229 venalicium,

217 2264 365 2343 gerretiro
395 2283 488 2341 casu,
522 2286 598 2326 narn
632 2285 737 2345 neque
772 2263 999 2328 venalicias
1027 2283 1085 2346 pro
1115 2260 1249 2325 venali
1277 2264 1369 2323 recte

217 2368 338 2432 dicitur
367 2392 472 2451 neque
500 2372 624 2434 usitate
652 2371 897 2435 venalicium
927 2393 987 2454 pro
1018 2368 1310 2434 verialiciorum
1334 2371 1370 2430 et

218 2495 480 2556 supervacaneus
509 2478 606 2559 lilane
631 2478 758 2540 ridetur
781 2480 964 2559 genetivum
998 2499 1103 2560 neque
1137 2482 1273 2540 castra
1308 2472 1369 2537 illa

216 2580 261 2644 sic
286 2581 371 2644 nude
395 2584 505 2665 posita
528 2584 722 2648 Hannibalis
745 2586 777 2648 in
802 2586 958 2663 Bruttiis,
992 2585 1080 2667 quod
1110 2583 1187 2647 olim
1214 2583 1285 2666 ipse
1307 2601 1366 2661 pu·

214 2687 295 2763 tavi,
329 2687 475 2769 intellegi
504 2688 570 2751 ulle
600 2691 697 2755 modo
728 2701 866 2774 possunt
888 2714 994 2773 neque
1017 2699 1195 2756 castrum
1218 2710 1277 2771 pro
1301 2706 1366 2751 ca·

214 2799 391 2856 atrorum
415 2794 582 2859 Liuianum
608 2804 666 2862 est.
712 2797 905 2875 Castrum,
929 2801 1053 2863 utiam
1076 2794 1366 2862 Drakenborchius

213 2899 390 2977 intelle-sit,
425 2901 516 2966 locus
545 2912 595 2967 est
624 2904 743 2988 Capuae
766 2906 978 2990 Puteolisque
1007 2907 1222 2990 propinquus.
1271 2900 1365 2976 Quid

214 3005 352 3088 denique
381 3006 518 3092 Capuae,
552 3012 623 3075 loco
653 3014 908 3086 mediterraneo,
943 3035 1016 3078 curn
1046 3012 1213 3096 portorio?
1247 3010 1366 3092 ligitur

213 3113 253 3177 de
277 3116 490 3193 venalicio,
515 3140 621 3181 rerum
647 3122 808 3184 renalium
832 3122 991 3204 vectigali,
1015 3142 1098 3185 novo
1122 3140 1220 3184 onere
1244 3116 1364 3199 Capuae

212 3227 246 3285 et
269 3221 413 3288 Puteolis
437 3225 599 3307 imposito.
651 3228 735 3292 lluic
758 3230 944 3292 adiunctum
968 3236 1019 3293 est
1041 3227 1224 3311 portorium
1245 3243 1364 3301 rerum,

212 3347 282 3409 qum
306 3331 388 3392 mari
412 3331 452 3393 ad
477 3332 660 3415 Canqnmos
684 3336 964 3417 importabantur,
998 3337 1067 3399 sine
1098 3334 1197 3399 dubio
1228 3354 1265 3397 eo
1289 3332 1363 3396 loco

211 3434 420 3516 exigendum,
460 3440 517 3521 qni
558 3448 674 3523 postea
709 3442 950 3506 Vulturnum
989 3443 1176 3527 appellatus
1216 3446 1279 3513 est,
1318 3438 1362 3503 ad

210 3543 328 3604 ostium
359 3543 502 3609 tlirrainis
532 3548 677 3611 eiusdem
708 3552 864 3629 nomime,
900 3550 945 3614 ibi
980 3550 1151 3614 castellum
1182 3547 1361 3615 communi-

210 3654 278 3711 turn
311 3649 417 3714 Livius
447 3652 577 3734 scripsit
606 3655 708 3733 XXV,
744 3661 794 3720 20.
851 3658 950 3722 Initio
985 3659 1098 3740 igitur,
1133 3658 1220 3740 quod
1248 3662 1364 3738 postea

211 3753 405 3819 l'ulturnum
428 3757 504 3836 fuit,
539 3760 723 3827 Castrum
747 3765 949 3846 alipellatum
973 3765 1115 3836 videtur,
1149 3764 1361 3849 quemadmo-

209 3860 285 3923 dum
309 3864 340 3925 in
365 3863 437 3927 aliis
460 3868 654 3947 quibusdam
680 3872 874 3953 oppidorum
898 3875 1082 3939 nominibus
1107 3872 1257 3937 Castrum
1281 3870 1360 3935 dici-

209 3974 272 4037 tur.
305 3969 393 4033 uelut
415 3970 598 4038 Castrum
623 3976 782 4056 Novum,
812 3979 997 4046 Castrum
1021 3982 1119 4047 lnui.
1172 3982 1237 4044 Aut
1258 3981 1360 4060 igitur

208 4071 393 4141 Castrum
429 4083 653 4160 portorium
688 4107 773 4150 nova
807 4108 885 4153 sane
914 4090 1064 4154 adiectivi
1095 4092 1201 4153 torma
1229 4089 1358 4160 dicitnr,

206 4183 298 4261 quasi
329 4182 521 4249 Germanice
559 4189 649 4252 dieas
684 4193 748 4257 die
777 4194 1059 4269 Zollschanze,
1094 4208 1128 4263 et
1160 4199 1232 4280 ipse
1266 4200 1358 4263 locus
