3060 5272
725 813 743 874 3

152 996 250 1060 tamis
274 997 481 1074 instructam,
504 997 646 1079 urgueri,
669 994 801 1062 tertiam
818 1004 927 1063 autem
945 999 986 1064 ab
1004 1000 1139 1068 Hertzio
1157 1010 1308 1088 coeptam
1395 1070 1398 1076 ,

154 1125 244 1183 esse,
276 1105 405 1169 litteras
433 1110 566 1169 nostras
594 1104 658 1169 iam
687 1106 783 1171 nimis
810 1105 968 1172 librorum
995 1129 1131 1174 numero
1154 1116 1307 1176 oneratas

154 1233 240 1278 nova
262 1212 404 1277 editione
428 1212 557 1278 onerari
578 1212 736 1278 volebam.
786 1213 956 1280 Postremo
978 1216 1027 1280 ita
1048 1216 1245 1297 iudicabam,
1274 1219 1301 1285 si
1320 1224 1357 1293 (3)

155 1323 237 1386 meis
261 1320 546 1387 emendationibus
570 1321 770 1404 explicandis
792 1327 930 1403 rectam,
958 1323 1037 1407 quid
1066 1325 1101 1390 in
1121 1323 1205 1390 Livii
1234 1347 1306 1391 ora·

155 1431 244 1494 tione
275 1429 507 1494 constituenda
535 1428 706 1512 probabile
729 1434 830 1508 esset,
863 1430 1134 1496 existimationem
1158 1433 1306 1499 stabilire

155 1539 346 1622 potuissem,
374 1537 549 1602 vindicatis
571 1538 605 1602 in
628 1537 742 1620 paucis
764 1536 857 1617 locis,
881 1558 964 1621 quos
985 1539 1058 1622 ipsa
1078 1542 1306 1624 propinquitas

155 1652 215 1711 aut
237 1644 416 1711 similitudo
441 1645 626 1725 obtulisset,
650 1645 789 1711 aliorum
810 1645 1004 1711 necessariis
1024 1653 1057 1711 st
1074 1649 1160 1713 veris
1177 1669 1305 1714 correc-

154 1754 311 1832 tionibus,
334 1754 479 1820 futurum
501 1753 551 1817 vel
574 1754 631 1834 sic,
655 1759 693 1817 ut
714 1752 838 1836 aliquid
861 1753 903 1818 ad
925 1755 1028 1819 totius
1049 1755 1096 1819 rei
1114 1762 1147 1820 et
1164 1756 1206 1820 ad
1224 1757 1305 1823 alio·

155 1884 228 1927 rum
256 1862 405 1928 locorum
431 1861 587 1925 iudicium
616 1860 838 1944 proficeretur.
848 1861 874 1944 ¹)
928 1860 1012 1927 Nam
1041 1883 1128 1946 sape
1157 1863 1306 1931 adhunc

155 1978 302 2035 veterum
330 1969 593 2034 emendationum
622 1977 679 2035 aut
706 1971 804 2035 etiam
833 1969 995 2034 bonarum
1024 1970 1174 2036 codicum
1203 1973 1305 2058 scrip-

156 2088 313 2157 turarum,
343 2099 414 2161 quae
437 2098 541 2161 nuper
563 2084 680 2162 spretae
704 2079 779 2158 sint,
802 2077 1115 2144 commendationem
1138 2085 1172 2143 et
1194 2079 1306 2145 deien-

157 2189 281 2251 sionem
305 2185 429 2268 digredi
453 2208 519 2250 non
541 2185 658 2269 placet,
682 2207 721 2252 ea
742 2185 888 2270 proferre
911 2187 1053 2265 conanti,
1077 2207 1149 2270 quae
1172 2188 1304 2254 aliunde

156 2297 240 2359 sumi
262 2318 327 2359 non
351 2294 495 2378 possint,
524 2293 809 2378 reprehensionem
832 2300 867 2360 et
888 2295 1142 2377 exagitationem
1165 2295 1304 2361 aliorum

156 2405 286 2482 vitanti,
322 2404 385 2467 nisi
422 2423 495 2486 quae
533 2403 602 2467 sine
637 2402 756 2466 damno
792 2402 899 2466 omitti
927 2422 992 2466 non
1020 2423 1117 2485 posse
1144 2404 1302 2469 videatur.

155 2511 304 2595 Persaepe
333 2517 443 2575 autem
472 2516 506 2574 ct
533 2517 631 2575 antea
653 2509 732 2574 mihi
755 2508 933 2589 acciderat,
964 2517 1015 2589 ut,
1043 2530 1116 2593 qua
1137 2509 1303 2594 mihiipsi

159 2624 216 2684 aut
238 2619 347 2683 statim
369 2619 475 2702 ipsius
497 2618 562 2684 loci
585 2618 691 2683 forma
714 2617 907 2683 subiecisset
925 2624 981 2682 aut
998 2618 1148 2682 codicum
1166 2618 1304 2701 vestigia

159 2726 343 2809 diligentius
366 2725 590 2805 considerata,
621 2747 660 2790 ea
679 2727 745 2791 iam
768 2733 845 2791 ante
868 2726 909 2790 ab
932 2724 1004 2790 aliis
1027 2727 1211 2808 excogitata
1230 2748 1303 2792 esse

159 2834 396 2917 intellegerem,
425 2840 458 2898 et
480 2856 585 2918 nuper
607 2857 673 2900 non
696 2835 744 2899 ita
764 2855 879 2918 pauca,
909 2854 981 2917 quae
1004 2840 1080 2898 ante
1102 2832 1223 2898 multos
1246 2838 1304 2898 aut

158 2942 273 3007 saltem
296 2942 421 3024 aliquot
443 2963 546 3007 annos
569 2942 810 3021 adnotaveram,
837 2942 889 3006 his
911 2941 1068 3026 proximis
1090 2941 1182 3006 annis
1204 2961 1304 3022 quum

158 3050 198 3115 ab
227 3050 300 3115 aliis
329 3056 399 3114 tum
422 3072 442 3115 a
464 3050 651 3134 Kreyssigio
680 3049 771 3134 (post
799 3056 945 3115 curatam
967 3049 1049 3114 Livii
1072 3048 1248 3115 editionem
1270 3049 1304 3112 in

157 3158 427 3223 adnotationibus
461 3158 502 3224 ad
538 3158 642 3224 libros
671 3157 899 3238 XLI—XLV)
928 3163 962 3222 et
991 3179 1012 3222 a
1039 3157 1303 3222 Weissenbornio

157 3273 316 3349 occupata
346 3267 427 3345 vidi,
461 3267 550 3350 quod
587 3266 625 3329 de
654 3265 917 3330 Weissenbornio
951 3287 991 3331 eo
1028 3265 1103 3330 dico
1138 3265 1304 3344 libentius,

157 3375 244 3456 quod
267 3375 300 3438 in
323 3374 396 3440 aliis
419 3373 638 3438 dissentiendi
660 3373 701 3439 ab
725 3395 763 3439 eo
787 3396 852 3439 uon
875 3395 950 3440 raro
971 3395 1071 3439 causa
1090 3373 1161 3437 erit.
1195 3372 1304 3438 Habet

157 3490 266 3546 autem
296 3481 349 3545 hic
379 3482 522 3565 plurium
552 3483 585 3545 in
617 3482 730 3547 eadem
761 3483 985 3547 emendatione
1013 3480 1206 3564 reperienda
1229 3501 1303 3545 con-

159 3611 274 3654 sensus
309 3590 463 3655 fortuitus
493 3590 580 3672 (quae
609 3590 740 3674 quidem
768 3590 910 3674 aliquam
933 3589 1055 3655 habeat
1078 3589 1247 3654 sententiae
1271 3593 1304 3651 et

158 3698 317 3761 orationis
348 3700 561 3763 mutationem
591 3697 768 3763 notabilem
797 3704 854 3763 aut
877 3720 894 3762 e
918 3698 1066 3762 codicum
1088 3697 1232 3778 vestigiis
1254 3696 1303 3758 in-

159 3813 290 3888 sperata
329 3805 487 3888 emergat)
526 3805 659 3890 aliquod
698 3826 757 3889 per
790 3827 823 3870 se
858 3803 1103 3887 probabilitatis
1136 3803 1301 3866 indicium.

156 3912 272 3994 Itaque
303 3911 440 3977 subinde
469 3912 531 3977 hoc
553 3913 802 3979 commemoravi
824 3913 858 3976 in
880 3912 921 3975 iis
943 3911 1081 3975 maxime
1104 3908 1302 3974 emendatio-

156 4020 266 4099 nibus,
304 4043 386 4104 quas
415 4022 479 4086 iam
508 4026 585 4086 ante
612 4019 733 4085 multos
763 4040 867 4084 annos
897 4017 993 4082 amici
1015 4016 1078 4081 mei
1101 4016 1245 4081 iuniores
1268 4015 1304 4079 in

189 4270 205 4332 ¹)
225 4266 343 4336 [Mutari
362 4275 456 4320 tamen
474 4272 574 4336 postea
592 4266 754 4333 consilium,
773 4283 913 4335 quumque
931 4265 1038 4336 collega
1055 4261 1239 4318 amicissimus
1252 4259 1301 4316 Us-

224 4353 330 4421 singius
349 4352 514 4404 benevolum
533 4352 563 4405 in
585 4369 615 4406 re
633 4350 811 4420 exsequenda
828 4352 960 4405 auxilium
979 4349 1134 4414 obtulisset,
1154 4346 1301 4401 coniuncta

223 4456 286 4492 cum
310 4455 342 4491 eo
367 4454 453 4505 opera
470 4437 545 4491 Livii
567 4436 653 4490 libros
676 4454 709 4492 ex
726 4453 789 4491 msa
806 4437 966 4492 recensione
984 4434 1059 4489 edidi
1077 4438 1209 4503 quattuor
1226 4433 1302 4486 volu·

223 4524 343 4576 minibus
367 4523 444 4590 (octo
465 4520 601 4592 partibus)
620 4538 643 4575 a
665 4524 841 4590 1861-1866,
865 4522 944 4577 cuius
962 4519 1080 4589 exempli
1097 4518 1152 4572 sol.
1170 4517 1183 4571 1
1200 4518 1265 4573 fase.
1287 4521 1298 4570 l

224 4609 294 4675 (libr.
315 4608 395 4674 l-V)
415 4613 443 4660 et
461 4606 500 4673 ΙΙ,
529 4611 539 4659 Ι
565 4605 759 4676 (xxi-xxv)
783 4623 872 4677 nuper
894 4607 994 4658 iterum
1017 4603 1084 4658 editi
1108 4610 1186 4671 sunt,
1209 4603 1264 4656 νοΙ.
1288 4602 1301 4655 Ι

223 4693 370 4750 fasciculus
388 4695 405 4746 2
423 4711 496 4749 nunc
515 4693 606 4764 ipsum
623 4693 723 4748 iterum
742 4686 929 4758 describitur]

1041 4793 1070 4846 1*
