3060 5272
238 321 300 376 Lib.
319 321 419 376 XXVI.
785 313 846 378 376

239 513 346 576 neque
375 514 465 557 num
494 496 573 576 poni
603 502 728 577 potest,
763 497 919 578 quoniam
942 496 1089 561 homines
1112 496 1323 580 suspicantur
1345 497 1400 562 ita

239 621 327 680 esse,
357 622 464 684 neque
493 623 639 682 annon,
668 603 758 686 quod
787 605 923 687 antiquo
952 602 1109 686 loquendi
1138 625 1200 668 usu
1227 625 1397 687 nunquam

240 707 531 790 (quemadmodum
566 708 627 791 an)
662 713 696 775 in
729 710 990 794 interrogatione
1019 711 1245 795 superioribus
1274 711 1399 777 adnec-

238 815 339 881 tenda
363 817 513 900 ponitur3
538 819 600 882 etsi
618 839 659 882 ne
684 839 731 883 an
754 817 887 901 quidem
909 818 940 883 h.
959 819 980 883 l.
999 824 1089 884 recte
1106 825 1295 903 poneretur.
1330 821 1396 884 Re·

238 925 414 1008 linquitur:
444 925 577 990 tacita
598 926 810 1006 cogitatio,
835 926 1024 1008 quidnam
1048 927 1248 1010 egissent;
1271 945 1401 990 nne

237 1030 355 1098 lavor
384 1032 476 1115 plus
499 1033 705 1098 valuisset
729 1054 846 1116 quam
871 1035 978 1098 ratio
1011 1034 1065 1114 (ex
1086 1033 1150 1100 hac
1172 1039 1268 1099 recta
1290 1034 1392 1101 iuter·

238 1139 377 1224 rogandi
398 1140 518 1205 forma:
543 1139 707 1216 Quidnam
731 1141 879 1224 egimus?
901 1140 1017 1206 Nonne
1038 1178 1082 1187 —
1103 1139 1253 1222 cainiti).

325 1247 403 1333 Cap.
427 1252 483 1328 22,
514 1252 532 1311 7
557 1248 605 1329 (in
628 1248 664 1313 T.
688 1248 803 1313 Manlii
831 1250 1038 1315 consulatum
1059 1251 1245 1315 recusantis
1268 1248 1312 1314 ad
1335 1247 1396 1314 Cn.

238 1355 404 1435 Fulvium,
433 1357 491 1440 qui
514 1358 647 1421 comitia
670 1355 825 1435 habebat,
857 1356 1037 1438 orationel:
1072 1356 1253 1441 proinde,
1282 1357 1316 1422 si
1337 1357 1395 1420 vi·

240 1463 423 1543 deretur,
453 1469 492 1528 et
519 1462 657 1527 redire
686 1465 724 1528 in
754 1462 1000 1547 suffragium
1023 1463 1233 1529 Veturiam
1256 1465 1397 1529 iunio·

239 1592 323 1635 rum
351 1571 517 1635 iuberet
538 1577 578 1635 et
599 1572 853 1635 meminisset
875 1573 916 1635 in
939 1571 1181 1637 consulibus
1205 1572 1401 1637 creandis

238 1677 355 1758 belli,
389 1677 497 1762 quod
524 1678 562 1742 in
592 1678 720 1742 Italia
748 1679 804 1743 sit
827 1683 888 1742 cet.
943 1677 1018 1743 Non
1041 1677 1098 1743 Cn.
1122 1678 1257 1744 Fulvius
1281 1680 1400 1744 menri·-

238 1787 325 1851 uisse
353 1785 387 1850 id
417 1784 574 1864 debebat,
608 1785 665 1850 sed
694 1787 749 1868 qui
780 1784 938 1869 suffragia
966 1786 1134 1866 ferebant3
1167 1788 1282 1869 itaque
1304 1793 1397 1877 recte

240 1895 383 1960 editores
417 1900 494 1957 ante
517 1892 637 1957 Aldum
659 1895 890 1959 meminisse
913 1904 1093 1978 posuerant
1116 1894 1267 1976 (redire
1289 1930 1332 1941 ⁴-
1355 1902 1402 1960 et

239 1999 506 2081 meminisse);
539 2000 696 2066 librarius
725 2001 787 2067 hoc
816 2001 950 2066 verbum
979 2002 1064 2067 male
1087 2002 1130 2066 ad
1152 2003 1317 2067 iuberet
1339 2023 1393 2067 ac·

239 2109 471 2176 commodavit.
505 2108 553 2174 Eo
576 2110 681 2192 magis
704 2116 852 2193 apparet,
875 2131 1027 2193 perverse
1050 2109 1120 2174 liaec
1142 2117 1312 2192 tamquam
1330 2110 1396 2176 duo

154 2228 224 2297 (308)
242 2218 330 2283 inter
357 2239 392 2282 se
421 2217 564 2301 aequalia
592 2216 749 2300 distingui
778 2224 817 2282 et
846 2218 1027 2300 geminato:
1062 2224 1102 2282 et
1129 2217 1264 2282 redire
1292 2225 1403 2283 -et

238 2327 485 2402 meminisse,
520 2346 720 2407 quamquam
755 2325 843 2389 idem
872 2331 945 2389 erat
972 2326 1088 2389 vitium
1115 2327 1149 2389 in
1176 2326 1241 2391 hac
1269 2325 1397 2391 diiunc-

239 2434 344 2497 tione:
379 2438 419 2496 et
446 2431 584 2496 redire
613 2432 776 2498 iuberet
798 2438 837 2497 et
859 2434 1125 2498 meminisset.
1180 2426 1398 2500 Scribendum

241 2547 305 2605 est:
333 2539 522 2622 proinde,
551 2541 584 2603 si
607 2539 820 2605 videretur
842 2539 895 2619 el,
925 2541 1063 2606 redire
1085 2542 1125 2606 in
1149 2541 1398 2624 suffragium

239 2646 467 2712 —iuberet
495 2653 534 2710 et
561 2649 793 2712 meminisse
822 2654 884 2712 cet.
934 2648 1095 2732 Legitime
1117 2649 1151 2714 in
1174 2649 1237 2714 hac
1260 2651 1402 2714 comiter

239 2754 380 2838 rogandi
414 2753 613 2836 iubendique
645 2751 753 2820 forma
781 2755 927 2819 dativum
956 2755 1049 2835 addi,
1084 2757 1261 2840 apparebit
1293 2757 1398 2840 inspi-

241 2863 341 2927 cienti
368 2861 410 2941 Il,
435 2865 485 2940 56,
511 2865 564 2940 12,
594 2861 708 2941 XXVI,
734 2867 781 2943 16,
805 2869 841 2942 4,
874 2863 991 2942 XXXI,
1014 2870 1043 2943 4,
1068 2868 1101 2943 2,
1130 2863 1276 2943 XXXIV,
1300 2868 1352 2941 46,
1377 2867 1400 2928 5

240 2971 428 3053 multosque
457 2968 541 3033 alios
564 2969 648 3034 Livii
675 2976 709 3035 θῖ
732 2968 898 3037 Ciceronis
926 2972 1034 3051 locos,
1069 2972 1126 3056 qui
1154 2972 1187 3035 in
1216 2972 1330 3036 lexicis
1354 2970 1396 3052 (v.

115 3113 119 3117 ·
241 3077 387 3159 videri)
417 3083 451 3141 et
479 3076 559 3142 alibi
588 3077 692 3159 (velut
719 3080 809 3163 apud
832 3078 1014 3145 Beckerum
1036 3081 1170 3162 Antiqq.
1195 3080 1287 3144 Rom.
1312 3078 1355 3158 11,
1378 3083 1402 3142 2

241 3210 273 3271 p.
298 3184 374 3267 444)
409 3184 540 3250 collecti
573 3193 659 3252 sunt.
717 3187 842 3252 Eadem
875 3188 1075 3270 permutatio
1109 3186 1175 3268 (est
1209 3187 1296 3252 enim
1324 3207 1401 3271 per·

241 3292 375 3378 vagata)
415 3292 505 3358 facta
545 3301 599 3360 est
637 3295 780 3378 proximi
818 3295 894 3359 libri
937 3292 1087 3376 (XXVII)
1128 3316 1155 3359 c.
1191 3299 1225 3374 8,
1266 3299 1301 3375 8,
1340 3294 1401 3359 ubi

243 3402 414 3469 scribitur:
442 3407 646 3467 vetustum
675 3405 739 3469 ius
768 3401 995 3468 sacerdotii
1024 3401 1073 3483 (C.
1098 3402 1248 3467 Valerius
1277 3400 1399 3467 flamen

241 3509 359 3592 Dialis)
388 3509 622 3615 repetebat,
656 3509 794 3575 datum
827 3511 867 3575 id
895 3530 980 3575 cum
1008 3518 1104 3594 toga
1131 3515 1332 3594 praetexta
1359 3514 1403 3574 et

242 3617 349 3682 sella
379 3614 513 3681 curuli
541 3621 581 3680 θῖ
609 3616 797 3682 flaminio
821 3636 921 3682 esse.
972 3616 1100 3684 Vitiose
1123 3640 1198 3683 cum
1220 3616 1399 3684 sacerdotii

243 3724 446 3792 ornamentis
469 3724 569 3790 tertio
592 3723 664 3789 loco
688 3723 864 3808 copulatur
887 3725 995 3807 ipsum
1019 3726 1259 3806 sacerdotium,
1287 3727 1401 3808 agitur

244 3835 284 3900 de
306 3833 411 3917 ipsius
433 3830 611 3897 sacerdotii
632 3833 720 3912 iure;
744 3831 954 3898 scribendum
977 3840 1030 3898 est
1051 3834 1167 3916 igitur:
1198 3833 1336 3898 datum
1358 3833 1400 3898 id

244 3963 329 4006 cum
357 3948 381 4006 t.
404 3960 459 4023 pr.
484 3945 518 4004 et
546 3960 570 4004 s.
595 3939 727 4005 curuli
750 3940 785 4004 el
807 3940 995 4006 flaminio
1019 3963 1119 4007 esse.
1172 3942 1288 4022 (Plura
1311 3942 1400 4007 enim

244 4055 339 4115 erant
360 4045 531 4129 flaminia.)
580 4047 695 4133 Neque
716 4050 825 4114 minus
847 4049 1058 4133 perspicuum
1081 4055 1131 4114 est
1153 4049 1300 4114 eiusdem
1321 4048 1400 4113 libri

244 4178 271 4223 c.
298 4163 352 4236 11,
383 4160 420 4219 ll
445 4161 534 4220 recte
557 4154 750 4221 Rhenanum
773 4156 872 4222 scribi
894 4157 1053 4223 voluisse:
1089 4159 1152 4223 cui
1181 4156 1219 4221 di
1248 4161 1399 4222 sortem
