3060 5272
237 329 300 384 Lib.
319 329 418 384 XXVI.
785 319 847 380 370

238 500 354 580 XXIV,
385 506 413 580 3,
446 506 495 580 15,
524 500 640 580 XXVI,
669 505 720 581 24,
747 507 761 565 1
787 501 929 585 aliisque
951 502 1058 584 locis.)
1113 502 1398 586 [1v,43,400d.

238 607 363 674 archet.
386 609 504 674 hebuit
530 609 570 674 id
592 616 753 693 tempus
777 631 837 693 pro
861 609 909 673 ad
933 608 973 673 id
995 608 1034 691 t]
1079 610 1184 676 Paulo
1207 619 1285 679 ante
1307 613 1340 698 (§
1363 616 1399 696 6)

155 735 225 803 (303)
244 720 421 791 admodum
443 720 595 802 suspicor
618 718 746 782 Livium
767 716 953 800 scripsisse:
987 718 1047 781 ita
1069 718 1204 784 socios
1227 720 1276 786 ad
1297 724 1398 789 reti·

236 831 390 896 nendos
417 825 563 892 infide
586 827 740 890 animos
764 846 898 889 eorum
920 823 1087 889 ferendo
1111 824 1185 908 (pro
1208 824 1398 897 ferendo·

237 938 324 1023 que)
353 938 392 1001 in
421 940 601 1016 tempore
630 935 774 1014 cquue
804 930 1003 996 auxilium
1031 931 1154 1012 adiit,
1181 936 1396 1018 particulam·

236 1067 300 1131 que
342 1050 477 1128 propter
515 1040 705 1125 praecedens
744 1038 960 1123 gerundivum
999 1037 1085 1103 male
1123 1039 1273 1107 additam
1306 1065 1395 1127 esse3

235 1150 499 1237 perincommode
540 1150 626 1214 enirn
667 1147 840 1213 consilium
880 1152 913 1210 et
951 1147 1039 1212 ratio
1072 1147 1395 1237 instrumentumque

236 1260 364 1327 consilii
387 1257 586 1340 exsequendi
611 1256 818 1340 copulantur.
842 1252 963 1342 [Idem
985 1254 1144 1336 Rupertio
1166 1256 1271 1322 risum
1294 1240 1394 1344 erat]

322 1365 401 1449 Cap.
426 1370 476 1443 41,
502 1370 520 1428 7
544 1387 645 1448 quum
669 1362 838 1428 ederetur:
873 1360 1002 1425 Multa
1029 1360 1160 1426 millia
1188 1363 1394 1435 hominum

236 1495 337 1541 caesa
354 1480 556 1557 captaque
575 1478 614 1537 et
631 1478 718 1536 octo
737 1468 959 1553 elephanti,
973 1467 1259 1537 Weissenbornius
1279 1476 1393 1556 sensit,

234 1603 300 1647 non
324 1586 401 1665 apte
424 1601 464 1644 ex
487 1600 590 1644 caesa
613 1584 815 1662 captaque
839 1575 948 1641 audiri
971 1575 1077 1640 solum
1100 1579 1220 1661 capti.
1271 1580 1337 1647 Sed
1358 1585 1392 1650 in

234 1688 433 1754 Pscribitur
455 1707 557 1750 caesa
580 1691 748 1768 captaet
771 1686 841 1750 sine
864 1683 932 1748 ullo
956 1683 1094 1766 vestigio
1118 1687 1289 1767 particule
1306 1712 1390 1775 que.

234 1797 381 1879 Apparet
422 1794 580 1859 excidisse
618 1814 791 1857 numerum
831 1797 1004 1875 captorum
1036 1789 1204 1857 hominum
1238 1801 1272 1859 et
1304 1796 1392 1863 hanc

234 1903 335 1968 fuisse
359 1903 522 1968 orationis
545 1900 698 1965 formam:
730 1899 861 1964 Multa
888 1898 1022 1963 millia
1049 1898 1249 1965 hominum
1278 1924 1390 1986 caesa,

235 2018 356 2095 capta
379 2008 495 2091 (sexl)
519 2014 558 2073 et
581 2014 675 2074 octo
699 2007 921 2090 elephanti.
967 2004 1090 2087 (1862.)

669 2200 762 2281 Lib.
794 2196 949 2278 XXVI.

318 2334 397 2418 Cep.
422 2338 450 2414 2,
480 2337 498 2396 2
522 2333 593 2415 (ubi
616 2331 839 2416 improbatum
862 2335 1063 2394 narratura
1086 2337 1213 2408 senatu,
1237 2332 1327 2415 quod
1350 2334 1389 2399 L.

232 2442 376 2507 Marcius
414 2442 555 2506 militum
593 2441 760 2504 voluntate
789 2437 1014 2522 ¹propraetoris
1054 2437 1188 2502 titulum
1221 2440 1292 2522 ipse
1326 2441 1391 2507 sihi

231 2547 474 2631 imposuisset):
514 2569 596 2612 reru
635 2547 732 2611 mali
772 2544 945 2628 exempli
986 2564 1073 2609 esse
1115 2580 1157 2590 -
1190 2547 1388 2615 sollemne

233 2657 538 2738 auspicatorum
567 2655 821 2718 comitiorum
851 2653 889 2714 in
919 2658 1060 2715 castra
1087 2687 1130 2696 -
1152 2655 1385 2723 transferri.

232 2761 347 2845 Neque
376 2763 616 2845 auspicatus
646 2760 726 2825 alibi
755 2781 816 2843 pro
841 2757 1002 2822 adiectivo
1024 2760 1188 2843 reperitur
1209 2783 1331 2844 neque,
1362 2767 1390 2831 si

231 2870 447 2953 reperiretur,
481 2874 571 2932 recte
604 2868 739 2933 comitia
766 2867 940 2950 auspicata
969 2867 1172 2947 dicerentur,
1207 2871 1240 2934 in
1269 2873 1389 2953 quibus

231 2976 392 3043 habendis
426 2977 575 3060 auspicia
607 2976 682 3060 capi
715 2976 875 3051 solerent,
916 2995 1025 3057 neque
1059 2996 1099 3039 ea
1133 2977 1312 3060 appellatio
1345 2980 1389 3046 ad

231 3085 327 3151 huius
349 3086 413 3150 loci
436 3085 632 3150 sententiam
655 3083 837 3168 quidquam
859 3081 1034 3147 conferret.
1083 3082 1202 3165 Itaque
1224 3086 1290 3150 iam
1311 3094 1390 3153 ante

231 3193 354 3259 multos
388 3213 492 3258 annos
521 3191 653 3276 (Opusc.
681 3191 782 3256 head.
811 3189 844 3252 II
877 3212 907 3273 p.
933 3188 1009 3269 361)
1043 3189 1252 3256 scribendum
1284 3194 1389 3261 videri

231 3302 314 3366 dixi:
357 3302 553 3366 sollemne
595 3296 936 3385 auspicandorum
970 3297 1245 3380 comitiorum,
1283 3302 1314 3366 h.
1349 3325 1387 3384 e.,

231 3411 335 3493 captis
347 3409 503 3493 auspiciis
514 3407 750 3484 habendorum,
768 3403 1045 3488 quemadmodum
1063 3404 1262 3473 sollemne
1280 3409 1390 3476 clavi

231 3516 388 3600 figendi
412 3516 494 3598 (VII,
519 3520 547 3595 3,
566 3516 599 3597 8)
624 3515 744 3580 dicitur
766 3519 800 3578 et
822 3511 951 3577 similia.
991 3509 1103 3577 Simile
1121 3514 1275 3580 mendum
1291 3523 1389 3584 nota·

230 3632 302 3690 tum
330 3630 380 3690 est
408 3626 442 3689 in
468 3624 553 3689 libro
577 3623 687 3702 XXII,
717 3625 773 3700 38,
805 3624 833 3684 3.
889 3616 982 3682 Infra
1003 3619 1037 3682 in
1060 3618 1123 3685 hoc
1146 3623 1255 3705 capite
1277 3623 1309 3708 (ᾗ
1335 3625 1388 3710 10)
1500 3669 1504 3677 .

231 3733 338 3798 oratio
366 3732 399 3796 in
428 3730 597 3797 codicibus
625 3750 745 3794 manca
772 3726 815 3792 ad
844 3724 930 3790 hanc
951 3723 1091 3791 formam
1113 3729 1298 3812 supplenda
1319 3740 1387 3799 est:

231 3839 334 3918 Quid
366 3838 609 3904 interfuisse
639 3838 750 3902 inter
777 3834 830 3899 Ti.
855 3831 1134 3916 Sempronium
1163 3844 1199 3899 et
1227 3840 1282 3903 tn.
1304 3841 1388 3905 ΙιΙ-

230 3946 344 4010 νΙιιΙ
379 3946 429 4009 Ἠ.
457 3944 727 4027 Sempronium,
768 3962 885 4025 quum
920 3939 955 4004 ei
989 3962 1196 4010 servorum
1233 3951 1388 4015 exerci-

231 4061 296 4120 tus
331 4055 450 4119 datus
489 4058 615 4133 esset,
654 4051 768 4117 brevi
801 4047 997 4115 effecisse
1030 4074 1089 4131 -3
1119 4049 1181 4117 Gn.
1204 4054 1389 4124 Fuluium

231 4162 455 4239 Quiritium
499 4163 766 4226 Romanorum
811 4155 1118 4269 exercitumo-
1149 4164 1386 4241 servilibus
