3060 5272
704 802 766 865 235
1198 817 1262 876 Lib.
1280 817 1314 873 X

155 991 373 1074 nandoque
417 990 548 1072 magis
594 1007 711 1072 quam
756 987 973 1054 inferendo
1014 1010 1188 1073 pugnam
1227 989 1314 1057 dies

158 1097 461 1164 absumebatur.
514 1094 626 1173 Quod
655 1117 776 1180 quum
803 1097 1060 1180 inciperetur
1086 1098 1314 1163 remittere-

157 1212 322 1289 turque,
362 1206 536 1271 omnium
558 1224 700 1283 rerum,
735 1204 861 1268 etiam
883 1224 1108 1287 parvarum,
1142 1212 1313 1271 eventus

158 1312 451 1398 proferebatur
479 1313 518 1376 in
548 1310 647 1376 dies.
694 1310 837 1376 Altera
859 1311 1037 1377 Romana
1059 1318 1207 1394 cestra,
1229 1333 1314 1396 quar

160 1421 310 1504 viginti
343 1419 517 1485 millium
546 1419 684 1503 spatio
719 1418 907 1498 aberant,
944 1425 985 1484 et
1011 1418 1200 1485 absentis
1230 1421 1311 1486 col·

158 1529 256 1611 lega
285 1527 463 1594 consilia
491 1525 677 1592 omnibus
706 1526 898 1608 gerendis
921 1528 1156 1592 intererant
1178 1528 1311 1593 rebus.

157 1636 195 1701 In
217 1635 279 1700 hac
302 1635 452 1700 codicum
476 1634 643 1717 scriptura
665 1635 755 1698 etin
777 1634 841 1699 heo
864 1635 1024 1699 orationis
1046 1635 1313 1720 interpunctione

156 1745 299 1828 primum
328 1763 509 1827 pronomen
538 1762 623 1826 quae
651 1763 787 1825 prorsus
816 1743 926 1807 omnia
954 1741 1069 1807 turbat
1098 1741 1314 1828 (quamquam

158 1849 365 1916 Alschefskio
404 1871 472 1914 non
511 1848 618 1914 solum
651 1847 785 1913 Carvilii
824 1849 963 1914 consilia
994 1849 1094 1914 rebus
1128 1871 1149 1915 a
1181 1849 1313 1934 Papirio

157 1958 320 2042 gerendis,
344 1957 402 2023 sed
425 1958 526 2022 etiam
547 1963 620 2022 tota
632 1954 766 2021 Carvilii
790 1964 901 2021 castra
922 1957 1112 2022 interfuisse
1134 1965 1223 2023 recte
1247 1959 1313 2024 dici

159 2065 342 2148 videntur);
371 2067 485 2147 itaque
508 2085 620 2130 omnes
643 2071 721 2128 ante
744 2064 854 2129 Alsch.
879 2064 1023 2130 editores
1046 2064 1080 2129 id
1103 2065 1314 2145 sustulerunt,

157 2173 444 2239 Weissenbornius
477 2174 570 2237 uncis
604 2172 726 2256 saepsit.
782 2171 847 2237 Sed
879 2171 983 2238 nihilo
1018 2178 1130 2238 cetera
1158 2173 1312 2254 meliora3

158 2303 235 2347 nam
268 2303 323 2346 res
354 2287 387 2346 et
410 2287 576 2345 certamen
598 2278 826 2363 profertur,
860 2281 961 2345 etiam
994 2302 1122 2346 summa
1143 2302 1255 2346 rerum
1277 2287 1311 2346 et

158 2390 265 2454 exitus
288 2388 521 2473 profertum
556 2387 614 2452 sed
649 2389 823 2453 omnium
855 2409 985 2453 rerum
1008 2394 1194 2454 eventum
1217 2411 1312 2473 pro·

156 2497 263 2562 ferre
286 2503 321 2562 et
343 2496 529 2581 proferre
552 2496 591 2559 in
614 2494 702 2559 dies
724 2494 807 2559 nihil
830 2502 897 2576 est3
924 2516 986 2561 nec
1007 2496 1221 2580 intellegitur,
1246 2518 1311 2580 quo

157 2612 286 2689 spectet
320 2606 445 2669 etiam
478 2623 695 2687 parvarum
728 2624 839 2668 rerum
870 2604 1013 2684 menti0;
1044 2624 1105 2669 nec
1138 2603 1312 2684 sententia,

155 2715 183 2778 si
213 2735 287 2798 quae
318 2718 385 2791 est,
421 2732 495 2775 cum
523 2711 683 2794 proximis
706 2711 858 2775 cohaeret.
915 2711 1052 2776 Rectam
1073 2710 1213 2777 formam
1238 2732 1312 2776 sen·

155 2821 268 2885 tentiae
291 2818 547 2885 Forchhammer
567 2819 730 2896 restituit,
764 2819 822 2903 qui
849 2819 933 2883 vidit
955 2817 1133 2901 significari
1156 2820 1311 2900 omnium,

155 2949 230 3013 quae
264 2928 352 3012 apud
380 2926 550 3010 Papirium
583 2932 776 3007 agerentur,
811 2933 963 2992 eventum
994 2927 1029 2991 in
1061 2927 1168 2992 altera
1201 2933 1314 2992 castra

155 3036 360 3121 perlatum
389 3054 477 3112 esse,
511 3039 550 3098 ut
579 3034 649 3098 eius
672 3034 811 3099 consilia
831 3035 1030 3101 intervenire
1052 3040 1205 3118 possent;
1238 3040 1313 3099 tau·

155 3149 227 3209 tum
254 3145 294 3207 in
323 3143 409 3207 dies
436 3141 588 3224 reliquit,
621 3163 688 3206 non
721 3150 810 3208 recte
845 3165 906 3227 pro
936 3143 1126 3228 quotidie
1155 3143 1311 3226 positum,

155 3251 246 3336 quod
269 3272 330 3334 ego
354 3249 467 3332 (1875)
490 3250 627 3314 correxi.
667 3249 829 3315 Restabat
851 3251 967 3315 vitium
988 3250 1023 3315 in
1047 3250 1156 3332 quod
1178 3270 1311 3333 quum;

154 3380 233 3424 nam
254 3357 362 3441 quod
384 3379 452 3423 non
474 3357 629 3436 habebat,
652 3379 717 3441 quo
740 3358 928 3437 referretur,
952 3365 986 3423 et
1008 3357 1094 3422 diem
1116 3357 1312 3423 absumendi

155 3473 244 3532 actio
266 3467 399 3550 incepta
420 3467 624 3550 remissaque
647 3466 841 3548 pravissime
865 3464 996 3529 dicitur.
1041 3464 1104 3529 Pro
1128 3486 1168 3530 eo
1191 3465 1311 3549 quod·

156 3594 316 3659 cunque
356 3572 582 3650 scribendum,
628 3573 718 3656 quod
756 3572 837 3638 alibi
871 3592 1003 3656 quoque
1035 3593 1087 3636 me
1120 3578 1312 3656 corruptum

154 3682 341 3747 restituisse
371 3680 514 3745 memini.
569 3679 718 3764 Apparet
746 3680 917 3763 aptissime
947 3678 1140 3761 significari,
1174 3678 1256 3743 nihil
1277 3680 1312 3743 in

154 3789 278 3874 Papirii
301 3790 421 3854 castris
444 3793 598 3872 coeptum
616 3788 831 3852 'remissumve
855 3808 938 3867 esse,
961 3788 1055 3852 cuius
1077 3808 1142 3852 nou
1166 3791 1311 3868 eventus,

155 3897 285 3964 etiamsi
319 3918 458 3982 parvum
491 3902 594 3975 esset,
627 3896 661 3959 in
690 3892 823 3959 Carvilii
851 3902 963 3960 castra
990 3894 1200 3979 perferretur.
1257 3894 1312 3960 Sic

154 4007 258 4090 igitur
279 4011 370 4071 totus
392 4003 486 4069 locus
508 4002 719 4069 scribendus:
754 4000 1030 4087 Quodcunque
1057 4003 1312 4087 inciperetur

154 4114 543 4195 remittereturque,
573 4112 746 4177 omnium
767 4132 914 4191 rerum,
943 4111 1065 4178 etiem
1086 4132 1311 4197 parvarum,

155 4228 324 4288 eventus
363 4218 654 4304 perferebatur
686 4218 777 4281 tude
809 4219 849 4282 Ιι
883 4218 1014 4286 altera
1041 4222 1217 4286 Romana
1245 4240 1310 4286 ca·

154 4337 250 4408 stra,
272 4327 603 4413 qua—aberant,
626 4333 666 4392 et
687 4327 875 4394 absentis
898 4335 960 4394 cet.
990 4328 1114 4411 (1861.)
1155 4327 1309 4413 [Prorsus

153 4439 236 4503 mire
254 4435 541 4502 Weissenbornius
562 4437 597 4501 in
620 4455 659 4500 eo
682 4434 793 4515 haret,
817 4435 906 4520 quod
929 4434 946 4520 ᾗ
969 4441 989 4500 8
1011 4437 1148 4501 nuntius
1171 4437 1213 4502 ad
1232 4433 1310 4502 Oar-

153 4544 267 4610 rilium
290 4545 410 4609 missus
430 4549 608 4628 „tanquam
629 4544 705 4609 novi
728 4543 855 4627 aliquid
876 4564 937 4608 nec
960 4550 1036 4610 ante
1058 4543 1201 4610 factum“
1222 4565 1310 4611 com·

152 4658 363 4719 memoretur.
417 4649 483 4717 Ubi
517 4650 580 4716 hoo
613 4650 682 4716 ulla
719 4673 758 4716 ex
785 4659 881 4735 parte
910 4674 930 4716 a
960 4652 1052 4718 Livio
1081 4651 1308 4736 significatur?
