3060 5272
217 316 281 373 nm.
299 316 346 372 IV.
767 306 828 368 118

151 495 204 564 (98)
222 491 395 574 quaritur,
429 496 554 573 quanta
581 491 748 557 actionum
771 490 1047 575 consiliorumque
1069 493 1189 558 civium
1210 491 1375 557 Romano-

218 621 291 664 rum
324 619 403 682 pars
436 618 610 664 censorum
643 600 805 684 potestati
838 599 990 665 subiecta
1023 601 1069 665 sit
1096 599 1171 683 (neo
1199 601 1375 683 quisquam

220 707 358 773 Latinus
396 727 549 790 magnum
586 707 663 771 rita
695 714 823 791 partem
856 708 903 773 sic
936 708 1035 789 dixit,
1076 715 1116 775 nt
1149 715 1252 776 esset:
1291 707 1375 773 viele

221 814 333 881 Seiten
361 815 419 881 des
442 812 601 895 Lobana),
634 815 676 881 de
699 821 849 901 tempore
872 817 982 898 agitur
1003 818 1117 903 longo,
1151 818 1277 884 sicum
1299 816 1374 882 ritae

218 923 370 989 humana
393 924 499 1007 spatio
522 931 739 1008 comparetur.
789 923 906 1006 Itaque
935 924 1058 991 lineola
1084 925 1202 992 addita
1230 924 1375 991 scriben-

218 1032 392 1097 domest:
426 1053 497 1116 per
524 1038 587 1097 tot
608 1053 752 1111 annos,
785 1052 966 1115 magnam
989 1039 1148 1116 partem
1171 1033 1271 1099 vitae.
1327 1033 1375 1096 Ac

218 1140 416 1205 sententiam
448 1140 624 1205 uerborum
656 1139 944 1206 Weissenbornius
976 1141 1074 1222 vidit;
1114 1162 1187 1225 quae
1225 1139 1269 1206 ad
1301 1160 1375 1206 eam

219 1249 416 1314 sententiam
439 1249 664 1332 requireretur
685 1248 860 1332 scriptura,
889 1250 1003 1333 magis,
1033 1251 1158 1334 opinor,
1186 1270 1252 1315 non
1274 1269 1375 1315 ausus

218 1363 271 1423 est
293 1357 402 1422 dicere
425 1377 523 1439 quam
545 1378 611 1422 non
633 1356 724 1434 vidit,
747 1356 935 1424 admonitus
958 1360 1141 1443 praesertim
1163 1358 1271 1424 Taciti
1291 1357 1375 1436 loco,

218 1465 315 1548 quem'
343 1465 535 1547 adscripsit,
569 1486 609 1530 ex
637 1465 744 1547 Agric.
775 1469 809 1530 3:
849 1487 921 1550 per
948 1466 1012 1531 XV
1041 1488 1187 1546 annos,
1221 1463 1375 1548 grande

218 1573 407 1641 mortalis
447 1573 517 1637 aevi
556 1574 745 1657 spatium.
806 1573 891 1638 Nam
929 1582 967 1640 ut
1006 1576 1154 1659 potuerit
1188 1573 1300 1639 Livius
1333 1572 1374 1638 de

218 1690 367 1766 tempore
402 1681 527 1746 dicere:
568 1702 710 1764 magna
748 1690 866 1764 parte
905 1684 997 1748 vitae
1032 1683 1246 1749 obnoxium
1280 1701 1374 1747 esse

218 1791 378 1857 censori
416 1788 520 1871 (quod
557 1791 610 1854 vix
643 1790 753 1874 potuit
786 1790 828 1856 ob
863 1812 958 1856 suam
990 1791 1277 1869 consuetudinem,
1308 1790 1373 1855 etsi

219 1900 325 1965 omni
358 1900 446 1963 vita
477 1897 566 1964 foro
600 1919 740 1964 carere
770 1899 854 1964 dixit
875 1898 985 1979 XXII,
1020 1904 1077 1979 61,
1111 1898 1160 1981 9),
1194 1904 1285 1965 certe
1307 1918 1374 1963 non

218 2008 329 2093 potuit
349 2006 438 2071 hunc
460 2006 640 2071 ablativum
663 2007 826 2073 subiicere
847 2007 928 2073 illis:
953 2028 1024 2091 per
1045 2014 1108 2073 tot
1130 2005 1304 2089 annosl)

305 2114 383 2200 Cap.
407 2119 463 2194 25,
493 2120 527 2178 7:
562 2113 748 2181 Consilia
775 2115 1049 2182 admovenda
1076 2115 1187 2182 bella
1214 2116 1254 2180 in
1280 2114 1374 2181 Vol-

219 2246 380 2293 ecorum
413 2223 714 2308 AEquorumque
752 2225 945 2290 conciliis
979 2232 1019 2290 et
1051 2225 1091 2289 in
1123 2224 1294 2289 Etruria
1326 2223 1374 2288 ad

217 2333 353 2399 funum
380 2332 602 2398 Voltumnae
636 2333 805 2416 agitata.
860 2331 910 2397 De
943 2332 1033 2400 bello
1062 2338 1178 2398 contra
1206 2332 1374 2398 Romanos

218 2441 425 2525 suscipiendo
449 2441 599 2505 universe
622 2440 798 2523 agebatur,
827 2463 894 2507 non
916 2442 958 2507 de
980 2441 1130 2526 pluribus
1153 2439 1258 2505 bellis.
1309 2438 1375 2506 Sed

218 2552 313 2634 longe
351 2549 599 2614 vitiosissimum
638 2556 690 2614 est
729 2548 908 2614 consilia
946 2549 995 2614 ad
1032 2548 1226 2615 movenda
1263 2547 1375 2613 bella

218 2659 393 2743 agitare,
422 2657 511 2741 quod
538 2678 644 2739 neque
673 2657 756 2723 dixit
783 2658 959 2740 quisquam
980 2678 1086 2739 neque
1109 2657 1221 2723 dicere
1243 2661 1376 2740 poterat

220 2767 293 2852 (pro
333 2764 434 2831 belli
468 2765 651 2830 movendi
690 2771 749 2831 aut
788 2765 834 2830 de
867 2764 979 2831 bello
1012 2765 1132 2847 moa).
1189 2764 1375 2848 Scripserat

220 2876 331 2940 Livius
359 2874 475 2941 Latine
505 2881 539 2938 et
566 2880 695 2958 aperte:
729 2873 909 2939 consilia
942 2874 989 2939 de
1022 2873 1131 2940 bello
1165 2871 1374 2951 movend03

219 2984 385 3068 geminata
425 2981 474 3062 (in
512 2983 668 3048 continua
706 2983 873 3067 scriptura
911 2980 1155 3062 consiliade)
1193 2979 1307 3045 littera
1345 2997 1374 3058 e,

218 3092 340 3159 omissa
362 3111 394 3170 e,
422 3096 538 3155 natum
566 3089 744 3156 consilia
765 3070 815 3155 ud
837 3097 871 3156 et
893 3090 936 3156 ad
958 3090 993 3155 id
1016 3089 1299 3155 accommodatum
1321 3093 1374 3152 est

218 3199 331 3266 belle
353 3198 558 3264 movenda.

304 3307 383 3391 Gap.
408 3311 464 3386 34,
494 3311 530 3370 4:
564 3307 735 3373 Postero
764 3307 829 3373 die
858 3306 948 3391 (post
968 3306 1111 3372 Fidenas
1134 3303 1266 3389 captas)
1291 3304 1374 3369 sin·

218 3415 326 3500 gulis
350 3416 526 3500 captivis
550 3415 596 3480 ab
620 3415 759 3498 equite
781 3415 830 3479 ad
853 3415 1134 3481 centurionem
1157 3420 1267 3478 sorte
1286 3411 1375 3477 duc·

218 3526 273 3590 tis
302 3531 356 3601 et,
391 3543 558 3608 quorum
592 3523 740 3587 eximia
767 3523 901 3588 virtus
929 3522 1083 3602 fuerat,
1116 3521 1244 3600 binis,
1277 3519 1375 3585 aliis

218 3633 292 3698 sub
321 3652 473 3699 corona
499 3630 774 3711 venumdatis,
803 3631 1027 3697 exercitum
1055 3631 1251 3696 victorem
1284 3648 1376 3711 opu-

247 3836 269 3904 ¹)
289 3835 407 3906 [Eodem
430 3851 491 3905 cap.
511 3833 527 3904 ξ
557 3837 575 3886 7
596 3834 728 3889 vitiosam
749 3833 901 3888 verborum
923 3833 1035 3904 copiam
1053 3838 1082 3888 et
1098 3831 1245 3887 confusum
1263 3848 1287 3886 a
1310 3830 1374 3886 1861

286 3927 451 3977 notaveram
472 3919 653 3989 tollendsque
676 3918 863 3988 significaram
885 3919 972 3974 verba
994 3918 1066 3974 fine
1090 3918 1205 3985 elteri;
1231 3920 1298 3987 post
1318 3915 1374 3971 Ve-

285 4008 413 4063 ronensis
427 4005 489 4063 eod
505 4005 602 4060 docuit
619 4004 746 4059 tollenda
758 4003 844 4059 fuisse
861 4005 959 4059 modo
978 4004 1123 4059 eliorum
1141 4001 1376 4072 magistratui.

285 4093 320 4148 In
343 4091 577 4162 §tproeclarsm
593 4091 649 4145 Isc.
668 4084 804 4145 Gronorii
827 4089 1052 4145 emendationem
1075 4087 1297 4144 manifestissimi
1314 4086 1378 4141 vitii

286 4196 331 4232 me
350 4196 373 4232 a
395 4180 460 4233 1861
478 4177 585 4247 fugisse
603 4175 695 4244 doleo,
714 4176 768 4230 etsi
786 4176 846 4246 ipse
863 4175 963 4230 vitium
981 4172 1099 4243 notari]
