3060 5272
719 834 780 896 307
1160 850 1222 904 Lib.
1240 850 1328 906 xm

171 1019 355 1102 gentium
381 1019 521 1083 harum
542 1054 586 1063 -
608 1019 819 1084 terribilis
842 1019 952 1102 erat).
986 1021 1137 1086 Alienum
1159 1029 1210 1087 est
1231 1043 1328 1088 sane

170 1147 231 1191 nec
259 1133 299 1191 et
327 1127 439 1207 (sane
471 1132 512 1191 et
541 1128 663 1209 alius)
685 1127 802 1207 habet,
832 1149 896 1210 quo
919 1127 1092 1194 referatur.
1143 1129 1251 1213 Prope
1273 1149 1328 1194 ac·

171 1241 319 1300 cesserat
341 1235 527 1300 Douiatius.
574 1235 698 1317 (1862.)

257 1340 354 1426 *Cap
386 1347 445 1422 47,
480 1349 499 1407 4
528 1342 576 1423 (in
605 1343 827 1427 descriptione
855 1343 973 1428 proelii
1001 1342 1214 1426 Cannensis):
1249 1344 1328 1410 Sub

171 1451 386 1534 equestris
425 1450 548 1515 finem
590 1452 827 1517 certaminis
866 1458 1008 1517 coorta
1045 1458 1107 1517 est
1146 1452 1329 1535 peditum

170 1579 317 1642 pugna.
371 1558 505 1622 Primo
535 1566 575 1624 et
604 1559 765 1624 viribus
793 1567 832 1624 ct
860 1560 1006 1624 animis
1028 1580 1150 1644 pares
1174 1567 1329 1626 consta·

173 1665 272 1731 bant
296 1666 464 1731 ordines
488 1665 618 1731 Gallis
640 1666 939 1751 Hispanisque;
966 1667 1127 1733 tandem
1148 1667 1328 1746 Romani,

171 1773 241 1839 diu
264 1795 310 1839 ac
331 1795 437 1857 saepe
461 1774 619 1839 connisi
640 1810 698 1855 -,
731 1775 931 1859 impulere
958 1776 1135 1841 hostium
1164 1796 1329 1841 ouneum

171 1890 232 1947 cet.
268 1881 332 1958 Qui
356 1883 404 1946 sic
426 1883 523 1964 primi
546 1883 749 1965 scripserunt
770 1889 953 1967 posteaque
968 1890 1155 1963 tenuerunt,
1176 1884 1331 1949 videntur

170 1989 348 2071 significari
372 1996 519 2072 putasse,
547 1991 641 2055 initio
665 1990 780 2056 Gallos
802 1990 1031 2074 Hispanosque
1053 1992 1210 2057 Romanis
1233 2013 1329 2075 pares

172 2097 289 2179 fuisse;
323 2098 381 2162 sed
414 2117 520 2178 neque
550 2098 770 2164 Romanorum
806 2120 923 2164 nomen
955 2105 1027 2165 tum
1060 2101 1168 2165 omitti
1196 2105 1330 2183 poterat

174 2227 282 2289 neque
322 2205 470 2288 alioquin
506 2227 546 2270 ea
581 2208 745 2271 sententia
778 2229 819 2272 ex
852 2207 960 2273 verbis
994 2207 1131 2292 (pares
1164 2207 1329 2273 ordines

171 2320 363 2379 constant
385 2312 534 2393 Gallis)
562 2313 629 2379 ullo
659 2315 754 2380 modo
784 2315 940 2394 efficitur,
968 2335 1041 2397 quae
1069 2317 1179 2399 potius
1207 2315 1329 2399 signifi·

172 2428 263 2500 cant,
299 2442 411 2486 omnes
434 2420 608 2486 Gallorum
630 2422 921 2507 Hispanorumque
949 2423 1080 2489 ordines
1109 2424 1228 2506 aequali
1257 2424 1329 2490 lon·

172 2529 318 2613 gitudine
349 2535 498 2594 servatos
526 2549 609 2594 esse.
667 2531 788 2596 Verum
817 2532 914 2614 longe
942 2531 1008 2596 alio
1037 2531 1166 2596 codices
1195 2531 1329 2610 ducunt,

171 2638 205 2701 in
227 2636 347 2720 quibus
371 2636 419 2715 (P,
447 2644 518 2702 tum
540 2636 574 2716 0,
603 2637 705 2716 Voss,
728 2637 830 2718 Harl,
854 2638 931 2705 Lov.
955 2643 984 2719 2,
1007 2642 1036 2718 3,
1060 2638 1093 2721 4)
1116 2660 1182 2704 ιιοιι
1204 2659 1323 2722 pares
1341 2654 1414 2720 (acl)

171 2744 342 2822 scribitur,
384 2746 443 2809 sed
478 2767 617 2828 parum
654 2745 700 2827 (in
728 2746 836 2810 tribus
865 2745 1087 2812 deterioribus
1115 2745 1209 2830 par).
1270 2745 1329 2810 At-

173 2874 236 2934 que
293 2853 379 2917 hanc
436 2854 543 2936 ipsam
596 2854 796 2937 scripturam
851 2854 1129 2937 quemadmodum
1180 2852 1329 2918 Alschef-

174 2959 265 3025 skius
290 2967 436 3039 enarret,
471 2961 575 3043 legat,
610 2962 666 3045 qui
695 2969 755 3028 aut
781 2963 888 3027 ridere
916 2970 975 3028 aut
1002 2961 1188 3046 philologiae
1216 2961 1330 3026 huius·

173 3068 263 3134 modi
286 3070 557 3133 attrectationem
578 3071 737 3153 patientis
760 3072 909 3135 misereri
931 3071 1024 3150 velit3
1055 3069 1146 3135 nulla
1169 3076 1220 3134 est
1243 3069 1329 3134 enim

174 3178 346 3242 sententiae
368 3197 409 3242 ne
433 3178 561 3261 species
584 3179 726 3260 quidem.
762 3178 827 3244 Sed
850 3177 1012 3244 efficietur
1034 3199 1073 3242 ex
1095 3178 1148 3243 his
1171 3177 1330 3262 vestigiis,

172 3305 239 3349 una
271 3285 386 3350 littera
421 3285 550 3364 addita,
584 3287 704 3350 ceteris
738 3294 828 3352 recte
865 3287 996 3365 divisis,
1031 3287 1196 3352 sententia
1225 3286 1329 3352 omni·

173 3391 235 3456 bus
265 3393 410 3458 numeris
439 3392 595 3458 absoluta
624 3400 657 3458 et
683 3396 732 3458 rei
761 3401 855 3477 apta:
885 3401 1028 3460 coorta
1056 3400 1117 3459 est
1145 3393 1329 3478 peditum

173 3502 326 3584 pugna,
360 3502 489 3584 primo
518 3508 559 3566 et
585 3500 747 3566 viribus
776 3508 815 3567 et
843 3503 988 3568 animis
1011 3521 1096 3582 par,
1129 3503 1211 3563 dnn
1234 3522 1328 3567 con·

174 3606 343 3672 stabant
374 3607 542 3673 ordines
571 3608 704 3674 Gallis
732 3608 1030 3693 Hispanisquc;
1063 3609 1227 3673 tandem
1250 3609 1329 3674 Ro·

172 3717 276 3779 mani
307 3722 368 3780 cet.
426 3716 587 3793 Quamdiu
616 3715 748 3781 ordines
772 3715 942 3781 Gallorum
964 3715 1252 3798 Hispanorumque
1280 3716 1329 3780 in·

172 3824 256 3904 tegri
279 3823 513 3901 servabantur,
548 3843 644 3906 sequa
666 3825 787 3889 virtute
809 3831 992 3908 pugnatum
1014 3829 1080 3903 est;
1114 3823 1173 3888 sed
1194 3823 1330 3888 tandem

175 3931 333 3996 Romanis
355 3932 505 4014 contigit,
530 3937 568 3995 ut
591 3951 729 3994 cuneum
751 3931 895 3996 hostium
918 3931 1159 4015 perfringerent
1181 3930 1329 3996 ordines·

174 4060 238 4121 que
271 4039 515 4123 perturbarent.
571 4039 609 4102 ld
643 4045 753 4103 autem
787 4039 926 4103 Romani
960 4038 1141 4104 effecerunt
1173 4060 1253 4117 non,
1292 4046 1330 4104 ut

173 4145 269 4229 vulgo
309 4147 351 4212 de
390 4147 548 4213 Gronovii
588 4147 779 4212 coniectura
818 4147 989 4212 scribitur:
1034 4168 1149 4229 aequa
1186 4146 1330 4212 fronte

174 4255 344 4337 acieque
379 4253 504 4319 densa
538 4256 593 4336 (—
626 4255 708 4319 nihil
743 4256 829 4321 enim
862 4256 970 4321 minus
1004 4255 1047 4321 ad
1081 4276 1221 4320 cuneum
1255 4276 1329 4338 per·

126 4381 133 4394 ·
174 4363 381 4445 lungendum
415 4372 528 4446 aptum
562 4371 612 4428 est
645 4383 746 4445 quam
779 4384 875 4446 sequa
906 4364 1012 4443 frons,
1048 4384 1122 4448 quae
1151 4363 1330 4446 perexigua

173 4478 269 4552 parte
302 4472 410 4555 ipsum
439 4477 541 4554 caput
570 4472 682 4549 ounei,
715 4473 918 4556 precipuum
951 4470 1070 4549 robur,
1105 4472 1240 4553 attingit
1261 4470 1329 4552 -),

174 4578 232 4642 sed
266 4578 441 4662 obliqua
474 4578 610 4642 fronte
639 4581 672 4643 in
701 4579 841 4645 alterum
870 4580 958 4645 latus
986 4581 1080 4644 cunei
1110 4579 1328 4663 prominentis

173 4685 417 4767 incumbentes;
450 4694 483 4751 et
518 4685 688 4769 obliqua
721 4686 859 4752 fronte
888 4687 988 4752 scribi
1018 4687 1150 4771 Lipsius
1178 4687 1329 4752 voluerat

1048 4806 1098 4859 20*
