3060 5272
715 817 757 879 89
1180 830 1243 887 tiu
1263 831 1313 887 III.

154 1001 277 1087 peius
303 1001 433 1095 mutto
462 999 678 1083 -periit,
706 1005 867 1081 tanquam
895 1000 939 1066 ad
967 1022 1039 1067 eam
1068 1000 1217 1068 condicio
1240 1023 1315 1086 per·

153 1107 307 1191 tineam)
360 1107 501 1174 Pravnm
528 1107 630 1172 etiam
656 1106 793 1172 verbum
820 1128 892 1173 esse
919 1109 1124 1190 tuleritis,
1156 1109 1308 1175 Dukerus
1327 1123 1384 1192 (ta)

154 1216 255 1296 vidit,
288 1217 346 1302 qui
375 1215 416 1281 de
445 1235 514 1299 qua
534 1236 572 1280 re
594 1214 780 1296 dubitaret,
814 1214 1104 1281 Drakenborchius
1126 1239 1193 1284 non
1216 1218 1313 1283 intel·

154 1323 247 1391 lexit
279 1323 365 1404 Non,
388 1324 418 1389 si
440 1322 598 1389 tulissent
619 1321 745 1387 tribuni
761 1322 876 1406 legem,
900 1323 936 1388 L.
951 1322 1125 1400 Quinctius
1141 1331 1313 1409 peccatum

156 1433 192 1498 in
219 1453 254 1498 se
281 1430 417 1497 consule
439 1428 582 1495 creando
604 1428 676 1495 tore
699 1429 784 1495 dixit
805 1430 863 1511 (—
884 1429 1036 1497 ferebant
1058 1431 1161 1511 enim,
1194 1452 1256 1498 nec
1278 1432 1313 1497 id

155 1541 332 1624 quisquam
363 1537 524 1623 impedire
551 1541 684 1621 poterat
708 1535 782 1618 -),
816 1536 875 1602 sed
903 1538 931 1602 si
958 1538 1189 1621 pertulissent,
1222 1537 1313 1621 quod

156 1645 378 1712 minabantur.
430 1644 504 1711 Hoc
532 1645 636 1727 igitur
657 1645 777 1710 ceteris
800 1644 944 1710 addatur
965 1644 1151 1730 exemplum
1174 1645 1313 1712 adnota-

155 1755 272 1834 tionis,
305 1773 380 1838 qua
402 1751 609 1819 declarandae
631 1753 803 1817 sententia
827 1772 929 1818 causa
951 1752 1121 1838 adscripta
1143 1758 1244 1832 esset,
1278 1753 1313 1817 in

155 1861 270 1928 codice
290 1860 469 1945 archetypo
492 1860 581 1925 inter
603 1859 687 1925 Livii
708 1860 810 1925 verba
830 1865 981 1944 receptae.

241 1965 322 2052 Gap.
340 1972 392 2046 21,
414 1972 436 2033 4
458 1966 571 2033 Livius
594 1965 643 2048 (in
664 1967 813 2032 oratione
835 1967 871 2032 L.
896 1966 1042 2044 Quinctii
1066 1966 1224 2049 consulis)
1247 1989 1313 2032 non

156 2077 305 2162 scripsit:
339 2074 459 2160 plebs
490 2071 557 2140 SC.
590 2075 630 2139 in
663 2072 960 2139 continuandis
993 2074 1313 2158 magistratibus

157 2184 294 2263 solvit,
325 2181 403 2249 sed:
437 2179 502 2246 SC.
526 2181 829 2259 continuandis,
859 2181 930 2246 sine
952 2181 1203 2266 preposition03
1236 2202 1312 2246 nam

155 2294 191 2359 in
219 2290 371 2358 creandis
403 2288 654 2372 magistratibus
687 2288 756 2370 (bei
796 2288 860 2354 den
888 2288 1042 2370 Wahlen)
1076 2288 1226 2354 solutum
1260 2296 1312 2355 cst

157 2405 292 2482 mustus
319 2396 510 2463 consultum
537 2396 760 2462 continuando
787 2396 961 2462 tribunatu
983 2396 1100 2462 iisdem
1122 2396 1312 2463 hominibus

155 2505 276 2588 (durch
303 2505 356 2570 die
383 2501 730 2586 Wiedererwahlung).
787 2503 920 2569 Erroris
955 2505 1048 2586 origo
1080 2505 1115 2569 in
1146 2503 1208 2569 MP
1237 2526 1310 2588 per-

156 2615 272 2699 spicua
297 2620 364 2693 est;
395 2632 473 2677 nam
501 2632 605 2696 quum
634 2609 735 2675 scribi
764 2609 933 2676 debuisset
961 2632 985 2676 s.
1009 2632 1035 2675 e.
1059 2631 1097 2675 ι.
1128 2610 1311 2692 (senatus

158 2717 412 2800 consultum),
433 2717 558 2784 factum
581 2722 633 2784 est
649 2737 673 2784 a.
693 2737 731 2783 ι.
750 2738 775 2782 c.
794 2717 837 2798 Ιι,
861 2718 975 2784 littera
992 2739 1021 2780 ι
1040 2723 1117 2783 ante
1138 2739 1156 2782 c
1178 2719 1311 2802 scripta,

157 2828 277 2895 deinde
299 2849 360 2894 auo
382 2826 456 2892 loco
478 2827 513 2890 in
536 2825 620 2891 duas
642 2824 711 2906 (in)
733 2824 888 2908 soluta¹)

242 2933 340 3019 *Cap
363 2937 420 3014 23,
449 2937 478 2998 7.
527 2931 686 2997 Extrema
705 2931 804 2998 huius
827 2933 946 3017 capitis
968 2955 1045 3017 pars
1068 2933 1116 2998 sic
1137 2933 1382 3017 interpuncta)

160 3043 269 3127 ganda
296 3049 362 3109 est:
403 3039 555 3105 Eodem
594 3061 696 3105 anno
735 3040 920 3106 descisse
958 3041 1168 3122 Antiates,
1208 3041 1313 3125 apud

157 3150 382 3235 plerosque
410 3153 609 3214 auctores
638 3148 819 3228 invenio,
849 3148 885 3212 L.
910 3145 1141 3214 Cornelium
1162 3149 1203 3214 id
1226 3149 1312 3215 bel·

157 3257 234 3322 lum
262 3257 449 3341 gessisse
477 3253 750 3340 oppidumque
780 3256 953 3341 cepisse.
1004 3254 1164 3322 Certum
1194 3256 1312 3321 affir-

158 3385 265 3430 mare
292 3398 337 3409 —
358 3383 436 3428 non
468 3363 608 3428 ausim.
664 3361 784 3428 Omnia
815 3363 887 3429 haec
913 3363 1002 3448 apud
1031 3365 1206 3448 plerosque
1235 3364 1313 3446 (hoc

157 3478 225 3551 est,
258 3477 298 3536 nt
317 3470 430 3536 Livius
461 3469 527 3536 hoc
559 3469 719 3536 vocabulo
753 3470 874 3548 utitur,
907 3493 974 3538 non
996 3470 1136 3557 paucos)
1159 3478 1312 3538 auctores

157 3580 341 3659 invenerat3
374 3577 415 3642 de
443 3577 597 3643 omnibns
619 3583 743 3643 certam
766 3577 1019 3645 affirmationem
1042 3579 1187 3659 cohibet,
1222 3580 1311 3664 quod

156 3685 213 3751 alii
247 3686 427 3768 scriptores
462 3685 768 3768 pretermittebant.
824 3685 928 3769 Vulgo
957 3687 1005 3751 sic
1034 3686 1204 3766 scribitur,
1238 3695 1311 3753 tan·

156 3813 256 3877 quam
285 3790 504 3858 defectionem
532 3791 623 3876 apud
650 3799 803 3858 auctores
831 3800 1120 3859 commemoratam
1142 3795 1312 3873 invenerit,

157 3900 200 3966 de
229 3901 266 3966 L.
296 3898 449 3966 Cornelio
483 3903 518 3964 et
546 3899 669 3983 oppido
699 3908 796 3985 capto
826 3900 915 3984 (qua
943 3901 1001 3967 ubi
1031 3901 1234 3984 invenerati)
1263 3901 1311 3968 af·

157 4007 287 4073 firmare
319 4028 386 4072 non
419 4006 552 4072 audeat.
608 4007 674 4073 Res
706 4009 827 4092 pusilla
861 4015 927 4090 est;
961 4010 1019 4074 sed
1047 4010 1201 4094 quoniam
1228 4011 1312 4076 talia

182 4275 207 4344 Ι)
226 4273 397 4346 Παω...ιί
410 4294 460 4349 per
472 4295 504 4333 aa
517 4277 585 4348 quin
598 4279 753 4334 mussime
766 4279 915 4348 diceretur,
929 4281 977 4336 ubi
990 4281 1176 4338 subiiceretur
1189 4280 1311 4349 demum,

204 4376 282 4443 'non
304 4364 494 4432 antecederet,
519 4362 650 4419 condicio
673 4369 702 4418 et
723 4365 820 4420 statim
843 4364 1031 4421 subiiceretur
1053 4367 1111 4434 (VI,
1137 4370 1177 4433 14,
1200 4370 1225 4434 4,
1249 4367 1311 4434 Vll,

223 4448 266 4512 ⁸4,
286 4448 327 4516 lt,
344 4445 420 4516 vm,
438 4450 481 4517 80,
501 4448 552 4516 ll),
571 4448 635 4518 quis
653 4446 794 4504 dubitavit
801 4447 828 4518 t]

178 4531 208 4599 ¹)
226 4528 406 4603 [Propontis
423 4538 469 4588 ost
485 4533 572 4588 otiam
589 4534 620 4589 in
637 4532 675 4601 V,
703 4534 753 4588 sed
776 4535 800 4588 is
823 4535 909 4589 etiam
932 4541 1089 4590 senatum
1111 4535 1309 4591 consultum

223 4616 353 4672 omuibus
370 4617 473 4674 litteris
490 4635 546 4690 pro
563 4615 618 4687 sc]
