3060 5272
702 295 764 356 456

92 499 99 512 ’
153 482 265 568 spatio
287 502 389 546 vacuo
412 479 537 558 relicto,
560 477 627 544 ibd.
650 477 838 557 hostium,
859 479 907 555 12,
925 481 945 540 4
963 495 1041 558 que
1063 479 1140 559 post
1162 473 1324 539 civita·

155 587 301 671 tium.¹)
336 587 388 669 (lu
410 587 444 652 M
467 607 494 651 c.
513 591 541 665 3,
563 590 584 650 2
606 607 682 650 uon
706 584 798 668 plus
820 604 920 668 prave
943 583 1102 649 omissum
1123 580 1282 662 videtur.)

242 696 321 761 Hoec
360 696 418 779 qui
457 694 729 771 consideraverit,
777 713 917 776 quorum
956 689 1079 756 similia
1118 709 1159 755 ex
1197 687 1324 771 quavis

156 804 274 870 horum
295 802 457 868 librorum
479 807 573 884 parte
596 800 738 883 proferri
760 806 900 884 possunt
910 798 957 880 ²),
990 797 1126 864 timidas
1147 795 1321 862 Weissen-

155 911 265 977 bornii
293 911 403 975 nescio
432 909 540 972 dicam
568 929 611 972 an
639 907 821 972 audaculae
845 906 1049 989 suspiciones
1071 905 1113 970 de
1134 901 1322 988 interpola·

156 1020 247 1085 tione
275 1018 309 1082 in
338 1016 452 1081 codice
475 1015 667 1099 Moguntino
697 1021 850 1099 grassata
878 1021 912 1079 et
934 1034 1084 1079 errorum
1107 1011 1320 1077 mendorum·

158 1145 232 1207 que,
255 1144 328 1207 quoe
350 1124 384 1187 iu
406 1124 433 1187 B
456 1130 491 1188 et
511 1122 701 1207 vulgaribus
724 1129 809 1200 suut,
833 1128 981 1186 tentatas
1003 1120 1233 1185 excusationes
1256 1124 1321 1184 ant

158 1233 365 1298 coniecturas
393 1231 470 1295 inde
493 1230 610 1295 ductas
633 1229 731 1294 facile
755 1229 891 1294 abiiciet
914 1235 948 1293 et
971 1250 1071 1311 quum
1095 1232 1222 1292 ceteras
1242 1224 1319 1291 Mo·

156 1339 286 1423 guntini
307 1338 412 1403 bonas
434 1338 617 1420 scripturas
640 1336 783 1401 libenter
806 1336 957 1420 accipiet,
981 1342 1051 1400 tum
1074 1353 1169 1398 voces
1190 1333 1225 1396 in
1248 1330 1325 1412 illo,

158 1467 259 1529 quum
287 1446 320 1510 in
350 1445 469 1509 ceteris
498 1444 624 1522 desint,
659 1451 816 1509 serratas.
871 1443 953 1509 Nam
988 1463 1124 1526 prorsus
1152 1441 1208 1518 iis,
1240 1460 1323 1524 quse

158 1552 308 1637 pluribus
326 1551 433 1617 verbis
451 1553 710 1630 commemorari,
732 1551 925 1615 lacunarum
942 1549 1179 1633 supplementis
1196 1547 1323 1613 similia

160 1666 272 1725 cetera
304 1666 396 1731 suut,
439 1661 473 1723 in
507 1680 579 1741 quse
612 1660 752 1723 maxime
784 1657 843 1723 illa
876 1659 1019 1741 suspicio
1052 1654 1326 1741 interpolationis

161 1767 311 1833 coniecta
339 1772 400 1846 est;
433 1765 516 1830 nihil
543 1768 576 1830 in
605 1767 661 1839 iis,
697 1765 786 1848 quod
809 1764 852 1830 ad
875 1765 1074 1831 senteutiam
1097 1764 1320 1829 constructio·

158 1893 273 1940 nemve
296 1873 380 1938 male
402 1872 605 1939 intellectam
629 1872 825 1958 explendam
847 1873 1023 1955 pertineat,
1051 1872 1226 1955 reperitur,
1256 1870 1319 1936 sed

160 2002 214 2048 res
237 1981 280 2046 ad
302 1982 385 2047 Livii
409 1983 591 2047 oraticnem
615 1982 877 2063 sententiamque
901 1987 1001 2063 apta,
1030 1999 1114 2061 quas
1136 1986 1259 2057 tamen,
1287 1978 1319 2043 si

160 2110 182 2155 a
202 2089 293 2155 Livio
327 2091 445 2172 positoe
474 2112 539 2154 nou
567 2096 691 2166 essent,
726 2087 847 2153 addere
880 2088 1002 2152 nemini
1030 2088 1063 2151 iu
1092 2092 1233 2151 mentem
1262 2105 1324 2150 re-

101 2223 103 2226 ⁴
159 2198 278 2275 nisset,
320 2218 340 2261 a
372 2199 663 2280 grammaticorum
697 2202 731 2260 et
763 2195 972 2260 librariorum
1007 2194 1172 2259 inferioris
1205 2192 1325 2258 atatis

165 2366 387 2379 ,-

190 2450 216 2516 ¹)
235 2449 300 2518 Cap.
322 2454 363 2516 ll,
385 2454 403 2504 8
419 2451 558 2517 librarius,
583 2468 667 2519 quum
687 2451 773 2503 verba
791 2465 913 2503 cursus
933 2446 1051 2516 rigida
1068 2464 1151 2516 paeue
1168 2444 1320 2511 emisisset,

231 2535 351 2588 retraxit
368 2552 411 2600 se3
435 2552 458 2589 c.
477 2537 507 2601 b,
531 2537 548 2588 6
566 2554 601 2589 ex
622 2552 692 2588 voce
709 2535 956 2602 redintegrata
974 2533 1089 2601 scripsit
1107 2548 1141 2584 re
1156 2534 1260 2600 grata
1277 2528 1325 2583 in·

230 2619 369 2687 terpositc
387 2619 479 2687 spatio
497 2636 599 2684 vacuo,
627 2620 702 2687 quod
724 2620 833 2674 medias
857 2619 966 2672 litteras
984 2635 1041 2672 nou
1060 2615 1175 2684 legebat
1193 2619 1322 2667 autnon

230 2703 422 2772 intellegebat

189 2788 217 2854 ²)
235 2786 347 2841 Addam
366 2805 400 2841 ex
418 2805 474 2841 uno
493 2789 586 2856 capite
604 2788 672 2842 libri
690 2788 806 2841 XXXIV
824 2789 976 2857 specimen,
995 2804 1030 2840 ex
1047 2805 1103 2841 uno
1122 2786 1189 2840 libri
1205 2784 1323 2840 XXXV.

232 2871 305 2926 Nam
322 2872 352 2926 iu
370 2871 445 2925 illius
463 2874 557 2942 capite
576 2876 617 2939 31,
636 2879 669 2926 ut
687 2874 759 2938 dem,
778 2873 921 2941 nequivi
941 2871 957 2941 ξ
976 2875 993 2925 2
1010 2890 1069 2926 non
1087 2893 1103 2929 e
1119 2874 1150 2928 M
1168 2889 1238 2939 esse,
1255 2872 1323 2927 baso

229 2957 294 3012 cM
311 2962 410 3011 eontra
428 2957 450 3009 Β
469 2958 658 3027 vulgaresque
678 2965 790 3028 sumpta
808 2964 885 3012 sunt:
914 2956 929 3027 fi
948 2962 965 3010 4
983 2957 1084 3011 video
1104 2958 1192 3025 (οιιι.),
1210 2958 1227 3010 6
1246 2972 1318 3010 cam

230 3042 309 3108 (cm.;
337 3043 432 3095 omisit
454 3043 540 3097 etiam
563 3043 618 3109 W.;
645 3043 742 3098 abesse
767 3041 883 3111 nequit),
907 3045 924 3095 7
946 3051 980 3096 et
1002 3044 1124 3113 accepi
1148 3058 1250 3111 quum
1273 3041 1326 3110 (et

231 3129 350 3197 accepi
374 3128 499 3194 urbem,
528 3146 635 3196 quum,
663 3130 748 3182 etiam
771 3127 823 3193 W,
849 3129 1030 3198 pessumdata
1052 3129 1189 3184 orationis
1206 3125 1320 3198 ligura),

234 3213 251 3266 8
275 3213 340 3266 iam
363 3213 444 3279 (οιιι.,
469 3214 554 3267 etiam
576 3214 639 3280 Wl,
664 3216 697 3268 18
718 3213 865 3267 fortuna
885 3212 988 3281 (iere).
1032 3214 1090 3268 Nee
1109 3214 1222 3282 dubito,
1250 3214 1324 3281 quin

232 3298 316 3351 etiam
339 3315 377 3351 ac
400 3298 596 3367 dignitatis
615 3297 747 3353 Gelenius
766 3296 885 3367 („lege“)
903 3316 938 3352 ex
956 3299 985 3352 M
1004 3301 1162 3368 scripserit,
1189 3304 1325 3353 correcto·

230 3380 381 3437 Carbacbir
406 3400 509 3438 errore.
553 3383 590 3437 In
617 3383 681 3438 libri
703 3384 805 3437 XXXV
828 3401 888 3453 cap.
912 3387 945 3439 26
973 3385 1034 3439 hsec
1059 3403 1075 3440 e
1100 3384 1163 3437 solo
1185 3384 1216 3437 Μ
1237 3389 1320 3440 sunt:

235 3469 247 3519 1
267 3467 471 3535 pristesqus
490 3467 569 3533 (tris
593 3468 690 3537 isque
715 3473 744 3522 et
762 3467 885 3534 similia),
909 3468 1059 3522 thurum
1078 3486 1243 3523 novarum
1261 3486 1326 3524 na·

230 3550 321 3605 vium
352 3578 387 3590 -
420 3558 459 3604 ut
490 3552 622 3617 (barum
653 3558 688 3607 ut
720 3569 884 3607 novarum
916 3554 1012 3620 tum),
1050 3553 1108 3608 ibd.
1141 3554 1245 3608 simul
1278 3559 1344 3609 ιη’

230 3634 369 3704 (simul),
394 3636 449 3689 ibd
470 3637 666 3691 simulacris
688 3636 800 3704 (simul
818 3637 1011 3705 Achaeisll),
1035 3639 1125 3693 trel
1143 3657 1207 3693 usu
1225 3638 1320 3708 (usn),

230 3720 423 3788 dignatus.
473 3719 580 3774 Navis
608 3727 685 3775 erat
712 3719 804 3788 (om),
831 3721 888 3775 ibd.
913 3722 1062 3777 Nicaeam
1089 3723 1261 3790 (Nicolam
1288 3730 1341 3779 et-

230 3804 358 3872 similia),
382 3806 398 3859 6
416 3804 530 3860 luerat
547 3808 634 3861 enim
652 3804 775 3874 (lucrat
792 3823 861 3873 οιιι.,
885 3807 984 3861 relicto
1002 3808 1032 3862 iu
1049 3809 1072 3862 Β
1090 3810 1193 3879 spatio,
1219 3808 1321 3865 addito

230 3888 286 3943 alio
311 3889 341 3959 in
359 3890 524 3960 vulgaribus
542 3890 654 3959 errore),
672 3894 690 3945 9
710 3891 952 3960 speculatoria
973 3894 1196 3962 (piscatoria).
1235 3894 1314 3950 Prte-

230 3980 309 4029 tsrca
335 3974 358 4028 B
382 3972 399 4044 ξ
421 3979 438 4031 4
463 3993 516 4029 οιιι.
536 3975 649 4043 Creta,
675 3993 765 4031 vacuo
794 3978 887 4047 spatie
912 3977 1020 4032 relicto.
1066 3978 1165 4035 Tacite
1186 3980 1231 4034 his
1255 3995 1319 4033 om·

229 4059 314 4113 nibus
336 4060 406 4113 locis
428 4060 612 4130 Mogontinus
635 4063 786 4131 probatum
813 4061 877 4117 dein
898 4063 994 4117 subito
1019 4063 1048 4117 in
1071 4066 1200 4134 proxime
1224 4065 1320 4135 suspi-

229 4160 312 4198 caees
328 4143 456 4199 homines
473 4144 554 4201 fiunt
