3060 5272
237 341 300 398 Lib.
319 342 417 398 mv.
783 334 846 397 680

240 519 279 580 et
299 515 471 601 imperia
489 520 721 605 trepidans,
753 519 850 588 dnos
872 538 919 585 ex
945 519 1085 585 amicis
1107 518 1261 585 Pellam
1281 518 1392 586 alte·

239 643 322 687 rum
355 644 480 708 usque
513 627 564 693 ad
596 628 762 712 pathum
794 628 967 712 pecunia
1000 628 1194 711 deposita
1225 633 1389 693 eratssex

238 731 449 814 presidiis
482 743 648 801 revocat
680 737 889 818 omnisque
923 735 1060 801 aditus
1093 736 1232 820 aperit
1262 734 1388 801 bello.

238 837 313 904 Non
342 838 489 907 dubitari
515 850 641 927 potest,
670 846 748 929 quin
777 842 892 909 eadem
918 842 1143 926 significentur
1175 863 1394 928 praepropera

238 947 392 1031 imperia,
420 967 560 1034 quorum
582 959 714 1036 postea,
737 952 870 1037 dempto
891 958 1034 1031 terrore,
1056 950 1176 1018 Persea
1198 953 1392 1036 paenituisse

244 1055 356 1122 Livius
388 1076 416 1121 c.
453 1062 491 1122 10
518 1059 590 1124 init.
623 1068 747 1142 narrat,
782 1061 921 1126 alterum
948 1059 990 1124 de
1019 1080 1099 1143 gaza
1125 1061 1216 1144 regia
1241 1062 1277 1126 in
1298 1080 1393 1126 mare

238 1164 459 1248 proiicienda,
487 1167 576 1248 qnod
597 1167 711 1236 Nicias
733 1167 842 1235 facere
864 1169 973 1234 iussus
994 1175 1081 1247 erat,
1104 1167 1246 1234 alterum
1268 1168 1309 1235 de
1330 1190 1392 1234 na·

239 1270 368 1338 salibus
401 1271 640 1341 Thessalonicae
672 1276 896 1358 incendendis,
929 1274 1043 1341 datum
1076 1276 1273 1343 Andronico.
1325 1277 1392 1343 Rea

240 1387 515 1447 commemoratur
537 1385 638 1449 etiam
660 1387 694 1450 in
716 1386 879 1469 excerptis
897 1382 1033 1451 Diodori
1050 1385 1265 1451 Peirescianis
1282 1408 1314 1470 p.
1327 1388 1390 1450 579

239 1490 354 1568 Wess,
387 1488 447 1554 ubi
472 1510 533 1572 pro
554 1489 651 1558 Nicia
680 1492 785 1559 Nicon
814 1492 1016 1577 appellatur,
1050 1494 1107 1576 qui
1133 1495 1242 1559 iussus
1270 1484 1394 1559 dicitur

238 1603 286 1673 τὴν
308 1607 336 1660 dr
357 1604 394 1678 τῷ
416 1603 497 1678 Φάκῳ
518 1605 605 1681 γάζαν
626 1607 672 1664 xci
693 1609 726 1664 τὰ
746 1608 872 1682 χρήματα
894 1609 1098 1681 macerrima,
1122 1608 1156 1667 et
1177 1600 1268 1685 apud
1288 1602 1393 1686 Appi·

240 1725 340 1770 annm
360 1705 395 1770 in
416 1704 534 1770 iisdem
556 1711 721 1794 excerptis
744 1708 884 1791 (Maced.
906 1709 945 1775 ir.
972 1709 1035 1790 14).
1078 1709 1150 1776 Iam
1173 1728 1201 1774 c.
1226 1713 1275 1789 10,
1298 1712 1318 1773 3
1341 1709 1391 1774 sic

241 1813 413 1881 scribitur:
435 1813 655 1882 incautior
678 1817 791 1902 (quam
813 1817 1028 1897 Andronicus,
1051 1819 1108 1902 qui
1130 1825 1260 1903 tempus
1282 1825 1393 1883 true·

240 1923 307 2006 rat)
329 1921 470 1987 Nicias
491 1917 613 1987 Pella
634 1927 896 2009 proliciendo
921 1925 1006 2009 (cod.
1032 1924 1299 2009 proiciendae)
1329 1946 1394 2010 pe·

155 2035 370 2106 (welcunioe
403 2046 591 2122 pestem,
621 2034 725 2122 quod
758 2035 898 2101 iuerat
929 2042 1080 2101 natum.
1123 2033 1260 2100 Mirifice
1291 2035 1396 2100 inter·
1501 2025 1506 2034 ’

240 2145 412 2229 polarnnt:
455 2147 637 2234 pecunia
679 2150 848 2229 partem,
894 2144 1000 2226 quod
1039 2144 1176 2208 luerat
1220 2150 1394 2209 nanctus

241 2252 445 2333 (abundante
468 2257 585 2324 saltem
607 2253 740 2339 partis
762 2235 916 2334 nomine),
941 2252 1035 2334 quasi
1054 2250 1276 2317 nanciscenda
1291 2251 1397 2316 luerit

241 2364 391 2444 pecunia,
414 2365 457 2430 ad
480 2385 579 2449 quam
601 2364 635 2428 in
657 2361 823 2428 thesauris
845 2362 1027 2445 repositam
1049 2380 1123 2424 cum
1145 2358 1293 2425 clavibus
1315 2361 1391 2425 mis-

200 2463 203 2469 ’
243 2489 297 2534 sus
319 2469 431 2538 Nicias
453 2479 535 2539 erat.
578 2469 669 2536 Nihil
691 2476 804 2553 potest
825 2468 1030 2534 manifestius
1053 2489 1141 2547 esse,
1169 2488 1269 2551 quam
1291 2455 1413 2533 scribi'

242 2574 376 2643 debere:
398 2581 579 2662 pecuniae
600 2583 771 2662 partem,
795 2598 879 2661 quae
901 2576 1037 2642 fuerat
1058 2577 1102 2638 ad
1124 2573 1276 2640 thiera
1299 2577 1394 2660 (ἐντῷ

244 2683 384 2767 eduum
428 2687 511 2753 Erat
533 2687 619 2752 enim
639 2684 766 2750 Phacus
788 2707 846 2750 arx
868 2684 976 2763 Pellae,
999 2686 1034 2749 in
1056 2705 1121 2768 qna
1142 2691 1177 2749 et
1196 2705 1280 2767 gana
1300 2687 1396 2769 regia

244 2791 437 2859 servabatur
459 2801 494 2861 et
519 2796 619 2860 vincti
648 2792 929 2873 custodiebantur,
958 2813 1040 2875 quos
1063 2813 1120 2857 rex
1143 2793 1303 2857 custodiri
1325 2795 1393 2859 ius·

244 2907 346 2981 serat,
374 2904 546 2969 nominata
568 2903 668 2969 etiam
701 2901 790 2986 apud
812 2900 1138 2986 Polybium-(xxm,
1163 2899 1228 2982 25).
1273 2900 1391 2984 ltaque

243 3006 367 3075 frustra
388 3011 538 3078 Valesius
559 3011 673 3092 Pella,
695 3032 760 3076 non
783 3009 887 3075 Phaci
916 3029 1029 3094 ganam
1051 3007 1268 3074 Macedonum
1290 3008 1394 3075 iuuisse

244 3115 403 3204 disputat,
424 3125 509 3186 teste
531 3127 630 3186 ntene
651 3119 742 3187 Livio
766 3118 806 3201 (c.
832 3122 881 3198 23,
905 3122 925 3183 9
948 3125 981 3183 et
1004 3138 1031 3183 c.
1055 3121 1105 3196 46,
1129 3121 1148 3182 8
1170 3117 1267 3182 huius
1288 3117 1393 3197 libri),

243 3227 296 3293 cni
328 3227 463 3311 adiungi
495 3228 653 3314 Polybius
686 3235 796 3313 potest
828 3226 960 3308 (XXIX,
984 3225 1017 3308 3)
1039 3232 1073 3291 et
1095 3223 1213 3291 Strabo
1237 3225 1307 3309 (lib.
1331 3225 1392 3291 VII

243 3335 282 3400 fr.
306 3339 347 3401 20
370 3356 409 3402 ex
432 3336 541 3421 epit.);
574 3327 745 3421 nam'quae
767 3337 808 3402 in
835 3356 911 3401 arce
938 3335 982 3400 ad
1003 3333 1128 3400 Pellam
1157 3341 1244 3414 erat,
1277 3334 1392 3400 eadem

243 3443 342 3510 Pella
364 3464 438 3512 esse
460 3452 549 3511 recte
572 3444 753 3511 dicebatur.
797 3443 880 3510 Livii
903 3443 1034 3526 quidem
1061 3443 1184 3522 locum,
1207 3442 1265 3526 qni
1288 3443 1393 3509 estin

314 3699 429 3767 aliter,
447 3698 533 3753 alibi
552 3703 654 3768 atque
671 3699 757 3754 alibi
776 3698 870 3754 dicere
885 3698 983 3753 solent
1019 3697 1152 3754 Livianus
1170 3699 1247 3753 locos
1260 3698 1323 3769 plns
1342 3698 1392 3754 de·

313 3801 374 3840 cern
392 3785 568 3854 coNegerunt
584 3784 639 3839 luc.
655 3784 810 3839 Gronovius
825 3788 855 3840 et
867 3783 1114 3840 Drakenborchiua
1130 3784 1166 3839 ad
1183 3783 1285 3852 XXIV,
1304 3787 1347 3856 20,
1366 3787 1390 3839 9.

274 3869 297 3937 ¹)
317 3869 398 3939 Quod
415 3871 540 3939 seqnitur
557 3871 609 3924 ibi:
636 3871 695 3926 aed
721 3871 754 3924 in
780 3888 852 3925 rem
879 3869 1133 3925 emendabilem
1160 3871 1255 3924 visus
1272 3871 1393 3941 lapsus

313 3973 402 4024 esse,
422 3957 538 4024 rectius,
566 3957 677 4026 opinor,
704 3955 951 4011 Drakenborchiua
974 3956 1154 4010 scribendum
1172 3961 1265 4025 putat:
1292 3957 1326 4010 in
1354 3973 1391 4010 re

313 4041 520 4096 emendabili
539 4059 622 4111 quarn
637 4040 797 4096 Gronovius
811 4046 842 4097 et
854 4041 1038 4096 recentiores:
1056 4042 1091 4095 in
1109 4056 1266 4095 errorem
1284 4058 1391 4095 emen·

315 4127 461 4182 (labilem
488 4127 534 4194 (in
560 4144 629 4182 rem
656 4143 713 4181 em.
737 4143 782 4181 ex:
809 4128 843 4182 in
866 4144 904 4182 re
922 4126 1001 4195 em).
1038 4124 1094 4182 Sed
1111 4129 1251 4196 praterea
1269 4127 1394 4181 scriben-

315 4212 381 4267 dum
398 4213 526 4269 videtur:
544 4213 643 4267 visus
662 4215 708 4266 ert
726 4211 847 4281 lapsus
865 4228 948 4267 esse
