3060 5272
206 351 269 405 Lib.
286 349 372 403 XXX
751 336 814 398 432

207 523 242 586 in
275 523 464 587 accusativo
499 542 585 585 eum
614 521 772 585 orationis
799 520 893 598 vitio;
932 520 1043 603 itaque
1072 519 1106 584 in
1135 520 1361 604 superioribus

208 630 408 694 editionibus
432 629 568 692 licenter
591 628 747 710 scriptum
771 634 836 692 eat:
861 647 976 711 quam
998 629 1040 707 ia,
1064 629 1148 711 qui3
1170 649 1275 712 nuper
1297 649 1362 693 non

207 737 352 815 licenter,
375 736 433 801 sed
455 737 697 819 superstitiose:
727 757 844 820 quam
867 741 947 799 tum
970 737 1046 818 qui,
1068 736 1179 801 inutili
1200 735 1362 802 vocabulo

207 845 401 929 pravissimo
440 843 513 908 loco
554 845 663 927 posito
698 841 777 924 (non
811 843 917 908 solum
950 850 1027 909 ante
1061 845 1144 929 qui,
1184 844 1242 909 sed
1274 845 1363 909 iuter

208 974 326 1035 quam
359 953 442 1035 qui,
476 973 547 1033 quae
582 952 762 1016 arctissime
796 950 992 1032 cohaerent);
1033 953 1211 1037 oportebat
1243 951 1362 1017 saltem

208 1060 289 1124 dici:
325 1081 442 1144 quam
470 1061 536 1142 qui
563 1066 644 1124 tum
671 1061 811 1144 ipsum.
864 1058 1064 1143 Simpliciter
1085 1059 1268 1126 tollendum
1290 1066 1364 1126 erat

208 1167 296 1250 [cum
330 1166 550 1249 Alschefskio]
589 1154 770 1250 pronomen
812 1167 927 1232 eodem
967 1169 1207 1250 interpretandi
1241 1168 1362 1248 studio,

209 1275 324 1340 eadem
360 1296 494 1358 prorsus
522 1275 555 1338 in
584 1296 661 1339 casu
691 1274 898 1357 neglegentia
927 1275 1091 1354 additum,
1126 1297 1224 1359 quam
1253 1277 1287 1339 in
1308 1275 1363 1355 IV,

208 1387 260 1460 32,
295 1388 313 1446 7
343 1383 576 1447 animadvertit
604 1381 684 1446 Tan.
708 1381 830 1460 Faber,
865 1382 898 1445 in
921 1382 980 1462 vl,
1018 1388 1071 1462 17,
1106 1388 1124 1447 6
1153 1383 1217 1448 alii.
1274 1382 1362 1465 (vid.

209 1514 239 1574 p.
267 1496 305 1555 14
328 1491 403 1569 ima,
428 1513 459 1574 p.
487 1494 545 1553 132
569 1489 688 1570 not.)¹)

296 1597 373 1681 Cap.
404 1602 458 1669 30,
494 1602 513 1660 8
542 1597 588 1677 (in
625 1598 774 1661 oratione
804 1597 1000 1663 Hannibalis
1028 1597 1117 1682 apud
1146 1597 1362 1683 Scipionem):

209 1706 271 1770 lta
294 1705 431 1769 aliena
453 1703 685 1786 adpetimus
710 1704 786 1785 (scr.
810 1726 882 1768 cum
908 1706 981 1770 edd.
1000 1705 1297 1789 adpetivimus),
1320 1713 1365 1771 ut

210 1813 256 1876 de
279 1813 438 1876 nostris
461 1812 761 1890 dimicaremus
790 1833 863 1876 nec
890 1813 928 1877 in
952 1813 1076 1877 ltalia
1099 1812 1227 1877 solum
1249 1811 1363 1877 vobis

209 1921 248 1984 in
271 1919 409 1983 Africa
431 1926 557 1999 esset,
592 1919 660 1984 sed
689 1928 728 1984 et
757 1941 823 1984 vos
847 1921 887 1984 in
909 1922 1040 2005 portis
1063 1920 1214 1984 vestris
1238 1940 1363 2003 prope

208 2050 253 2094 ac
275 2028 483 2092 moenibus
507 2028 623 2110 signa
645 2048 833 2111 armaque
856 2027 1032 2093 hostium
1049 2028 1216 2093 vidistis
1234 2032 1273 2090 et
1290 2046 1364 2091 nos

210 2136 257 2200 ab
293 2135 544 2217 Carthagine
585 2135 790 2199 fremitum
830 2143 1058 2199 castrorum
1100 2134 1364 2198 Romanorum

209 2244 456 2309 exaudimus.
508 2243 559 2307 lta
587 2243 621 2307 P.
646 2243 815 2307 Lacunam
841 2240 1048 2306 manifestam
1076 2242 1133 2305 alii
1162 2242 1291 2306 codices
1321 2240 1364 2321 (si

211 2351 307 2415 modo
336 2357 425 2415 recte
449 2351 489 2413 da
512 2352 551 2414 iis
575 2351 719 2430 tacetur)
743 2356 776 2414 et
798 2350 957 2415 editiones
979 2350 1028 2413 ita
1050 2347 1297 2432 suppleverunt,
1327 2355 1365 2413 ut

210 2458 427 2522 scriberetur:
458 2478 529 2521 ucc
551 2458 590 2521 iu
613 2457 739 2522 Italia
762 2456 888 2521 solum
912 2457 1028 2521 vobis
1052 2456 1219 2532 bellum,
1248 2456 1364 2521 nobis

211 2566 249 2630 in
273 2565 412 2629 Africa
434 2572 558 2640 esset,
588 2587 628 2628 ex
651 2585 716 2645 quo
740 2563 869 2644 (audita
891 2562 1024 2648 copula:
1055 2561 1269 2646 uobisque)
1294 2561 1364 2628 effi·

211 2674 296 2737 citur
324 2694 364 2736 ea
392 2673 570 2749 sententia,
605 2672 770 2735 Romanos
805 2693 869 2735 non
904 2670 1011 2736 solum
1045 2672 1078 2735 in
1105 2671 1204 2736 ltalia
1232 2670 1365 2750 alicubi,

211 2779 500 2861 Carthaginienses
533 2779 567 2842 in
601 2776 713 2842 Africa
746 2778 868 2842 bellum
902 2778 1072 2857 habuisse,
1113 2778 1171 2843 scd
1204 2784 1365 2860 utrosque

210 2889 333 2950 circum
357 2887 461 2969 ipsam
485 2886 608 2950 urbem.
659 2886 778 2950 Verum
806 2886 876 2949 haeo
904 2885 1070 2950 subtilitas
1099 2886 1131 2949 in
1161 2885 1364 2969 exquirendo

209 2994 384 3058 intervallo
413 2994 494 3057 nihil
523 2994 565 3058 ad
587 3015 656 3058 rem
678 2994 837 3076 pertinet;
868 2992 901 3056 id
924 2994 1081 3077 pertinet,
1110 3014 1176 3058 non
1199 2993 1365 3057 alteriutri

210 3102 332 3186 populo
362 3101 485 3166 bellum
514 3103 546 3165 in
569 3123 630 3165 sua
652 3109 742 3165 terra
765 3101 939 3180 accidisse,
970 3101 1028 3164 sed
1051 3101 1192 3184 utrique.
1248 3100 1365 3182 Itaque

210 3209 419 3275 scribendum
443 3216 508 3273 est:
537 3230 609 3273 nec
633 3210 673 3273 in
696 3207 822 3273 Italia
846 3207 974 3272 solum
998 3208 1114 3273 vobis
1136 3207 1278 3270 bellu
1302 3212 1366 3269 ut

209 3317 319 3379 nabla
348 3319 386 3382 in
410 3316 551 3381 Africa
579 3322 698 3381 esset.
755 3314 903 3397 [Rectius
926 3316 1193 3396 Wesenbergiua:
1227 3334 1298 3379 nec
1326 3314 1366 3378 in

208 3424 336 3490 Italia
359 3427 487 3489 solum
510 3424 619 3486 nabla
642 3423 782 3486 bellu
807 3429 867 3485 ant
883 3422 1001 3487 vobis
1018 3424 1058 3487 in
1076 3423 1213 3487 Africa
1231 3419 1364 3503 esset]

208 3532 367 3615 Sequitur
395 3532 486 3611 (nam
514 3531 612 3616 plura
639 3530 732 3594 nobis
761 3532 794 3594 in
823 3530 920 3612 longo
948 3530 1010 3594 hoc
1040 3532 1148 3613 capite
1172 3529 1367 3612 attingenda

238 3766 263 3833 ¹)
283 3766 348 3836 Cap.
367 3769 409 3833 23,
432 3769 448 3820 6
467 3765 528 3819 fieri
547 3772 642 3835 potest
660 3770 692 3819 ut
709 3765 809 3818 lacuna
827 3765 867 3818 sic
886 3765 1044 3835 supplenda
1061 3767 1111 3820 sit:
1140 3766 1168 3819 si
1191 3769 1266 3819 ants
1290 3780 1364 3818 con·

277 3852 441 3912 venissel,
477 3867 569 3920 qnam
597 3848 779 3904 Hannibal
811 3854 846 3903 et
872 3849 975 3919 Mago
1009 3869 1050 3904 ex
1077 3850 1188 3905 Italia
1215 3868 1365 3905 revoca·

276 3941 409 3990 rentur.
437 3936 535 4001 (1863.)
572 3935 638 4004 Cap.
658 3937 699 3999 24,
723 3936 752 3988 5:
777 3933 842 3987 Per
864 3934 1086 3989 indutiarum
1110 3941 1249 4005 tompus
1275 3940 1367 3990 etex

277 4020 442 4075 Sardinia
460 4050 493 4060 -
512 4028 654 4076 centum
672 4021 846 4074 onerariae
865 4037 1024 4075 navas—
1039 4027 1074 4075 et
1092 4023 1131 4075 ab
1150 4021 1254 4076 hosta
1272 4026 1307 4075 et
1325 4019 1366 4073 ab

276 4135 310 4145 -
328 4107 611 4175 tempestatibus
637 4106 723 4159 mari
745 4110 825 4160 tuto
848 4107 1198 4160 -transmiserunt
1242 4105 1367 4159 Primum

275 4191 484 4246 attollendum
503 4196 559 4256 eat;
578 4190 648 4244 nihil
668 4191 741 4245 enim
759 4190 904 4260 praecedit,
923 4209 979 4260 quo
997 4190 1143 4245 referatur.
1181 4190 1281 4258 (1868.)
