3060 5272
236 363 299 418 Lrlr.
317 361 404 417 null.
786 351 847 412 302

238 534 344 600 undo
371 536 779 620 speciem'praebeam.
833 534 1018 618 Scripserat
1039 533 1166 598 Livius:
1199 532 1284 597 nisi
1306 553 1396 598 cum

163 677 168 684 ·
237 641 338 724 fugae
361 644 501 726 specie
523 645 749 709 abeundum
772 644 807 707 cl
830 643 1021 721 11111611)

323 749 402 835 Cap.
427 753 478 829 33,
507 757 536 831 5,
557 752 614 817 ubi
636 758 816 817 narrantur
837 750 886 815 ad
908 749 1073 814 Pineum
1094 750 1200 814 —in
1222 747 1398 832 illyrius

151 870 225 938 (248)
242 860 372 941 legati
406 861 519 925 missi
552 861 600 926 ad
634 860 901 944 stipendium,
940 858 1054 922 cuius
1093 857 1182 923 dies
1222 858 1397 936 exierat,

236 967 484 1051 poscendum
518 975 600 1048 aut,
635 970 669 1034 si
703 969 808 1034 diem
835 967 1022 1051 proferre
1049 963 1195 1043 vellet,
1230 963 1396 1030 obsides

238 1076 518 1160 accipiendos,
547 1077 756 1142 manifestum
780 1082 847 1154 est,
877 1074 1088 1140 scribendum
1110 1093 1182 1138 esse
1204 1069 1395 1156 proferri.

236 1183 321 1250 Nam
356 1187 428 1269 ipse
461 1184 592 1250 debitor
619 1185 706 1250 diem
734 1183 882 1268 prolerre
910 1205 976 1248 non
1003 1188 1153 1266 poterat,
1187 1179 1247 1246 sed
1274 1199 1394 1264 rogare

237 1298 380 1372 tantum,
412 1299 450 1357 ut
472 1313 493 1357 a
516 1294 680 1359 creditore
707 1292 921 1377 proferretur.
977 1290 1088 1356 Mendi
1117 1309 1220 1373 genus
1247 1287 1393 1354 breviter

236 1402 349 1466 notavi
370 1423 402 1483 p.
427 1404 467 1463 38
489 1407 557 1465 not.
582 1406 610 1465 1.
657 1402 720 1468 Sed
744 1401 841 1466 simul
862 1401 897 1464 in
919 1400 968 1478 iis,
991 1419 1064 1482 quae
1088 1402 1272 1482 sequuntur
1294 1394 1391 1476 (nul-

236 1509 317 1574 lius
344 1529 513 1591 usquam
540 1515 742 1574 terrarum
770 1510 829 1574 rei
859 1527 954 1572 cura
983 1507 1202 1583 Romanos,
1231 1524 1279 1569 ne
1306 1503 1398 1568 lon·

237 1618 389 1700 ginqua
427 1616 601 1699 quidem,
647 1617 910 1700 effugiebat),
956 1611 1393 1679 necessaric‘acribendum

236 1723 469 1805 longinquae
497 1730 531 1788 et
558 1732 694 1807 propter
721 1726 918 1789 sententiam
942 1723 1031 1802 (nam
1053 1743 1107 1786 rea
1128 1720 1310 1802 longinqua
1331 1725 1392 1796 est,

236 1852 302 1897 non
321 1830 414 1912 cura)
433 1838 467 1895 et
483 1831 573 1912 quod
590 1832 706 1896 hoc-
718 1854 763 1897 ne
783 1832 940 1915 quidem
959 1829 1193 1914 superadditur
1208 1827 1289 1892 illis:
1313 1824 1398 1891 uul-

236 1937 317 2003 lius
345 1959 512 2022 usquam
539 1946 742 2005 terrarum
772 1942 842 2004 rei.
868 1938 906 2021 [C
930 1939 1171 2020 longinque3
1205 1941 1396 2000 correxerat

236 2047 301 2112 iam
326 2045 565 2129 Rupertius.]²)

322 2154 418 2238 *Cap
444 2162 498 2234 34,
536 2161 570 2220 11
606 2156 654 2237 (in
689 2155 726 2233 Q.
756 2156 857 2221 Baebii
885 2155 1043 2220 Herennii
1071 2161 1114 2218 tr.
1138 2152 1182 2236 pl.
1206 2149 1387 2229 orationa):

237 2259 491 2327 consulatum
519 2299 562 2310 -
584 2265 778 2348 populum
799 2265 1056 2328 -daturum
1085 2263 1134 2341 ei,
1169 2261 1238 2345 qui
1266 2258 1393 2342 magis

237 2389 329 2433 vere
351 2372 512 2437 vincere
536 2394 652 2455 quam
675 2373 743 2437 diu
766 2373 969 2456 imperare
992 2370 1119 2435 malit.
1164 2369 1319 2434 Mundum
1342 2388 1397 2432 ar·

237 2478 308 2558 guit
339 2500 406 2543 non
440 2479 544 2544 solum
578 2482 705 2564 magis
740 2480 861 2545 malle
896 2480 1030 2559 (dicitur
1064 2477 1231 2543 interdum
1258 2476 1397 2559 potius

236 2585 374 2662 malle,
403 2608 463 2652 nec
492 2595 602 2652 tamen
630 2596 754 2653 temere
783 2591 818 2652 in
840 2595 908 2653 tam
931 2587 1022 2651 brevi
1044 2607 1083 2650 ac
1104 2586 1195 2651 facili
1217 2583 1395 2650 verborum

238 2692 440 2775 complexu),
480 2696 537 2760 sed
571 2696 673 2761 multo
711 2697 814 2779 magis
849 2716 942 2760 vere
971 2696 1134 2759 vincere
1163 2694 1210 2758 sic
1238 2692 1395 2776 positum,

238 2801 332 2882 quasi
356 2822 395 2865 ex
418 2802 556 2868 adverso
579 2807 744 2887 cogitetur
766 2804 911 2868 victoriae
935 2803 1075 2886 species,
1110 2823 1173 2866 nec
1200 2800 1267 2865 ullo
1297 2799 1413 2864 modo'

251 2952 467 2965 -ξ-

267 3020 293 3084 ¹)
312 3019 403 3088 [Quod
427 3023 602 3077 Woelfflinus
633 3024 734 3078 edidit:
762 3025 795 3077 ni
824 3023 891 3078 sibi
922 3040 996 3076 cum
1024 3021 1112 3090 fugae
1136 3021 1254 3092 specie
1276 3021 1399 3074 abeun-

308 3106 383 3160 dum
408 3110 601 3177 timuisset,
626 3127 728 3177 neque,
752 3111 827 3178 quod
850 3110 957 3162 timeo
981 3106 1151 3161 iacturum
1176 3106 1328 3174 aliquem
1350 3103 1397 3158 Li·

306 3192 368 3244 vius
396 3193 482 3261 dixit,
516 3195 652 3263 sequitur,
683 3195 787 3248 dixisse
816 3195 900 3249 etiam
928 3194 1033 3247 timeo
1062 3191 1274 3259 laciendum,
1303 3205 1396 3259 neque

192 3299 194 3303 ’
307 3277 426 3333 timebat
443 3279 599 3346 Hannibal,
622 3298 658 3333 ns
682 3281 734 3334 sibi
754 3297 817 3333 cum
836 3279 910 3348 fugas
929 3279 1021 3347 specie
1040 3277 1216 3346 (aliquando)
1234 3274 1393 3330 abeundum

308 3370 389 3430 esset,
409 3363 459 3420 sed
477 3383 513 3418 ns
530 3383 605 3421 nunc
624 3383 688 3421 cum
706 3381 740 3419 ea
757 3366 851 3434 spacia
870 3362 981 3431 abiret]

266 3447 294 3513 ¹)
313 3448 364 3517 [De
383 3448 399 3517 ξ
417 3453 434 3504 2
451 3449 534 3505 huius
552 3451 655 3520 capitis
673 3467 757 3519 quam
775 3467 924 3520 posueram
942 3449 1137 3519 suspicionem,
1156 3446 1257 3502 sustuli
1275 3462 1299 3498 a
1320 3445 1396 3511 1862,

308 3551 437 3589 assensus
463 3536 595 3605 Ussingio
623 3535 775 3605 significari
802 3552 910 3601 servos,
942 3535 990 3603 qui
1023 3532 1230 3603 consequendas
1256 3529 1395 3584 libertatis

308 3635 392 3673 causa
419 3638 448 3674 se
474 3620 666 3676 fraudulenter
691 3621 829 3676 militibus
857 3625 1061 3675 sacramentnm
1088 3618 1248 3673 dicentibus
1274 3621 1304 3671 et
1329 3631 1394 3669 cou-

308 3705 466 3759 inrantibus
483 3707 714 3773 immiscuissent,
741 3690 928 3776 quod'genus
952 3705 1058 3759 fraudis
1082 3705 1167 3759 etiam
1191 3704 1393 3772 imperatorum

309 3796 436 3859 tempora
460 3792 582 3860 capitale
606 3791 659 3845 luit
681 3792 762 3860 (Plin.
781 3792 872 3861 Epist.
891 3790 929 3857 X,
953 3793 987 3844 29
1004 3788 1082 3858 [38]).
1122 3789 1164 3842 De
1187 3785 1396 3844 coniurandi

309 3877 396 3930 verbo
418 3876 448 3929 in
472 3875 526 3929 hac
543 3895 573 3930 re
592 3876 641 3930 cir.
660 3894 682 3931 c.
702 3879 745 3944 38,
763 3880 788 3944 3,
808 3876 876 3931 Gaas.
895 3877 925 3929 Β.
944 3875 975 3928 G.
994 3874 1058 3942 vn,
1079 3879 1100 3927 1.
1141 3874 1283 3928 Dilectum
1300 3874 1330 3927 in
1348 3871 1397 3926 Ca·

309 3960 409 4030 pitolio
439 3961 536 4015 haberi
560 3962 686 4029 solitum,
714 3966 829 4016 constat
852 3980 867 4017 6
889 3961 950 4015 Liv.
969 3960 1076 4027 xxvl,
1103 3963 1135 4015 31
1159 3965 1227 4014 extr.
1246 3964 1277 4014 st
1299 3956 1396 4026 Polyb.

309 4045 358 4112 VI,
379 4047 423 4112 19;
447 4047 605 4101 coniuratio
628 4053 722 4101 tamen
740 4048 895 4101 inventutis
913 4048 941 4103 in
960 4064 1060 4116 campo
1079 4046 1181 4100 Martio
1199 4044 1261 4098 fieri
1277 4048 1397 4114 potarat

310 4130 405 4200 Ipsum
432 4130 566 4187 dilectum
589 4132 720 4187 interiore
745 4138 830 4188 aetate
852 4133 893 4187 ibi
914 4132 1055 4199 habitum,
1078 4131 1169 4185 Varro
1193 4129 1226 4185 R.
1248 4130 1281 4185 R„
1304 4128 1357 4196 111,
1381 4130 1398 4181 2

311 4214 470 4285 significare
494 4218 619 4285 videtur,
641 4219 696 4272 nisi
719 4219 760 4271 ibi
783 4235 837 4287 pro
863 4217 902 4270 ad
926 4217 1095 4272 dilectum
1117 4213 1297 4270 scribendum
1319 4217 1398 4268 esta

312 4298 463 4368 dilectu]
