3008 4756
688 362 750 423 213
1167 374 1230 428 Lib.
1248 372 1296 427 IX.

143 567 258 629 quam
289 553 439 630 aperta
468 539 572 626 a'cie,
605 580 649 592 -
675 535 973 624 laboravim'ns3
1008 546 1201 627 equitem,
1235 566 1297 611 sa·

143 656 272 737 gittas
296 659 357 719 cet.
402 653 533 736 Equitis
561 655 686 719 mentio
715 655 825 736 priore
853 653 926 718 loco
950 654 1088 718 accessit
1111 653 1153 718 ab
1178 653 1299 736 aliquo,

143 764 196 826 oui
224 783 342 845 parum
369 763 475 826 visum
503 766 555 827 est
576 763 743 827 Romanos
771 762 877 826 altero
901 761 1010 843 (longe
1038 760 1184 844 potiore)
1208 781 1298 824 exer·

142 870 228 934 citus
257 889 376 951 genere
405 869 544 935 invictos
572 868 645 933 dici.
702 868 837 949 (Parum
870 868 1042 952 probabile
1071 875 1136 947 est,
1170 867 1298 932 livium

143 978 330 1060 scripsisse:
359 977 569 1059 Nunquam
592 997 613 1041 a
634 976 772 1060 pedite
794 976 928 1056 hoste,
960 975 1092 1055 deinde,
1120 975 1298 1059 praeposito

141 1086 199 1150 illo
227 1105 427 1167 nunquam
450 1084 498 1149 ab
521 1085 674 1166 equite,
707 1089 888 1148 retractum
911 1104 950 1149 eo
974 1104 1045 1148 esse
1068 1083 1197 1148 hoste.
1251 1082 1295 1146 Et
1312 1102 1385 1167 (180)

142 1214 277 1276 prorsus
301 1192 451 1257 abundat
472 1188 615 1270 hoste.)
637 1225 681 1234 —
710 1189 868 1273 Superest
890 1191 924 1254 in
945 1190 1054 1255 medio
1080 1189 1187 1273 capite
1210 1210 1299 1254 men-

143 1301 220 1365 dum
244 1299 385 1365 obscuro
408 1297 529 1363 codicis
552 1298 696 1361 omnium
720 1299 835 1380 optimi
852 1298 974 1362 indicio
992 1296 1183 1363 tollendum.
1215 1296 1300 1361 Nam

143 1407 160 1489 ἓ
190 1412 208 1471 7
243 1407 291 1472 sio
320 1406 445 1469 editur:
491 1406 607 1469 Arma
636 1405 793 1488 clipeus
823 1405 1047 1488 sarisaeque
1082 1403 1188 1483 illis,
1222 1405 1297 1469 Ro-

142 1536 256 1579 mano
288 1518 461 1589 scutum,
491 1513 622 1576 maius
646 1513 835 1594 corporis
858 1517 1148 1596 tegumentum,
1178 1519 1216 1576 et
1238 1512 1299 1595 pi·

141 1622 225 1685 lum
254 1627 314 1685 cet.
372 1619 517 1685 Offendit
549 1621 584 1683 in
615 1619 725 1702 priore
760 1619 906 1684 membro
934 1619 1143 1702 inequalitas
1172 1619 1299 1682 numeri

143 1728 314 1811 (clipeus
338 1726 583 1809 sarisaeque),
612 1746 650 1791 co
674 1727 807 1809 quidem
824 1727 937 1808 magis,
962 1726 1052 1808 quod
1076 1727 1299 1809 sarisaeque

143 1841 258 1918 aptum
286 1841 337 1900 est
363 1834 485 1919 plurali
513 1834 616 1912 illis,
648 1840 764 1899 contra
787 1841 962 1914 scutum,
981 1835 1116 1918 ,pilum
1140 1833 1298 1916 singulari

143 1943 328 2007 Romano.
373 1943 592 2007 Attendamus
615 1942 730 2024 igitur,
758 1941 793 2006 in
815 1936 850 2005 M
873 1942 972 2006 scribi
995 1961 1104 2007 arma
1127 1941 1299 2006 cluisset

143 2069 252 2114 arma
280 2050 455 2114 cluisset
483 2051 706 2132 sariscque.
758 2048 796 2112 In
825 2069 865 2113 ea
894 2050 1073 2132 scriptura,
1102 2048 1222 2113 vitiosa
1244 2069 1298 2130 ge-

142 2157 321 2222 minatione
345 2156 484 2235 sublata,
507 2158 607 2221 inest:
636 2177 745 2221 arma
768 2155 895 2235 clupei
918 2161 1048 2218 essent
1070 2156 1297 2236 sarisaeque

142 2264 247 2343 illis,
292 2265 468 2329 Romano
507 2270 585 2342 cet,
631 2269 763 2328 servata
796 2283 837 2327 ea
870 2264 1028 2329 orationis
1063 2261 1298 2327 condicionalis

144 2370 264 2450 forma,
298 2392 371 2454 quae
404 2372 438 2434 in
471 2372 588 2436 ceteris
623 2378 688 2449 est,
726 2369 984 2453 imperfectoque
1013 2376 1176 2454 tempore,
1210 2368 1300 2451 quod

145 2480 293 2562 proxime
315 2478 472 2561 praecedit
490 2476 805 2559 (traheret—ad
827 2476 1299 2560 manum-supplemen-

144 2592 226 2650 tum
249 2586 382 2667 esset).
428 2584 523 2666 (1861
548 2585 748 2667 et1875.)¹)

232 2691 311 2775 Cap.
335 2697 385 2773 26,
414 2697 432 2756 7
456 2693 526 2775 (ubi
550 2694 659 2776 agitur
682 2694 722 2758 dc
746 2693 886 2759 occultis
908 2693 1093 2776 principum
1116 2691 1299 2776 Campano·

144 2821 218 2864 rum
242 2800 524 2866 coniurationibus
554 2806 587 2866 et
609 2799 643 2864 C.
667 2801 784 2867 Maenio
814 2801 856 2865 ob
885 2821 958 2865 eam
981 2820 1114 2865 causam
1137 2801 1299 2866 dictatore

147 2907 268 2988 dict0):
298 2907 444 2989 Ingens
474 2914 562 2972 crat
584 2909 861 2990 magistratus
884 2909 973 2972 eius
996 2907 1198 2989 (dictaturae)
1221 2914 1298 2972 ter-

145 3035 227 3093 ror3
261 3015 400 3097 itaque
436 3013 519 3076 sive
555 3014 675 3078 timor
702 3035 770 3079 seu
799 3016 1068 3081 conscientia
1096 3017 1154 3080 vis
1183 3013 1299 3080 Cala·

144 3120 234 3184 vios
268 3119 409 3184 Ovium
440 3119 689 3202 Noviumque
723 3120 782 3200 (ea
821 3122 962 3204 capita
995 3122 1299 3187 coniurationis

146 3225 348 3306 fuerant),
387 3226 627 3308 priusquam
665 3228 973 3292 nominarentur
1019 3228 1130 3310 apud
1169 3227 1299 3292 dicta·

147 3339 291 3410 torem,
321 3353 426 3398 mors
453 3331 560 3398 haud
587 3332 705 3398 dubie
734 3333 781 3399 ab
803 3334 909 3416 ipsis
932 3335 1118 3400 conscita
1140 3332 1299 3398 iudicio

149 3438 372 3506 subtraxit.
424 3439 535 3505 Sensit
558 3440 756 3520 Gronovius,
784 3441 989 3506 incommode
1017 3448 1051 3507 et
1073 3462 1174 3524 prave
1196 3442 1300 3506 nomi·

147 3548 267 3612 nativis
289 3548 370 3612 illis:
393 3547 850 3613 timor-conscientia
872 3550 934 3613 vis
957 3548 1159 3633 supperaddi
1182 3547 1300 3614 deinde

148 3653 265 3718 alium:
299 3674 420 3735 mors,
453 3677 530 3720 nam
564 3656 592 3721 si
609 3654 735 3720 -Livius
769 3655 853 3720 duas
885 3655 960 3721 illas
988 3662 1147 3739 tanquam
1175 3657 1300 3740 species

149 3764 315 3827 communi
337 3765 452 3829 mortis
474 3764 605 3829 nomine
623 3785 682 3846 per
700 3765 940 3847 appositionem
957 3764 1070 3830 addito
1088 3764 1300 3847 comprehen·
1378 3814 1381 3821 .

179 4030 202 4097 ¹)
221 4029 286 4100 Cap.
307 4033 348 4097 22,
369 4034 385 4085 8
403 4049 520 4101 prorsus
539 4034 653 4103 defugio
671 4035 873 4101 testimonium,
891 4034 928 4088 ad
946 4033 1021 4102 quod
1040 4052 1056 4088 a
1074 4035 1301 4091 Weissenbornio

218 4117 300 4181 citor,
320 4115 548 4186 Gronoviumque
567 4136 669 4187 sequor
688 4120 870 4173 scribentem:
894 4119 927 4172 id
946 4119 1075 4174 bellum
1093 4126 1226 4176 tantum
1245 4121 1302 4174 du·

223 4219 314 4265 ccrc;
333 4203 450 4256 alterum
469 4221 503 4257 ne
523 4204 648 4256 umbram
668 4204 781 4271 quidem
798 4219 872 4256 verse
892 4205 1037 4259 sententiae
1055 4205 1149 4260 habet.
