3060 5272
241 387 304 444 Lib.
321 386 412 444 xm.
783 375 845 437 662

239 560 437 627 adversus
459 561 688 627 instructos
706 564 745 625 et
762 566 1017 644 praeparatos
1037 568 1154 627 erant
1170 533 1391 648 adventuri

240 669 326 753 (cod.
348 667 598 751 adventura).
644 668 765 751 Magna
787 673 838 733 est
859 667 894 732 in
914 689 951 734 re
972 667 1063 735 facili
1086 676 1119 737 et
1141 677 1266 756 aperta,
1289 670 1318 735 si
1340 675 1392 737 at·

239 777 369 857 tendas,
402 778 573 844 sententia
607 777 822 861 perversitas3
852 797 928 841 nam
956 783 994 842 ut
1020 798 1107 843 nuno
1130 779 1236 845 oratio
1259 775 1392 844 confor-

240 892 332 951 mata
364 892 416 951 est
448 885 541 970 (qua
573 920 616 932 -
648 883 763 966 acta),
786 884 931 968 phalanx
959 885 1056 951 simul
1085 892 1120 952 et
1141 887 1261 966 serius,
1291 906 1393 971 quam

237 1014 291 1060 res
313 993 539 1077 postulaverit,
562 1000 596 1059 et
617 994 739 1077 raptim
762 999 837 1059 acta
854 992 983 1074 dieitur,
1005 1015 1078 1079 quae
1095 1000 1283 1079 repugnant
1303 994 1392 1060 inter

239 1123 291 1183 se;
322 1103 520 1185 omninoque
542 1123 609 1167 non
631 1122 704 1169 sero
727 1101 839 1185 agitur
860 1122 993 1185 agmen,
1017 1100 1077 1168 sed
1098 1102 1197 1168 lente.
1242 1101 1392 1186 Apparet

239 1209 299 1276 illa
322 1211 462 1290 serius,
486 1229 601 1293 quam
623 1232 649 1275 r.
673 1216 776 1294 post.
799 1230 864 1275 non
887 1209 929 1275 ad
951 1210 1017 1275 iter
1039 1208 1168 1292 (acta),
1192 1208 1249 1275 sed
1266 1208 1310 1276 ad
1334 1208 1393 1274 ad·

238 1325 371 1384 ventum
394 1316 646 1400 (adventuri)
669 1319 833 1402 pertinere
857 1324 892 1384 et
914 1319 1066 1402 coniungi
1089 1338 1163 1384 oum
1185 1317 1320 1384 alterius
1342 1317 1392 1382 in·
1466 1400 1469 1405 Ι

239 1426 403 1493 commodi
420 1425 659 1510 significatione
682 1426 861 1507 (turbati
884 1447 911 1491 o.
931 1425 1013 1490 adv.
1031 1424 1292 1507 instructos),
1314 1444 1393 1492 nam

239 1534 384 1619 phalanx
406 1543 440 1601 et
462 1536 566 1600 serius
589 1540 623 1600 et
644 1533 779 1600 turbata
801 1534 926 1618 proelio
951 1554 1129 1599 occursura
1150 1532 1286 1615 dieitur,
1307 1532 1392 1599 illud

240 1644 387 1727 raptim
420 1648 513 1709 acta
546 1645 594 1708 ita
624 1643 860 1727 interponitur,
894 1649 932 1707 ut
964 1663 1097 1708 causam
1130 1641 1391 1726 perturbationis

154 1757 225 1826 (549)
243 1752 420 1817 contineat.
464 1741 579 1834 Itaque
607 1751 794 1817 necessario
829 1772 910 1834 quae
933 1750 1143 1817 scribendum
1166 1756 1287 1829 estet,
1311 1769 1392 1832 quo-

237 1859 326 1924 niam
359 1858 542 1939 durissime,
576 1861 759 1944 praesertim
791 1860 989 1944 interposito
1024 1866 1133 1937 acta,
1167 1858 1211 1923 ad
1243 1855 1392 1941 singulos

239 1966 412 2048 (turbati
433 2003 477 2012 —
499 1967 631 2050 erant)
653 1969 815 2034 transitur
837 1975 870 2033 et
891 1968 926 2033 in
948 1969 1021 2052 ipso
1041 1966 1155 2034 oodioe
1173 1974 1224 2033 est
1246 1965 1392 2031 adven·

238 2081 344 2155 tura,
368 2075 411 2141 ad
433 2075 502 2142 bac
525 2078 626 2143 etiam
649 2075 928 2143 accommodanda
955 2074 1126 2140 turbata
1154 2081 1188 2140 et
1215 2078 1320 2153 erat,
1354 2080 1393 2138 ut

238 2183 308 2251 baeo
341 2186 385 2250 sit
416 2186 519 2251 totius
551 2185 616 2250 loci
637 2183 759 2251 forma:
795 2204 872 2264 qua
905 2191 945 2249 et
979 2184 1130 2263 serius,
1165 2203 1195 2264 q.
1219 2203 1246 2247 r.
1269 2204 1310 2265 p,
1335 2186 1390 2262 et,

238 2295 391 2378 raptim
423 2301 531 2374 acta,
564 2294 718 2357 turbata
751 2314 867 2360 cursu
901 2291 983 2358 adv.
1017 2293 1137 2357 instr.
1167 2297 1207 2366 et
1228 2312 1282 2375 pr.
1307 2297 1392 2353 erat

239 2400 475 2468 adventura.
519 2401 609 2466 Infra
642 2400 701 2484 §8
736 2400 944 2466 scribendum
979 2421 1050 2466 esse
1078 2401 1236 2464 intrare
1265 2418 1392 2481 angu-

239 2510 344 2575 stias
367 2508 451 2591 (cod.
475 2510 649 2589 introre,
674 2509 746 2575 edd.
770 2506 969 2588 introire),
993 2505 1061 2572 dixi
1084 2514 1161 2572 ante
1185 2506 1314 2590 aliquot
1337 2527 1395 2571 an·

238 2637 314 2696 nos3
337 2638 413 2682 nam
434 2618 614 2683 introire
643 2638 716 2682 oum
739 2616 927 2682 accusativo
951 2636 1016 2681 non
1038 2616 1141 2698 magis
1164 2615 1274 2681 Livius
1298 2635 1397 2697 quam

241 2721 357 2789 Cicero
381 2723 472 2789 dicit.

193 2822 196 2828 ’
325 2830 403 2916 Cap.
428 2835 478 2912 67,
501 2835 535 2896 8;
565 2830 703 2912 (Consul
736 2831 771 2896 P.
801 2831 946 2898 Licinius
975 2831 1104 2914 Larisa)
1132 2832 1305 2897 Eumene
1334 2838 1396 2897 at·

239 2961 315 3025 que
339 2940 480 3007 Attalo
503 2939 660 3006 domum
682 2940 884 3019 remissis,
907 2939 1162 3025 Misagenem
1184 2938 1396 3004 Numidas·

240 3069 316 3132 que
351 3050 390 3114 in
429 3049 603 3116 hiberna
641 3050 680 3114 in
718 3049 921 3133 proximis
963 3048 1178 3114 Thessalis
1218 3046 1395 3113 urbibus

244 3155 477 3223 distribuit·
522 3158 684 3224 Vitiosum
717 3162 768 3223 est
802 3157 1053 3225 distribuere
1087 3157 1327 3249 inhiberna
1356 3157 1396 3221 in
1470 3179 1474 3186 ·

239 3264 412 3333 urbibus
436 3266 510 3352 (pro
528 3288 577 3347 eo,
602 3265 691 3350 quod
711 3272 762 3331 est
778 3265 817 3329 in
840 3265 995 3347 nrbes),
1019 3266 1122 3332 codex
1139 3263 1256 3331 babet:
1280 3264 1397 3330 misa-

241 3373 603 3460 ohinnumidisque
636 3373 809 3440 hiberna
841 3375 882 3439 in
915 3375 1125 3458 proxumis
1148 3380 1221 3452 oet,
1244 3371 1307 3438 hoo
1331 3379 1395 3438 est:

240 3481 443 3566 Misageni
465 3482 736 3566 Numidisque
759 3482 934 3547 hiberna
961 3484 1000 3547 in
1023 3481 1219 3565 proximis
1242 3479 1307 3545 Th.
1331 3502 1396 3545 ur·
1426 3552 1429 3556 ,

240 3589 362 3656 bibus
386 3590 616 3657 distribuit.
663 3589 785 3675 [Soribi
808 3597 953 3674 oportet:
988 3592 1027 3654 in
1055 3590 1255 3674 proximis
1278 3587 1397 3654 Thes·

240 3699 354 3765 salire
394 3697 456 3781 (sio
500 3700 566 3764 iam
609 3701 644 3764 in
678 3699 822 3765 editione
863 3696 1022 3781 Creverii)
1061 3697 1248 3777 urbibus,
1287 3704 1327 3762 ut
1364 3702 1398 3763 et

243 3807 365 3893 duplex
408 3807 605 3874 adieetivum
649 3814 682 3873 et
725 3807 856 3891 poetica
900 3806 975 3887 (nisi
1020 3807 1078 3872 ubi
1123 3806 1163 3872 de
1207 3804 1396 3871 hominibus

241 3916 366 4001 agitur)
401 3915 555 3982 adjectivi
581 3916 688 3982 forma
714 3916 844 3980 vitetur.
887 3914 994 3998 1876]
1038 3914 1143 3980 Paulo
1176 3919 1253 3998 post
1286 3910 1317 3996 (ᾗ
1372 3911 1395 3994 ),

242 4027 398 4109 quoniam
441 4026 476 4091 in
521 4023 633 4091 codice
684 4029 748 4089 est:
793 4024 980 4090 Antrona
1029 4022 1247 4089 voluntate
1291 4041 1396 4086 mco-

242 4131 414 4199 lentium
445 4134 616 4217 recepit,
640 4131 836 4198 scribemus:
870 4133 1089 4198 voluntate
1111 4129 1394 4195 incolentium.

244 4239 414 4307 Postremo
438 4239 454 4325 ἓ
480 4245 516 4305 ll
541 4240 721 4307 tollendum
751 4262 789 4306 ex
824 4241 1013 4307 narratione
1041 4240 1145 4323 ipsius
1175 4239 1282 4304 eventi
1305 4239 1397 4324 plus-
