3060 5272
714 843 755 907 99
1180 861 1242 916 nis.
1261 861 1310 916 111.

152 1027 310 1107 reddere,
350 1026 626 1113 quemadmodum
670 1026 798 1107 tabula,
842 1050 1053 1113 responsum,
1098 1033 1311 1114 consuetudo,

154 1144 283 1203 veteres
304 1141 394 1202 artes
415 1134 530 1200 referri
553 1134 717 1200 dicuntur.
762 1135 826 1202 Sed
849 1157 889 1201 ea
911 1135 1106 1221 significatio
1128 1161 1194 1204 non
1217 1140 1311 1206 16116

156 1251 236 1329 apta
257 1250 323 1324 est,
356 1242 533 1308 ridendum
561 1243 679 1326 igitur,
712 1264 754 1309 ne
776 1243 887 1310 Livius
916 1242 1104 1328 perferes
1132 1247 1312 1331 scripserit,

156 1350 431 1435 quemadmodum
452 1349 506 1416 lex
528 1349 701 1434 perfertur.
746 1350 904 1434 (leci.)¹)

242 1457 320 1544 Cap.
335 1461 386 1538 50,
412 1462 451 1522 10
474 1456 546 1539 (ubi
569 1457 754 1542 detegatis
777 1460 896 1542 agitur,
919 1461 976 1543 qui
998 1468 1074 1544 post
1097 1461 1219 1526 caedem
1231 1462 1311 1529 Ver·

154 1568 249 1652 giniae
283 1588 323 1632 ex
356 1565 437 1632 urbe
471 1567 504 1630 in
534 1573 647 1631 castra
675 1565 860 1648 venerant):
896 1567 1033 1633 eadem
1066 1568 1141 1634 illa
1169 1568 1255 1652 (quse
1278 1572 1313 1635 in

154 1675 236 1741 urbe
257 1670 474 1755 accidissent)
502 1673 709 1756 querendo
733 1673 1017 1759 docendoque,
1047 1683 1201 1758 quanto
1224 1679 1313 1744 visa

153 1803 270 1868 quam
310 1782 456 1848 audita
489 1781 726 1865 indigniora
758 1784 975 1866 potuerint
1007 1783 1145 1849 videri.
1203 1783 1312 1861 Quum

152 1912 223 1955 rem
244 1898 407 1968 atrocem,
442 1890 494 1953 cui
516 1889 580 1972 ipsi
602 1888 822 1970 interfuimus,
845 1889 919 1954 ahie
942 1912 1123 1970 narramus,
1158 1892 1313 1958 docemus

154 2020 227 2062 eam
258 1996 361 2063 oculis
390 1996 573 2062 subiectam
596 2017 695 2079 quam
717 1997 866 2062 auditam
887 1997 1106 2081 indigniorem
1129 2008 1188 2063 eut
1211 2001 1313 2065 visam

155 2127 228 2171 esse
251 2110 309 2170 eut
330 2125 463 2170 necesse
486 2104 589 2171 fuisse
610 2103 732 2184 rideri,
752 2105 943 2188 potuisse
966 2105 1331 2190 111611111191161611,Ι

154 2212 234 2278 nihil
256 2219 318 2292 est,
348 2212 436 2294 quod
459 2212 647 2292 doceamus,
670 2213 827 2294 quoniam
849 2212 883 2277 id
906 2212 1041 2277 adrem
1063 2212 1145 2278 nihil
1168 2217 1313 2298 pertinet

153 2330 187 2386 et
220 2342 279 2405 per
313 2342 349 2385 se
383 2320 596 2405 intellegitur.
653 2319 768 2402 Itaque
797 2319 977 2385 absurdum
1006 2327 1056 2385 est
1084 2324 1306 2404 potuerint,
1326 2332 1379 2401 (82)

153 2428 241 2513 quod
269 2449 371 2511 quum
392 2427 680 2494 Weissenbomius
710 2428 823 2512 eliqua
851 2448 891 2491 ex
919 2436 1013 2512 parte
1042 2431 1194 2508 sentiret,
1223 2431 1311 2508 lecit,

152 2535 239 2619 quod
272 2537 409 2620 sapius,
443 2555 542 2618 quam
575 2534 707 2615 vellem,
742 2537 776 2599 in
809 2534 933 2601 talibus
968 2533 1063 2615 facit,
1097 2543 1135 2601 ut
1170 2537 1313 2603 occultet

154 2641 383 2708 difficultatem
423 2643 644 2709 enarrationis
685 2642 797 2727 aliqua
831 2644 957 2727 specie,
999 2644 1080 2707 locis
1115 2642 1313 2725 quibusdam

153 2752 248 2834 quasi
281 2751 444 2820 similibus
473 2750 667 2835 adscriptis,
701 2751 735 2814 in
763 2750 897 2832 quibus,
932 2752 959 2815 si
988 2750 1176 2833 diligentius
1204 2757 1312 2816 atten-

157 2859 258 2939 deris,
285 2857 369 2924 nihil
392 2864 442 2923 est
466 2856 581 2922 simile.
632 2857 718 2922 Nam
747 2859 962 2940 potuerint
989 2858 1243 2942 interpretatur:
1278 2879 1313 2924 es

155 2967 238 3050 liege
267 2967 301 3031 in
331 2964 390 3029 der
411 2962 520 3029 Natur
543 2965 602 3030 der
624 2963 745 3044 Saohe;
773 2967 867 3048 atqui
890 2965 1082 3030 vertendum
1106 2965 1201 3048 plene
1225 2972 1312 3031 erat:

73 3099 76 3103 ·
156 3096 190 3139 es
211 3073 296 3155 liege
318 3074 352 3137 in
375 3072 434 3137 der
455 3071 563 3137 Natur
586 3072 645 3136 der
668 3071 784 3149 Sacbe,
808 3072 887 3137 dess
911 3095 945 3137 es
969 3073 1120 3138 habe-
1142 3072 1311 3153 konnen,

155 3181 242 3264 quod
281 3179 457 3244 ridiculum
495 3187 561 3245 est:
600 3182 778 3264 requiritur
820 3182 920 3244 enim:
961 3179 1038 3245 dass
1078 3202 1113 3245 es
1151 3181 1237 3246 habe
1269 3216 1312 3225 —

155 3293 324 3354 miissen.
381 3285 476 3363 Quod
500 3295 610 3351 autem
634 3294 805 3371 comparat
827 3287 867 3366 lI,
895 3292 941 3366 16,
972 3292 1005 3351 6;
1041 3296 1083 3352 11
1112 3289 1177 3353 diu
1206 3289 1312 3353 nihil

156 3396 245 3461 inde
276 3395 529 3462 rebellionis
557 3397 703 3459 timere
732 3403 916 3480 possent,
947 3395 980 3459 id
1010 3395 1095 3460 hanc
1117 3395 1218 3462 habet
1240 3418 1312 3462 sen·

155 3505 305 3569 tentiam:
331 3511 368 3568 ut
390 3503 537 3567 liceret
561 3501 616 3566 diu
639 3502 827 3567 rebellionis
851 3511 940 3568 metu
965 3504 1189 3587 supersedere.
1223 3503 1313 3569 Nihil

155 3613 256 3696 igitur
294 3612 328 3675 in
368 3631 406 3676 eo
445 3610 518 3675 loco
551 3610 651 3674 buius
685 3611 809 3690 simile;
850 3611 979 3695 reliqua
1018 3633 1083 3676 non
1122 3633 1311 3696 persequor.

157 3717 297 3803 Scripsit
325 3718 452 3783 Livius:
488 3723 640 3802 quanto
667 3754 709 3763 -
732 3719 968 3800 indigniore
1002 3718 1223 3798 oportuerit
1254 3721 1312 3783 vi·

186 3945 207 4010 ¹)
227 3945 291 4015 Cep.
319 3948 365 4012 u,
396 3946 414 3997 8
442 3948 519 3998 recte
546 3943 734 4012 ingerslevius
767 3943 926 3997 orationem
950 3943 991 3996 sic
1013 3942 1176 4010 descripsit:
1205 3941 1314 3996 Vocet

223 4030 374 4100 puellam
392 4029 426 4083 in
444 4028 503 4082 ius.
543 4028 763 4094 Auctoribus,
789 4029 845 4096 qui
869 4027 1025 4094 6161611,
1049 4031 1086 4081 11
1103 4033 1312 4095 sequeretur,

224 4114 264 4168 ed
282 4114 440 4169 tribunal
463 4112 567 4183 Appii
596 4119 797 4182 perventum
823 4117 881 4166 est.
924 4111 1056 4167 Postulat
1081 4116 1216 4178 assertor,
1243 4128 1310 4166 con·

224 4199 390 4256 cedentibus
414 4198 582 4255 61161661116
606 4197 651 4266 fit,
675 4198 752 4268 quod
770 4198 935 4267 postularat
977 4195 1042 4267 Cep.
1061 4199 1104 4264 49,
1122 4198 1139 4251 6
1157 4196 1235 4266 quod
1252 4197 1313 4265 ipse

224 4284 405 4341 scribendum
431 4285 620 4340 conieceram:
648 4284 815 4353 Agitatus
839 4283 963 4338 deinde
987 4283 1159 4349 consiliis,
1187 4283 1222 4336 11
1250 4296 1313 4350 qua

225 4389 264 4426 ex
293 4370 387 4424 omni
412 4374 512 4441 perte
535 4368 764 4425 adsentiendo
787 4369 903 4423 multis
926 4368 1128 4422 auctoribus
1151 4367 1310 4437 trepide·

224 4460 334 4523 uerat,
358 4458 514 4510 senatum
538 4460 711 4524 postremo
738 4454 853 4507 vocari
873 4455 990 4522 iussit,
1013 4459 1114 4523 postes
1131 4453 1166 4506 ab
1185 4451 1312 4507 Strothio

226 4545 395 4611 occupatum
417 4539 483 4595 vidi.
529 4539 561 4596 ln
589 4539 718 4594 codicum
744 4539 884 4608 scriptura
912 4539 975 4605 (etsi
1003 4544 1104 4608 etque
1132 4554 1231 4607 reapse
1252 4552 1311 4591 non

224 4625 371 4682 1111611611
390 4625 431 4680 61
450 4625 533 4695 quse)
552 4625 767 4697 perversissime
784 4629 829 4678 661
847 4624 984 4679 orationis
1002 4625 1177 4694 progressio,
1201 4639 1313 4694 perver-

225 4712 363 4767 tissimum
381 4710 694 4783 plusquamperfectum.

1051 4811 1083 4865 ⁷*
