3060 5272
241 356 304 409 Lib.
324 356 476 410 XXXVIII.
788 344 849 403 544

243 537 398 608 rentur3
422 528 642 604 interdum,
665 529 823 590 insecta
847 534 946 604 cute,
970 527 1038 590 ubi
1061 526 1188 593 latior
1205 550 1324 611 quam
1346 532 1401 597 al-

242 638 324 701 tior
346 637 465 719 plaga
489 642 559 710 est,
583 636 706 699 etiam
729 634 955 716 gloriosius
978 655 1018 698 se
1036 655 1215 717 pugnare
1235 644 1401 721 putaut3
1482 680 1486 689 ·

241 744 378 823 iidem,
413 764 529 824 quum
562 742 729 806 aculens
764 741 924 822 sagitta
959 748 1027 805 aut
1060 742 1222 824 glandis
1245 744 1401 815 abditae

241 853 449 915 introrsus
472 851 582 915 tenui
614 850 781 913 vulnere
804 850 842 911 in
867 850 1043 930 speciem
1065 852 1153 915 urit
1175 886 1226 931 -,
1248 859 1330 923 tum
1359 856 1400 921 in

241 959 394 1023 rabiem
423 966 461 1022 et
488 957 683 1039 pudorem
717 965 796 1021 tam
826 976 956 1038 parvae
990 958 1233 1039 perimentis
1267 962 1402 1043 pestis

241 1065 350 1129 versi
373 1071 641 1147 prosternunt
665 1085 835 1147 corpora
858 1064 979 1140 humi,
1003 1065 1061 1127 sic
1078 1070 1120 1127 ut
1136 1067 1290 1149 passim
1308 1088 1401 1151 pro·

241 1172 485 1237 cumberent.
531 1173 626 1250 Alii,
649 1178 815 1236 ruentes
838 1173 878 1235 in
901 1171 1071 1248 hostem,
1101 1171 1279 1255 undique
1301 1194 1400 1240 cou-

241 1279 481 1359 figebantur
504 1286 557 1356 et,
589 1301 710 1362 quum
744 1279 921 1343 corninus
951 1286 1166 1357 venerant,
1195 1279 1344 1363 gladiis
1380 1305 1402 1348 a

242 1388 440 1452 velitibus
463 1387 791 1452 trucidabantur.
838 1386 978 1451 Prorsus
1008 1405 1160 1468 perverse
1183 1385 1401 1455 confunditur

242 1494 488 1559 consuetudinis
513 1501 678 1577 perpetuae
696 1494 874 1576 descriptio
894 1492 1175 1573 (morentur—
1192 1500 1400 1577 putant—

242 1602 528 1685 prosternunt)
547 1609 581 1666 et
599 1604 646 1666 rei
664 1601 840 1667 tumfactae
853 1602 999 1664 narratio
1013 1600 1087 1679 (sic
1107 1607 1149 1664 ut
1162 1622 1400 1684 -procnm·

242 1708 418 1791 berent);
442 1731 502 1773 nec
523 1710 596 1773 tolli
619 1711 741 1787 vitium,
765 1710 792 1773 si
816 1730 890 1773 cnm
912 1708 1061 1772 Walchio
1086 1707 1265 1773 scribatur:
1288 1711 1400 1778 sieut

239 1817 629 1898 -procumberent,
663 1818 766 1881 sensit
796 1815 1093 1891 Weissenbornius,
1121 1816 1178 1899 qui
1199 1822 1310 1881 tamen
1332 1817 1399 1884 hoc

242 1931 374 1989 secutus
392 1930 456 2004 est;
481 1925 587 1989 inanis
605 1913 692 1989 enim
710 1925 914 2006 comparatio
933 1930 984 1986 est
1001 1923 1290 2005 (prosternunt
1312 1945 1398 1991 cor-

242 2053 351 2115 pora,
364 2032 470 2097 sicut
488 2031 831 2115 procumberent);
850 2039 884 2095 et
897 2030 1102 2095 desideratur
1116 2031 1221 2114 prima
1232 2052 1308 2115 pars
1320 2054 1398 2099 uar-

241 2140 389 2217 rationis,
402 2141 453 2203 cui
471 2139 671 2222 respondeat
687 2140 783 2204 illud:
808 2139 888 2203 Alii
904 2174 948 2182 —
966 2138 1294 2221 configebantur.
1317 2140 1399 2206 Per-

241 2248 393 2329 spicuum
412 2256 471 2324 est,
495 2247 739 2312 consuetudinis
752 2247 922 2313 Gallorum
940 2246 1198 2329 descriptionem
1214 2246 1398 2313 subsistere

242 2355 273 2416 in
303 2354 507 2419 his'verbis:
542 2363 816 2438 prosternunt
850 2375 1023 2437 corpora
1057 2354 1172 2418 humi.
1220 2352 1398 2439 Subiungit

242 2460 360 2525 deinde
384 2461 503 2541 Livius,
525 2462 612 2525 idem
635 2463 668 2524 in
691 2462 758 2540 illo,
783 2461 871 2543 qnod
895 2483 980 2525 nunc
999 2467 1162 2538 narratur,
1185 2460 1310 2543 proelio
1327 2460 1397 2526 fac·
1512 2488 1520 2503 ·

241 2573 313 2631 tum
337 2589 417 2639 esse,
441 2589 502 2632 nec
524 2576 635 2632 tamen
660 2568 701 2632 ab
726 2568 895 2632 omnibus:
923 2568 987 2633 Sic
1016 2590 1132 2651 quum
1160 2566 1273 2648 (cum)
1301 2588 1397 2650 pas-

242 2675 314 2739 sim
338 2674 667 2757 procumberent,
693 2676 767 2738 alii
791 2684 960 2740 ruentes
983 2678 1023 2740 in
1041 2676 1195 2739 hostem
1213 2676 1396 2757 nudique

241 2782 571 2864 configebantur.

327 2889 405 2972 Cap.
449 2893 498 2964 22,
542 2896 576 2953 5:
620 2890 743 2954 Simul
789 2888 860 2971 (Cn.
902 2891 1043 2955 Manlius
1088 2890 1214 2971 consul)
1259 2896 1396 2955 strata

241 3018 310 3080 per
332 2997 510 3062 tumulos
539 3019 714 3080 corpora
743 2999 954 3063 Gallorum
978 3005 1161 3063 ostentat
1189 3005 1241 3076 et,
1276 3018 1394 3081 quum

240 3105 342 3170 levis
366 3113 576 3171 armatura
599 3108 797 3189 proelium
820 3108 903 3171 tale
926 3105 1122 3177 ediderit,
1146 3104 1243 3187 quid
1266 3104 1313 3169 ab
1335 3105 1393 3169 le·

239 3214 445 3296 gionibus,
470 3214 564 3296 quid
588 3214 634 3278 ab
658 3215 782 3278 iustis
806 3214 941 3292 armis,
965 3213 1061 3295 quid
1080 3213 1126 3277 ab
1146 3212 1291 3278 animis
1314 3211 1393 3276 for·

239 3323 489 3388 tissimorum
523 3322 696 3388 militum
726 3320 982 3405 exspectari?
1028 3320 1081 3385 Sic
1110 3320 1232 3385 dicitur
1259 3326 1393 3386 osten·

239 3435 300 3494 tat
323 3439 377 3508 et,
395 3438 433 3494 ut
450 3432 638 3496 necessario
656 3429 746 3494 aliud
759 3428 894 3493 verbum
913 3429 1006 3509 sequi
1019 3427 1154 3507 debeat;
1166 3428 1199 3492 id
1217 3449 1277 3493 nee
1295 3430 1393 3493 omit»

239 3537 265 3600 ti
288 3537 355 3601 ulla
377 3539 505 3602 ratione
529 3544 640 3621 potest
662 3558 721 3602 nec
744 3545 853 3602 tamen
884 3536 961 3618 poni
984 3534 1034 3614 id,
1058 3535 1148 3617 quod
1171 3540 1392 3620 exspectatur,

239 3647 395 3726 quaerit,
413 3646 567 3728 quoniam
588 3647 617 3709 ei
636 3644 765 3709 infinita
776 3645 882 3710 oratio
902 3642 1020 3707 subiici
1037 3643 1162 3727 nequit.
1197 3642 1392 3708 Tollendum

238 3753 423 3818 necessario
447 3760 500 3832 et,
524 3760 560 3817 ut
578 3753 683 3818 oratio
703 3752 838 3832 obliqua
849 3759 883 3816 et
900 3751 1118 3833 interrogatio
1134 3749 1285 3815 infinitivi
1301 3750 1392 3816 modi

239 3881 298 3942 per
321 3882 355 3924 se
384 3868 527 3942 ponatur
554 3858 803 3926 accommodata
830 3859 873 3923 ad
903 3879 974 3923 eam
997 3858 1284 3941 significationem,
1318 3878 1392 3940 quae

245 3969 338 4032 estin
351 3974 543 4047 ostentat,
561 3967 828 4031 constantissima
839 3966 948 4030 Latini
967 3967 1125 4031 sermonis
1138 3964 1390 4031 consuetudine:

153 4078 225 4149 (442)
245 4075 370 4141 Simul
398 4111 440 4120 —
469 4082 668 4153 ostentat;
693 4096 811 4157 quum
834 4074 936 4139 levis
960 4082 1169 4139 armatura
1191 4072 1391 4158 proelium

238 4184 320 4248 tale
352 4182 546 4259 ediderit,
584 4182 680 4266 quid
714 4182 761 4246 ab
791 4182 1026 4265 legionibus
1058 4218 1102 4228 —
1130 4181 1391 4265 exspectari?
