3060 5272
237 382 300 439 Lib.
318 380 409 438 XLII.
789 372 851 433 654

238 562 334 623 rent
365 561 405 621 et
432 555 696 625 Tessalorum
729 528 859 622 omnis
891 558 1104 642 equitatus
1127 569 1269 643 partus
1293 559 1397 643 (errat

237 664 460 751 Kreyssigius)
496 671 597 744 erat,
631 684 708 729 non
741 664 834 749 plus
861 685 978 747 quarn
1008 664 1102 731 CCC
1126 670 1243 732 erant
1266 663 1394 746 adque

238 775 284 840 in
318 774 470 840 eastris
503 771 711 838 Romanos.
755 772 974 839 Posteriorem
1003 780 1131 858 partem
1165 773 1205 840 de
1228 771 1395 838 Thessalis

238 882 422 948 rectissime
455 879 743 947 Drakenborehius
779 881 979 947 emendavit:
1021 889 1059 948 et
1092 882 1393 961 Thessalorum,
1479 960 1483 969 Ι

238 1010 405 1073 quorum
430 989 559 1055 omnis
593 991 806 1073 equitatus
841 997 1031 1075 speratus
1064 998 1167 1072 erat,
1195 1013 1275 1058 non
1303 989 1394 1074 plus

153 1110 224 1181 (541)
243 1119 362 1182 quam
385 1096 475 1164 CCC
498 1104 616 1163 erant
640 1099 804 1181 equites
826 1100 864 1163 in
888 1101 1040 1165 eastris
1063 1100 1264 1166 Romanis.
1308 1097 1393 1163 Nam

239 1213 459 1291 separatus
482 1205 714 1273 Thessalorum
739 1208 918 1291 equitatus,
942 1208 1004 1273 hoe
1028 1215 1088 1287 est,
1112 1208 1292 1292 separatim
1319 1213 1392 1272 ten·

239 1314 335 1394 dens,
370 1315 450 1380 mire
472 1314 621 1397 tingitur,
656 1316 812 1398 quoniam
847 1316 990 1383 omnium
1019 1316 1215 1401 populorum
1245 1315 1393 1399 separati

240 1424 368 1507 equites
392 1428 501 1504 erant,
531 1444 637 1507 neque
661 1422 842 1507 quidquam
864 1425 899 1490 id
922 1425 964 1490 ad
986 1424 1083 1490 huius
1105 1424 1169 1491 loci
1192 1424 1389 1491 sententiam

240 1534 401 1618 pertinet3
432 1531 553 1597 refellit
578 1539 798 1597 commentum
822 1555 888 1598 una
909 1554 971 1600 uox
1002 1534 1150 1614 omnis,
1185 1533 1390 1599 demonstrat

239 1642 359 1720 Livius,
384 1646 545 1726 quantum
567 1640 653 1705 inira
676 1643 955 1724 exspectationem
967 1643 1190 1707 Romanorum
1206 1662 1259 1707 res
1280 1639 1391 1705 fuerit.

238 1749 277 1814 In
299 1749 359 1815 tali
382 1749 628 1833 comparatione
652 1755 851 1833 exspectata
885 1751 932 1814 rei
963 1758 994 1814 et
1023 1771 1107 1815 uerae
1135 1748 1261 1815 nullum
1290 1748 1392 1814 habet

238 1858 348 1923 locum
370 1855 576 1941 parenthesis
599 1855 672 1935 illa,
703 1879 803 1942 quam
825 1857 957 1941 quidam
979 1856 1161 1923 finxerunt:
1191 1865 1233 1924 et
1261 1856 1390 1922 Thes·

239 1965 420 2032 salorum
441 1970 495 2044 (-
515 1966 649 2031 omnis
673 1966 900 2051 equitatus
925 1974 1125 2050 speratus
1149 1965 1390 2047 erat—)cet.

158 2090 160 2094 ·
237 2074 370 2140 Excidit
393 2095 569 2157 quorum
603 2080 678 2156 post
712 2096 834 2140 orum.
880 2075 951 2139 Hac
975 2075 1129 2160 expedita
1160 2083 1269 2158 parte,
1300 2074 1390 2158 prior

239 2185 339 2249 etiarn
361 2203 428 2249 non
451 2181 628 2247 difficulter
650 2181 832 2266 expeditur,
855 2190 1008 2267 totusque
1031 2183 1124 2248 locus
1140 2184 1189 2248 ita
1205 2190 1294 2248 recte
1315 2203 1391 2247 con·

238 2293 402 2357 tinuatur:
437 2290 671 2356 AEtolorum
702 2290 776 2355 alre
806 2293 930 2356 unius
964 2293 1116 2368 instar,
1148 2296 1391 2375 quantuma
1506 2294 1512 2303 '

237 2407 332 2466 tota
354 2405 479 2483 gente
503 2399 692 2482 equitum
714 2406 905 2471 venerat,
941 2408 979 2464 et
1008 2398 1327 2477 Thessalorum,
1358 2420 1389 2482 q.

239 2531 268 2573 o.
294 2528 320 2572 e.
346 2529 401 2591 sp.
426 2527 464 2585 e,
487 2528 567 2570 non
590 2505 685 2589 plus
709 2528 829 2589 quarn
853 2505 944 2572 CCC
967 2509 1133 2589 equites
1157 2513 1274 2571 erant
1296 2508 1337 2570 in
1361 2527 1388 2570 c.

237 2617 276 2682 R.
321 2614 397 2680 Illa:
432 2621 632 2696 quantum
661 2622 905 2680 -venerat
944 2614 1074 2680 adiecta
1107 2614 1298 2695 ostendunt,
1331 2634 1391 2678 nu·

238 2724 359 2789 merari
382 2743 502 2801 omnes,
527 2743 609 2806 quos
632 2728 704 2786 tota
726 2743 804 2805 gens
826 2724 961 2801 miserit,
983 2745 1049 2788 non
1066 2724 1149 2789 alios
1167 2730 1261 2788 extra
1283 2729 1391 2788 castra

238 2831 349 2916 aliquo
384 2831 501 2896 missos
534 2829 645 2895 fuisse.
696 2829 793 2894 Erat
827 2830 975 2896 additum
1008 2832 1151 2912 videt-ur,
1193 2853 1292 2914 quum
1324 2852 1389 2895 non

237 2939 568 3017 animadverteretur,
598 2938 641 3002 ad
669 2946 842 3021 utrumque
872 2940 1055 3006 membrum
1078 2940 1295 3005 communitur
1317 2959 1390 3023 per-

167 3070 171 3079 ·
237 3050 343 3114 tinere
378 3055 557 3113 extremum
591 3047 688 3112 illud:
719 3054 835 3112 erant
868 3049 906 3112 in
940 3071 965 3114 c.
1000 3049 1037 3113 R.
1069 3048 1217 3131 [Rectius
1249 3047 1390 3113 fortasse

236 3156 412 3223 scribetur:
437 3156 663 3222 AEtolorum
686 3156 757 3221 alae
776 3158 893 3221 unius
917 3159 1050 3222 instar
1069 3158 1278 3239 (tantuma
1300 3162 1390 3220 tota

236 3288 265 3349 g.
291 3287 345 3349 eq.
369 3265 552 3347 venerat)
577 3270 616 3328 et
638 3262 928 3328 Thessalorum
951 3272 1012 3329 cet.
1035 3263 1145 3346 1864]

323 3372 401 3458 Cap.
427 3378 476 3452 56,
503 3377 541 3437 10
563 3372 754 3457 (postquam
771 3372 893 3437 dictum
912 3379 973 3452 est,
995 3372 1114 3439 Persea
1130 3371 1173 3438 ad
1191 3393 1288 3455 agros
1305 3371 1389 3437 Phe·

234 3504 373 3548 raeorum
396 3480 575 3547 vastandos
599 3481 736 3561 misisse,
755 3481 918 3545 Romanos
942 3481 1015 3553 elici
1031 3481 1161 3566 longius
1185 3481 1339 3547 acastris
1357 3486 1390 3546 et

236 3590 437 3675 deprehendi
459 3610 554 3674 posse
577 3589 714 3670 ratum):
750 3589 855 3667 Quos
879 3610 996 3671 quum
1019 3611 1063 3655 eo
1088 3590 1264 3655 tumultu
1286 3588 1390 3653 nihil

235 3706 365 3764 motos
399 3697 781 3777 animadvertisset,
814 3697 986 3781 praedam
1027 3690 1187 3779 quidem
1220 3703 1390 3781 prater-

236 3828 354 3891 quam
377 3806 578 3871 hominum
603 3842 640 3850 —
666 3805 810 3870 divisit
833 3805 882 3871 ad
905 3804 1151 3888 epulandum
1174 3805 1388 3871 militibus

234 3914 277 3980 Et
307 3915 471 4000 particula
499 3915 659 3997 quidem
687 3915 796 3998 inepte
819 3916 930 3998 posita
952 3921 986 3978 et
1012 3915 1259 3997 perversissima
1280 3935 1391 3979 rerum

236 4024 425 4089 coniunctio
450 4022 611 4101 declarat,
635 4021 689 4087 hic
712 4043 843 4107 quoque
867 4021 1019 4106 quaedam
1049 4044 1069 4087 a
1096 4021 1232 4086 librario
1256 4029 1390 4106 praeter-

233 4132 336 4197 missa
359 4152 438 4209 esse,
463 4155 562 4216 quum
585 4130 772 4196 huiusmodi
794 4131 912 4197 fuisset
935 4132 1072 4215 integrae
1090 4130 1248 4195 orationis
1270 4129 1389 4196 forma:

235 4238 339 4318 Quos
364 4262 393 4322 q.
418 4262 444 4304 e.
469 4247 492 4303 t.
516 4263 546 4304 n.
570 4262 611 4304 m.
641 4239 1019 4317 animadvertisset,
1053 4258 1148 4303 suos
1182 4240 1222 4303 in
1251 4245 1391 4305 castra
