3008 4756
714 311 776 374 263
1164 323 1227 380 nib.
1245 323 1321 380 XXI.

167 502 225 578 27,
253 503 273 563 4
302 497 398 580 (tum
424 496 604 578 undique
632 516 764 561 omnes
794 497 928 562 exorti
956 503 995 562 et
1022 496 1199 563 clamore
1228 498 1321 562 sub-

165 605 255 672 lato
288 607 484 690 impetum
516 603 675 686 fecere),
711 611 746 669 et
778 610 889 669 tamen
922 610 974 669 ter
1006 611 1045 669 et
1079 625 1189 670 errore
1213 611 1321 670 ortum

165 720 247 795 puto
275 711 404 794 (XXVI,
429 717 479 791 38,
502 717 521 777 7
544 717 766 778 cunctatus
790 716 869 792 est3
899 719 982 776 tum
1003 710 1143 794 scripsi).
1183 711 1320 793 XXXII,

169 823 219 897 14,
250 823 285 884 2:
318 820 418 886 Inde
442 820 644 904 Gomphos
672 820 844 885 adortus
873 825 912 884 et
940 839 1010 904 per
1038 817 1204 903 aliquot
1233 820 1320 885 dies

165 947 317 993 summa
354 930 391 993 vi
429 928 567 994 urbem
600 934 781 1007 tuentes,
823 945 944 1011 quum
981 927 1058 991 iem
1096 927 1233 993 scalas
1272 928 1322 993 ad

166 1036 327 1100 moenia
349 1037 562 1115 erexisset,
583 1034 832 1118 -perpulit
855 1033 906 1099 ad
927 1033 1189 1099 deditionem.
1235 1035 1321 1103 Seri·

166 1141 324 1233 bendum:
360 1143 562 1227 Gomphos
597 1141 767 1208 adortus
800 1147 871 1206 est.
926 1140 1003 1207 Per
1036 1141 1199 1225 aliquot
1232 1141 1320 1209 dies

164 1255 244 1329 cet,
278 1255 327 1314 ut·
346 1251 486 1333 primum
520 1256 675 1333 suscepta
707 1269 759 1313 res
791 1269 852 1332 per
885 1269 919 1313 se
947 1255 1100 1332 ponatur.
1156 1249 1320 1329 XXXVII,

166 1360 222 1436 24,
257 1361 275 1421 7
303 1357 479 1424 manifesto
509 1358 628 1422 vitiosa
656 1362 707 1422 est
736 1357 843 1422 oratio
870 1357 904 1421 in
932 1358 999 1423 tria
1026 1355 1174 1421 membra
1197 1357 1244 1421 sic
1266 1356 1321 1422 de·

165 1465 308 1547 scripta:
333 1479 692 1528 consurrexere‘-
715 1464 1066 1547 contemplatique
1090 1462 1194 1545 (sunt)
1216 1484 1320 1530 -ac

167 1591 291 1654 prope
325 1592 403 1635 una
434 1591 531 1637 voce
559 1570 972 1650 -exclamaverunt,
1007 1592 1107 1653 quum
1136 1592 1237 1636 causa
1265 1593 1320 1637 ex·

164 1677 331 1742 clamandi
354 1680 563 1743 contineatur
585 1679 619 1742 in
642 1677 927 1762 contemplati3
956 1680 1068 1764 itaque
1096 1684 1186 1744 recte
1214 1700 1260 1744 ac
1286 1681 1321 1745 in

165 1784 335 1851 codicibus
369 1784 590 1850 deterioribus
624 1784 794 1850 sublatum
819 1791 880 1850 est.
936 1787 1053 1852 Restat
1074 1786 1193 1866 XLIII,
1217 1791 1268 1867 21,
1289 1793 1320 1867 4,

166 1891 224 1957 ubi
253 1892 377 1958 editur:
412 1893 505 1976 App.
531 1890 727 1957 Claudius
754 1927 797 1938 -—
824 1892 1049 1960 Phanotam
1074 1929 1119 1939 —
1146 1895 1320 1961 adortus

164 2020 400 2083 oppugnare
430 2007 469 2066 et
496 1986 653 2065 auxilia
680 1999 947 2065 Athamanum
974 2000 1319 2085 Thesprotorum-

164 2128 241 2191 que
269 2142 312 2155 -
339 2129 473 2173 secum
506 2107 695 2188 adduxit,
728 2107 832 2174 codex
865 2106 967 2172 habet
1000 2111 1230 2192 oppugnari
1259 2117 1321 2176 est

81 2242 86 2252 ·
164 2216 336 2296 auxilia,
365 2238 406 2282 ex
434 2236 499 2298 quo
529 2213 685 2294 efficitur,
714 2220 805 2279 recte
834 2213 1001 2298 descripto
1023 2217 1222 2282 narrationis
1244 2238 1319 2301 pro-

167 2343 299 2406 gressu:
334 2323 505 2389 adortus
534 2342 771 2406 oppugnare
795 2329 864 2387 est.
915 2321 1079 2387 Auxilia
1100 2323 1199 2406 oet.¹)
1255 2323 1321 2390 Sed

166 2431 306 2497 eandem
340 2433 518 2509 rationem,
564 2452 664 2515 quam
697 2429 799 2495 habet
825 2430 968 2513 lapsus
996 2429 1205 2513 multaque
1235 2452 1323 2497 cum

165 2540 270 2605 caede
299 2540 479 2619 emersit,
513 2538 636 2603 habere
664 2539 796 2604 videtur
824 2538 858 2602 in
885 2536 1015 2602 infinita
1037 2539 1200 2604 oratione:
1234 2538 1322 2622 lap-

166 2669 250 2713 sum
290 2648 497 2733 multaque
530 2668 617 2712 cum
650 2645 756 2711 caede
790 2647 1021 2712 emersisse.
1081 2644 1187 2711 Huius
1221 2646 1323 2728 igitur

165 2752 278 2820 formae
300 2757 367 2821 tria
387 2757 483 2821 video
506 2755 660 2820 adnotari
683 2753 835 2837 exempla
855 2752 1009 2819 Liviana:
1046 2753 1100 2833 IV,
1128 2758 1179 2833 46,
1202 2759 1222 2818 4
1247 2754 1322 2834 (di-

165 2863 274 2927 citnr
296 2863 333 2940 Q.
358 2862 559 2928 Servilius
582 2898 625 2909 ·—
647 2869 844 2945 precatus
867 2861 915 2925 ab
939 2863 1003 2926 dis
1025 2897 1069 2908 -
1091 2863 1322 2926 et—insti-

164 2969 268 3033 tisse
295 2968 410 3051 filio),
439 2970 493 3049 VI,
524 2975 572 3048 17,
604 2968 878 3052 3(lingereut,
906 2969 1121 3033 mentitum
1143 2966 1238 3033 ante
1261 2976 1322 3033 at-

165 3095 240 3155 que
273 3074 363 3140 ideo
396 3098 475 3141 non
506 3074 704 3141 habuisse
739 3075 831 3157 cet),
865 3075 986 3154 XXIV,
1023 3079 1076 3154 12,
1111 3075 1322 3156 5(Hanni-

164 3180 297 3246 halem
325 3181 445 3266 Arpis
473 3181 697 3267 profectum
728 3189 768 3247 et
794 3181 964 3264 regredi
992 3183 1032 3247 in
1061 3180 1323 3265 Campaniam

164 3288 349 3354 adlatum
383 3289 472 3370 est);
511 3309 587 3352 nam
620 3289 654 3351 in
687 3294 807 3370 quarto
829 3287 874 3370 (Ι,
910 3293 965 3368 58,
999 3288 1034 3369 4)
1068 3288 1323 3354 obstinatam

179 3461 391 3468 .<.——-

192 3559 215 3625 ¹)
235 3555 310 3627 [Non
333 3559 415 3629 posui
438 3559 468 3613 in
485 3575 602 3613 numero
619 3556 720 3626 XXIII,
745 3560 784 3627 18,
807 3563 835 3613 4:
860 3558 1042 3614 Maharbal
1059 3586 1093 3598 -
1111 3559 1237 3614 missus
1256 3577 1321 3616 nec

232 3646 305 3713 ipse
335 3645 558 3714 eruptionem
582 3645 776 3699 cohortium
799 3645 984 3712 sustinuit,
1012 3647 1062 3700 ubi
1089 3662 1152 3700 nec
1180 3645 1255 3715 ipse
1278 3649 1322 3700 est

231 3748 271 3787 ne
290 3731 363 3800 ipse
381 3730 517 3799 quidem
533 3729 568 3797 (v.
579 3729 616 3784 ad
629 3729 686 3786 Cic.
696 3729 757 3784 nin.
768 3748 794 3799 p.
805 3729 876 3797 808),
890 3748 942 3786 nec
952 3729 1081 3799 XXXIV,
1105 3733 1145 3798 14,
1163 3732 1180 3784 6
1196 3729 1270 3798 (sed
1287 3730 1321 3786 in

232 3816 356 3871 dextro
374 3816 552 3885 extemplo
571 3815 662 3885 pulsi
681 3816 918 3885 cedentesque
940 3815 1072 3886 trepidi
1088 3817 1191 3872 etiam
1204 3815 1321 3885 pediti

230 3906 397 3958 terrorem
415 3901 580 3968 intulere)
599 3907 649 3956 aut
666 3899 829 3968 XXXVIII,
854 3903 898 3968 lt,
926 3905 938 3955 1
957 3900 1028 3971 (per
1053 3918 1157 3971 agros
1176 3901 1322 3956 Sinden·

231 3988 315 4043 sinm
351 3988 528 4042 exercitus
560 3987 686 4041 ductus
710 3990 1020 4056 transgressusque
1043 3986 1225 4042 Caularem
1256 4003 1321 4040 am·

232 4089 305 4128 nem
322 4073 442 4142 posuit
460 4071 600 4139 castra);
618 4089 682 4127 nam
700 4076 820 4140 utroque
837 4071 902 4127 loco
918 4072 1069 4142 participia
1085 4071 1218 4142 copulata
1234 4071 1321 4126 ruho

230 4157 311 4212 finito
331 4155 545 4228 adiunguntur]
