3060 5272
227 352 289 407 Lib.
308 350 406 405 XXIV.
775 337 837 398 346

225 524 364 590 eodem
409 542 569 606 quoque
614 526 776 599 eventu,
823 521 886 585 hoo
926 530 989 600 est,
1036 527 1185 588 eventu
1224 542 1382 605 quoque

228 632 373 697 eodem.
437 631 576 695 Frustra
612 628 761 695 homines
796 628 886 694 docti
919 631 952 694 in
986 630 1243 714 comparationis
1275 629 1382 695 forma

224 738 399 805 efficienda
432 738 661 814 elaborarunt,
703 758 723 802 a
756 758 857 821 pravo
897 738 990 803 initio
1032 739 1155 820 (sieut
1189 759 1229 803 ex
1262 739 1380 820 sique

223 846 355 929 effecto)
389 845 539 930 profecti.
596 847 723 925 Livius,
762 847 796 910 ni
829 845 942 924 fallor,
982 847 1030 911 sic
1063 847 1256 931 scripserat:
1298 847 1380 911 Alii

223 955 413 1040 plerique
442 956 612 1033 milites,
647 955 797 1038 quippe
833 977 902 1038 pro
933 961 1051 1038 parte
1080 956 1238 1021 totiens
1266 955 1380 1020 intra

223 1084 376 1146 paucos
407 1063 493 1129 dies
516 1065 641 1142 ricta,
671 1062 813 1127 iisdem
837 1063 998 1140 animis,
1029 1062 1177 1146 quibus
1200 1064 1377 1147 priores,

221 1172 440 1253 eodemque
476 1178 621 1237 eventu
650 1192 891 1255 pugnavere.
947 1170 1038 1235 Nihil
1066 1169 1157 1236 aliud
1186 1178 1377 1254 exspectan-

222 1279 299 1344 dum
331 1279 431 1344 fuisse
466 1279 630 1361 significat
657 1278 738 1344 illud
767 1280 829 1363 ipsi
853 1281 901 1344 rei
923 1280 1126 1363 praemissum
1149 1280 1317 1363 quippe3
1346 1281 1376 1344 ei

222 1388 392 1471 particular
422 1389 538 1453 leviter
565 1394 728 1472 corrupta
757 1387 877 1471 (ique)
905 1388 1047 1452 adhaesit
1073 1407 1088 1448 a
1111 1408 1151 1451 ex
1178 1387 1376 1471 praecedenti

221 1503 313 1573 ioce3
347 1518 407 1579 pro
435 1518 490 1580 pr.
515 1504 607 1562 orta
635 1498 789 1561 restituto
817 1497 996 1579 priores,
1032 1495 1122 1579 quod
1149 1495 1215 1559 iarn
1237 1516 1258 1560 a
1280 1495 1376 1560 Valla

220 1605 388 1668 inventum
422 1611 456 1670 et
489 1624 510 1668 a
542 1605 652 1668 multis
687 1605 862 1688 probatum
895 1611 983 1680 erat,
1018 1611 1129 1668 cetera
1157 1624 1175 1668 e
1205 1603 1374 1669 codicibus

221 1711 332 1775 omnia
355 1712 454 1776 tenui.

305 1818 384 1902 Cap.
408 1823 464 1897 43,
496 1824 523 1884 3.
580 1821 617 1884 ln
646 1822 708 1885 hac
732 1821 891 1886 orationis
914 1822 1035 1887 forma:
1059 1818 1308 1885 censoribus
1330 1852 1374 1862 -

218 1926 304 1991 dies
332 1928 445 1993 dicta
475 1928 523 1992 ad
547 1930 738 2011 populum
761 1936 822 1994 est
843 1965 887 1974 —
910 1929 981 1994 sed
1003 1964 1046 1974 -
1068 1928 1188 1992 vetiti
1212 1945 1371 1991 causam

215 2035 419 2128 —dicere
450 2035 686 2120 dimissique
710 2036 876 2102 fueraut
898 2046 987 2101 recte
1011 2035 1182 2118 Ussingius
1206 2035 1371 2099 fuerant

215 2141 397 2208 tollendum
414 2144 580 2210 iudicavit.
610 2145 778 2210 Librarius
801 2145 947 2220 verbum,
971 2143 1059 2226 quod
1082 2166 1120 2208 ex
1145 2150 1204 2207 est
1228 2141 1369 2217 auditur,

116 2338 119 2343 ⁸
214 2251 380 2334 supplevit
401 2273 502 2335 pravo
526 2259 683 2337 tempore,
706 2254 771 2318 nisi
793 2254 863 2336 ipse
888 2254 1076 2336 scripserat,
1099 2249 1370 2334 quodCreverius

211 2358 369 2424 substitui
393 2360 532 2437 volebat,
556 2361 721 2425 fuerunt
738 2363 853 2427 vitiose
872 2383 931 2444 pro
949 2367 1052 2425 sunt.
1072 2359 1193 2442 (1862.)
1230 2357 1288 2441 §Q
1313 2357 1369 2424 ubi

211 2466 335 2531 editur:
359 2467 559 2534 Praetores
582 2469 690 2535 siunt
712 2470 754 2534 M.
779 2470 932 2535 Atilius
955 2476 1009 2547 et,
1034 2469 1209 2551 quitum
1230 2466 1370 2532 aediles

211 2573 373 2640 curules
414 2583 544 2656 erant,
589 2578 623 2641 P.
658 2577 917 2660 Sempronius
958 2576 1185 2642 Tuditanus
1229 2583 1270 2640 et
1305 2572 1368 2638 Cn.

213 2682 378 2747 Fulvius
414 2685 677 2750 Centumalus
706 2693 744 2749 et
774 2684 816 2749 M.
846 2685 1027 2749 AEmilius
1058 2684 1248 2767 Lepidus,
1278 2683 1312 2747 in
1342 2682 1368 2746 P

210 2790 383 2856 scribitur:
417 2801 613 2875 praetores
647 2794 757 2858 fiunt
784 2794 865 2858 cito
895 2794 964 2875 qui
993 2800 1074 2858 tum
1102 2792 1258 2871 aediles3
1293 2792 1368 2855 hinc

211 2897 370 2964 efficitur:
405 2900 605 2967 Praetores
634 2900 744 2965 finnt
772 2902 864 2975 duo,
894 2902 963 2986 qui
993 2908 1076 2965 tum
1099 2907 1301 2975 -erant,
1332 2899 1366 2963 P.

211 3006 335 3090 Semp.
365 3008 458 3074 Tud.
488 3016 528 3074 et
558 3010 622 3076 Cu.
651 3010 761 3074 Pulv.
786 3008 913 3087 Ceut,
945 3017 983 3074 et
1016 3009 1050 3074 Ι.
1081 3008 1221 3071 illilus
1255 3014 1290 3070 et
1324 3007 1366 3071 M.

209 3114 299 3179 AEm.
313 3115 401 3200 Lep.
430 3117 480 3182 Ad
493 3120 652 3184 orationis
664 3117 803 3182 formam
816 3118 956 3182 conferri
968 3116 1237 3201 potestXXVlll,
1252 3119 1302 3193 38,
1317 3120 1365 3180 ll.

210 3223 252 3287 M.
273 3223 364 3289 Atilii
388 3247 507 3290 nomeu
530 3234 608 3291 ante
631 3226 674 3291 M.
695 3226 817 3290 AEmilii
840 3226 1000 3291 excidisse
1024 3231 1171 3309 apparet.
1203 3224 1326 3306 (1862.)

296 3331 372 3416 Cap.
393 3341 444 3412 44,
469 3339 508 3398 10
531 3335 564 3399 in
587 3334 780 3400 his-verbis:
810 3341 853 3399 ut
876 3334 1015 3400 consul
1039 3334 1365 3399 animadvertere

209 3441 433 3521 proximum
460 3441 653 3509 lictorem
676 3443 802 3508 iussit
826 3449 877 3519 et,
900 3449 943 3508 ut
966 3443 999 3507 is
1022 3441 1297 3507 descenderet
1319 3463 1364 3509 ex

207 3568 321 3630 equo,
351 3548 590 3614 inclamarit
618 3548 827 3615 manifestum
855 3558 905 3615 est
933 3558 977 3615 ut
1006 3549 1188 3616 tollendum
1211 3571 1298 3630 esse,
1327 3559 1364 3618 ut

208 3655 243 3718 is
279 3678 459 3737 pronomen
494 3656 658 3722 referatur
694 3659 737 3723 ad
765 3658 914 3723 lictorem
943 3664 1061 3723 notata
1089 3658 1228 3724 subiecti
1258 3666 1363 3725 muta·

207 3763 313 3840 tione3
347 3764 501 3829 librarius
524 3767 684 3831 orationis
709 3765 902 3831 brevitatem
926 3765 1210 3847 (descenderet
1232 3769 1363 3833 inele-

207 3870 342 3951 marit)
367 3872 522 3955 explerit3
557 3874 590 3937 id
619 3875 882 3958 supplementum
910 3896 1009 3958 prave
1040 3883 1117 3940 ante
1145 3878 1179 3942 is
1203 3878 1362 3942 insertum

206 3987 267 4043 est.
313 3981 436 4061 (laea)

293 4088 371 4173 Cap.
395 4095 445 4153 45.
502 4090 539 4154 ln
573 4091 635 4155 hoc
668 4093 775 4176 capite
810 4093 905 4176 plura
940 4094 1021 4158 satis
1050 4094 1223 4176 insiguiter
1252 4094 1361 4160 emen·

204 4196 317 4261 <landa
350 4205 441 4277 suut,
480 4199 537 4263 sed
577 4221 690 4265 eorum
723 4202 852 4266 initium
884 4221 905 4266 a
938 4223 973 4266 re
1007 4222 1168 4285 perparva
1202 4203 1359 4285 capietur.
