3060 5272
105 386 109 393 ·
210 347 272 401 Lib.
290 347 402 403 XXXV.
756 338 817 396 514

213 518 453 601 avertendi).
506 518 585 599 (Cir.
610 520 688 584 Hor.
714 519 772 602 Ep.
798 519 844 596 ΙΙ,
878 525 903 590 1,
936 522 973 581 19
997 517 1100 599 (abi),
1129 518 1202 583 Ter.
1226 519 1290 584 Ad.
1314 518 1376 599 lv,

213 631 246 693 Q.
278 631 296 685 o
320 627 443 707 (dett)
497 626 546 709 [Si
575 626 636 691 hoc
658 648 768 691 rernm
792 634 855 695 cst,
885 645 959 689 uno
983 647 1022 689 es
1044 628 1221 708 postremis
1242 626 1374 693 litteris

212 735 365 799 vocabuli
399 735 619 799 consilium
653 744 767 798 natum
796 743 829 797 ct
857 732 899 796 ad
929 733 991 797 die
1021 753 1060 796 ex
1088 735 1146 797 rei
1174 740 1286 798 ortum
1313 754 1375 799 ac·

212 841 452 906 commodatum
482 850 546 921 est;
580 842 637 905 sed
671 841 847 924 pervelle-m
879 840 922 904 ad
949 840 1078 905 litteras
1107 841 1242 924 propius
1272 860 1375 906 acce-

212 950 289 1015 dere
317 946 458 1030 liceret]
515 948 551 1012 In
581 950 738 1031 proximis
769 947 993 1031 superioribus
1022 948 1130 1012 verbis
1159 953 1248 1013 recte
1272 948 1373 1032 Sigo-

211 1058 285 1121 nius
309 1056 408 1121 scribi
430 1056 549 1121 voluit:
585 1058 715 1119 omnia
744 1057 882 1119 novari
907 1054 1013 1119 velle
1038 1056 1112 1139 (pro
1135 1054 1302 1137 novere)
1326 1056 1374 1121 de

211 1163 399 1228 hominibus
433 1164 652 1227 mutationum
688 1163 829 1245 cupidis,
869 1183 935 1226 non
968 1164 1048 1245 ipsis
1082 1184 1192 1227 earum
1227 1164 1374 1229 consilia

211 1270 416 1353 capientibus
443 1291 503 1335 nec
531 1271 709 1352 quidquam
732 1292 793 1335 sna
816 1277 932 1352 sponte
955 1270 1169 1335 moventibus.
1219 1268 1302 1351 (Cfr.
1327 1271 1373 1337 de

210 1378 320 1442 mendi
343 1399 461 1465 genere
486 1401 516 1461 p.
542 1382 582 1441 38
606 1388 673 1442 not.
697 1378 741 1458 2.)
793 1377 891 1441 Initio
921 1378 1040 1460 capitis
1063 1384 1140 1461 post
1160 1376 1372 1444 Antiocho

211 1485 337 1567 aliquid
361 1484 531 1563 excidisse,
555 1485 815 1549 animadversum
838 1486 902 1549 iam
926 1506 946 1547 a
968 1484 1234 1550 Weissenbornio
1255 1485 1373 1565 video;

211 1593 375 1656 sententia
396 1592 586 1655 huiusmodi
609 1592 676 1656 fere
700 1591 800 1656 fuisse
823 1592 966 1656 ridetur:
1001 1591 1108 1670 Inde,
1134 1600 1176 1655 ut
1198 1612 1372 1674 quaeque

212 1700 256 1763 du
290 1698 488 1765 Antiocho
528 1699 627 1761 fan
661 1698 791 1761 uitiata
825 1706 922 1775 erat,
960 1698 1071 1759 stult
1104 1697 1372 1778 excipiebant.

211 1813 245 1868 et
280 1825 323 1868 ne
356 1806 459 1869 nihil
494 1828 564 1889 per
598 1828 637 1870 se
667 1808 747 1889 ipsi
779 1808 879 1871 moti
909 1814 948 1869 et
976 1807 1165 1871 sedentes
1194 1826 1371 1889 exspec-

211 1924 298 1977 tare
322 1914 541 1977 adventum
563 1913 801 1977 riderentur
825 1914 941 1994 regis.
965 1913 1181 1977 concilium
1204 1912 1372 1993 quidem

211 2029 270 2085 cot.
328 2020 449 2102 [Aliam
491 2027 601 2084 tamen
637 2022 857 2103 supplementi
893 2019 1031 2084 formam
1065 2020 1203 2085 suadere
1237 2019 1373 2086 ridetur

210 2127 318 2207 inde,
354 2128 442 2210 quod
472 2127 602 2191 facilius
631 2128 673 2191 ad
698 2125 893 2192 Corinthum
923 2128 1066 2192 refertur
1094 2148 1193 2208 qurun
1215 2148 1276 2210 pro
1300 2126 1372 2193 de·

210 2236 301 2300 inde
331 2234 516 2319 accipitur]
573 2235 697 2299 Eodem
727 2236 836 2317 capite
867 2234 966 2316 paulo
997 2243 1074 2317 post
1106 2232 1136 2315 (ἑ
1161 2233 1194 2314 7)
1224 2254 1297 2315 quae
1327 2235 1371 2303 de

211 2342 394 2407 AEtolorum
433 2343 568 2407 consilio
602 2342 821 2405 Demetriadis
865 2341 1064 2423 occupanda·
1104 2341 1145 2405 ai)
1179 2340 1373 2425 Eurylocho

209 2450 320 2513 exsule
344 2449 457 2513 adiuto
480 2460 675 2521 narrantur,
713 2466 825 2511 eorum
854 2449 983 2512 initium
1006 2450 1039 2511 in
1061 2448 1231 2514 codicibus
1252 2450 1373 2517 vitiose

210 2558 257 2619 sic
282 2555 453 2621 scribitur:
478 2555 652 2619 Litteris
676 2554 900 2636 Eurylochi
924 2556 1122 2619 admoniti
1146 2556 1371 2639 propinqui

209 2663 411 2745 amicique
442 2669 479 2726 et
508 2664 573 2742 qui
603 2662 786 2725 eiusdem
815 2662 1016 2726 factionis
1048 2670 1176 2740 erant,
1210 2661 1373 2729 liberos

210 2777 247 2831 et
279 2770 492 2849 coniugem
521 2770 610 2833 eius
635 2789 717 2831 curn
741 2769 906 2833 sordida
929 2776 1056 2847 veste,
1090 2776 1279 2834 tenentes
1301 2792 1371 2837 ve·

210 2876 392 2939 lamenta
422 2875 668 2958 supplicum,
702 2877 931 2941 contionem
965 2877 1219 2961 frequentem
1254 2876 1371 2943 adie-

210 2993 317 3059 runt,
353 2982 538 3064 singulos
572 2985 875 3066 universosque
915 2984 1192 3063 obtestantes,
1226 3005 1272 3048 ne
1306 2985 1371 3049 in·

212 3100 368 3154 sontem
399 3089 685 3154 indemnatum
715 3112 1011 3155 consenescere
1042 3092 1080 3153 in
1111 3091 1236 3155 exilio
1259 3093 1372 3157 sine·

210 3206 310 3261 rent.
363 3194 456 3273 Quod
485 3198 639 3262 editionis
662 3197 876 3262 Frobenianrc
906 3200 1018 3280 prirnae
1048 3199 1246 3262 auctoritate
1269 3197 1372 3284 vulgo

211 3312 357 3369 tenetur:
387 3306 627 3370 contionem
651 3305 905 3387 frequentem
929 3306 1041 3370 adire
1063 3305 1213 3384 iubent,
1234 3311 1370 3373 tantum

212 3411 322 3490 abest,
352 3420 397 3489 ut,
428 3412 517 3493 quod
540 3411 828 3476 Drakenborcbius
851 3412 975 3479 scribit.
1007 3435 1046 3475 es
1069 3412 1102 3476 M
1124 3421 1290 3496 sumptum
1312 3415 1371 3493 sit,

213 3527 264 3595 ut,
299 3540 401 3601 quum
435 3519 468 3581 in
501 3520 575 3600 ipsa
610 3519 755 3583 editione
784 3518 869 3600 Meg.
898 3519 1098 3584 scriberetur
1125 3518 1373 3602 frequenter

212 3626 412 3702 adierunt,
436 3622 639 3689 Carbachins
663 3646 680 3689 e
704 3625 774 3689 cod.
793 3625 963 3690 adnotarit
986 3625 1237 3707 frequentem
1260 3625 1372 3692 adie-

213 3741 314 3796 runt.
370 3731 441 3797 Hoc
471 3731 757 3797 Weissenbornins
786 3733 924 3815 recepit,
960 3734 1069 3815 posita
1098 3742 1174 3817 post
1203 3734 1373 3802 sordida

214 3847 326 3904 veste
349 3839 474 3903 lacnnae
497 3849 585 3904 nota.
638 3832 750 3904 Livius
773 3840 942 3921 scripsisse
966 3841 1110 3904 videtur:
1146 3839 1300 3906 liberos
1330 3852 1372 3909 et

215 3948 427 4030 coniugem
451 3947 538 4010 eius
561 3981 618 4019 -,
648 3953 839 4011 tenentes
868 3946 1099 4011 velamenta
1121 3948 1370 4031 supplicum,

215 4052 253 4113 tn
293 4055 520 4118 contionem
561 4050 820 4136 frequentem
862 4054 1076 4118 adcierunt
1110 4055 1150 4133 (v.
1185 4055 1372 4121 adduxe-
