3060 5272
703 789 765 850 245

153 991 287 1056 quoque
316 972 440 1036 mansit
466 971 584 1037 folium
611 994 713 1037 unum
742 974 913 1037 continens
943 993 969 1036 c.
994 975 1051 1051 37,
1082 976 1100 1037 3
1129 973 1172 1037 ad
1197 976 1254 1053 38,
1284 978 1312 1037 2.

152 1079 192 1144 In
219 1078 272 1143 his
301 1079 402 1160 igitur
430 1080 582 1163 partibus
612 1102 725 1146 eorum
756 1080 905 1144 codicum
934 1081 1133 1145 auctoritate
1162 1080 1316 1145 standum

107 1192 112 1201 '
154 1193 220 1266 est,
248 1188 305 1269 qui
335 1187 383 1251 illi
411 1189 553 1271 proximi
581 1195 672 1268 sunt,
702 1209 720 1252 e
749 1188 869 1271 quibus
899 1209 1000 1272 supra
1023 1195 1150 1253 eeteros
1174 1189 1318 1253 eminent

153 1293 323 1360 Mediceus
346 1293 407 1375 (M)
430 1315 502 1359 saec.
521 1295 568 1359 XI
591 1295 638 1377 (in
660 1295 734 1360 libr.
754 1294 855 1378 XXX,
879 1298 929 1373 26,
956 1299 995 1360 10
1014 1295 1192 1377 deficiens),
1217 1297 1311 1361 cuius
1330 1310 1401 1379 (206)

155 1403 339 1486 scripturas
369 1423 390 1466 a
418 1402 562 1469 Salviuio
597 1404 679 1468 satis
714 1403 925 1486 neglegenter
958 1408 1130 1487 excerptas
1165 1404 1315 1469 Draken-

153 1507 311 1574 borcbius
340 1509 442 1593 (apud
467 1532 563 1594 quem
585 1511 798 1576 Florentinus
821 1509 1023 1594 appellatur)
1047 1511 1206 1594 vulgavit,
1237 1533 1313 1595 par-

156 1622 223 1681 tem
260 1617 406 1700 priorem
446 1617 523 1682 libri
559 1618 636 1682 XXI
675 1620 796 1682 iterum
828 1616 1055 1682 Alschefskius
1089 1619 1242 1698 contulit,
1281 1627 1315 1684 et

157 1721 366 1789 Colbertinus
397 1723 450 1805 (Ο,
479 1724 688 1803 Parisieusis,
716 1747 788 1790 saec.
812 1724 905 1807 XII),
934 1726 1028 1790 cuius
1057 1726 1238 1810 scripturas
1259 1727 1315 1790 Al-

156 1831 338 1896 schefskius
368 1834 401 1896 in
430 1833 525 1897 libris
548 1833 640 1912 XXI,
671 1833 779 1911 XXII,
808 1832 919 1897 XXIII
948 1834 1094 1915 integras
1123 1834 1215 1898 dedit
1236 1855 1257 1898 a
1280 1856 1314 1898 se

155 1941 244 2023 ipso,
274 1942 307 2003 in
335 1939 411 2004 libri
434 1940 526 2003 XXX
550 1962 590 2005 ea
612 1946 722 2024 parto,
753 1961 824 2022 quae
847 1941 881 2004 in
903 1938 1071 2005 Puteaneo
1095 1941 1314 2021 desideratur,

156 2047 332 2131 plerasque
356 2070 376 2111 a
398 2047 527 2112 Millero
557 2055 703 2113 notatas.
753 2047 814 2112 His
843 2046 1038 2130 adiungitur
1060 2047 1314 2130 Bambergensis

157 2153 213 2237 (B)
236 2154 355 2238 aliquis
379 2154 413 2235 (a
434 2155 509 2219 libri
533 2155 640 2220 XXIV
663 2177 689 2219 c.
715 2158 734 2217 7
757 2155 919 2236 ordiens),
949 2156 1042 2220 cuius
1072 2156 1251 2238 scripturas
1280 2157 1315 2220 in

157 2263 232 2328 aliis
255 2263 349 2327 libris
372 2263 481 2341 Fabri,
505 2264 538 2326 in
562 2271 709 2328 extrema
730 2268 827 2347 parte
856 2262 932 2327 libri
954 2262 1046 2326 XXX
1070 2262 1184 2327 eodem
1212 2264 1310 2329 modo

156 2369 386 2435 Alschefskius
409 2369 562 2453 vulgavit.
603 2367 938 2453 DeCantabrigiensi,
961 2391 981 2434 a
1003 2369 1125 2434 Iacobo
1149 2371 1314 2436 Gronovio

157 2477 211 2542 hic
242 2477 311 2542 illic
345 2479 509 2561 inspecto,
543 2479 607 2542 etsi
635 2477 678 2541 ad
708 2476 859 2542 meliores
887 2477 1042 2556 inclinat,
1076 2478 1235 2543 incertum
1264 2485 1315 2544 est

158 2585 324 2665 iudicium,
354 2607 435 2649 usus
459 2586 666 2669 perexiguus.
716 2582 835 2663 Ceteri,
858 2586 914 2669 qui
937 2587 1157 2664 innotuerunt,
1181 2586 1315 2668 (praeter

160 2691 347 2777 Spireusem
382 2695 415 2757 in
444 2693 539 2759 libris
570 2691 825 2776 posterioribus)
853 2699 999 2759 recentes
1029 2713 1156 2770 umnec,
1189 2693 1314 2757 nullum

158 2822 298 2885 usquam
341 2808 542 2866 momentum
587 2800 727 2880 faciunt,
772 2800 1086 2885 interpolationibus
1129 2801 1314 2866 temerariis

76 2888 81 2895 ⁸
159 2909 368 2974 intermixtas
397 2909 521 2973 babent
543 2909 598 2972 hic
626 2907 694 2973 illic
721 2909 885 2974 minorum
913 2908 1105 2974 mendorum
1127 2930 1221 2974 veras
1244 2930 1315 2974 cor·

159 3017 334 3081 rectiones.

241 3121 371 3188 Codicis
392 3121 551 3188 Puteanei
573 3126 767 3208 praestantia
789 3124 934 3189 cernitur
955 3145 1022 3188 non
1044 3125 1165 3207 peritia
1185 3124 1315 3190 librarii

157 3230 291 3316 (ipsius,
320 3231 377 3313 qui
406 3230 492 3295 hunc
521 3233 667 3316 scripsit,
695 3239 754 3297 aut
782 3253 911 3311 eorum,
941 3231 1060 3315 quibus
1083 3233 1252 3313 successit)
1276 3253 1315 3297 ac

157 3359 198 3404 ne
231 3337 403 3422 diligentia
436 3340 569 3422 quidem
603 3346 663 3404 aut
696 3338 855 3422 religione
889 3339 1065 3418 eiusmodi,
1099 3360 1198 3423 quam
1233 3361 1314 3405 non·

157 3445 323 3511 nullorum
358 3447 513 3529 opinione
549 3454 582 3511 et
610 3448 761 3511 oratione
790 3446 889 3511 huius
918 3453 952 3511 et
981 3448 1135 3512 similium
1164 3447 1314 3512 codicum

157 3553 303 3619 librariis
332 3554 434 3618 tribui
462 3555 573 3632 video,
608 3554 665 3619 sed
696 3576 797 3638 quum
826 3556 901 3638 ipsa
930 3555 1146 3635 antiquitate,
1170 3554 1233 3619 hoc
1256 3563 1314 3633 est,

158 3662 289 3726 errandi
322 3683 423 3726 causa
457 3664 563 3727 minus
597 3661 831 3745 multiplicata,
871 3668 941 3725 tum
981 3682 1057 3726 vero
1090 3664 1230 3727 maxime
1265 3684 1313 3737 ea,

158 3789 231 3851 qua
260 3790 333 3834 cum
362 3775 461 3834 aetate
490 3771 668 3834 coniuncta
696 3776 762 3847 est,
797 3769 929 3834 errandi
957 3776 1058 3853 atque
1086 3771 1185 3834 etiam
1213 3771 1315 3834 inter·

158 3876 309 3962 polandi,
344 3878 399 3941 ubi
429 3877 642 3961 interpolatio
673 3876 864 3955 intervenit,
900 3875 1112 3960 simplicitate
1146 3884 1180 3941 et
1208 3879 1315 3961 prima

156 3983 272 4050 forma.
329 3984 414 4049 Nam
443 4008 482 4049 ex
511 3986 783 4070 praestantissimo
813 3985 891 4063 hoc,
926 3986 954 4050 si
982 4007 1056 4049 cum
1085 3987 1204 4050 ceteris
1227 4005 1314 4050 com·

156 4101 309 4176 paratur,
344 4093 387 4157 ad
422 4095 573 4159 criticum
606 4117 703 4159 usum
738 4094 851 4159 codice
880 4091 1027 4176 intellegi
1056 4098 1182 4177 potest,
1216 4113 1315 4176 quam

156 4201 266 4266 vitiosi
299 4208 377 4266 ante
407 4201 495 4266 mille
518 4222 621 4267 annos
648 4204 714 4267 iam
742 4201 866 4267 fuerint
893 4203 1092 4286 scriptorum
1121 4200 1315 4265 Latinorum

157 4307 305 4388 codices3
340 4316 374 4375 et
408 4310 685 4393 quemadmodum
720 4317 753 4374 et
786 4309 921 4374 lacunas
955 4316 989 4373 et
1021 4308 1175 4374 foliorum
1204 4315 1314 4372 trans·

155 4416 341 4500 positiones
369 4439 434 4482 non
466 4418 499 4481 in
522 4417 689 4483 Puteaneo
719 4418 790 4501 ipso
821 4424 926 4495 ortas,
960 4417 1018 4481 sed
1047 4418 1113 4480 iam
1143 4416 1177 4479 in
1201 4415 1314 4480 codice

157 4524 227 4589 eius
254 4531 394 4608 parente
421 4525 523 4590 fuisse
545 4525 744 4602 videbimus,
779 4524 826 4589 sic
854 4525 954 4589 etiam
978 4523 1143 4589 scribendi
1166 4544 1313 4587 errorum

156 4630 245 4697 bons
276 4654 356 4716 pars
389 4635 558 4715 antiquior
584 4633 753 4698 Puteaueo
789 4631 891 4697 fuisse
927 4638 1048 4716 potest.
1105 4630 1314 4715 (Exemplum

157 4740 233 4804 novi
261 4741 372 4805 mendi
400 4741 433 4805 in
462 4762 501 4806 eo
530 4747 589 4805 aut
618 4742 684 4805 iam
707 4748 783 4806 ante
807 4760 881 4804 eum
904 4761 943 4804 ex
966 4739 1162 4823 antiquioris
1185 4760 1313 4805 correc-
