3060 5272
237 310 299 365 Lib.
318 311 418 366 XXIII.
784 304 846 364 312

239 504 352 549 corum
375 484 529 566 gaudere.
581 486 760 568 Aptissima
789 489 873 553 inter
902 508 937 553 se
959 487 1159 571 respondent
1181 487 1338 554 favisse
1360 494 1398 554 et

239 613 317 656 non
340 592 537 657 invidere.
595 593 659 659 Sed
681 601 806 674 tamen,
841 595 955 660 addito
979 615 1011 674 a,
1045 604 1219 678 praeterea,
1249 596 1337 679 quod
1359 596 1395 661 in

240 698 408 764 codicibus
437 700 594 764 scribitur
622 699 752 768 fuisse
780 712 837 783 ut,
872 725 911 768 cx
940 725 979 768 eo
1009 703 1209 777 faciendum,
1243 704 1400 769 adhibita

239 808 498 890 transpositione
522 807 577 889 (de
600 829 665 890 qua
689 809 755 874 dixi
779 811 821 877 ad
844 812 940 876 huius
962 811 1040 875 libri
1063 832 1089 876 c.
1113 815 1142 888 2,
1166 811 1214 892 6);
1249 818 1319 877 aut
1341 810 1395 876 fa·

239 917 366 995 vissc3
401 937 507 1000 neque
530 917 618 981 enim
640 924 728 982 recte
751 918 844 983 abest
867 919 1031 1001 particula
1054 919 1254 984 disiunctiva
1276 919 1309 982 in
1332 919 1396 983 hac

240 1022 378 1088 duarum
411 1045 521 1089 rerum
556 1024 704 1107 diligenti
738 1028 962 1109 separatione,
997 1034 1034 1091 ut
1067 1035 1243 1108 utrumque
1272 1047 1331 1108 per
1359 1046 1396 1091 se

240 1131 387 1196 tollatur.
438 1131 483 1195 Ut
509 1132 563 1196 hic
590 1132 718 1198 fuisse
747 1155 807 1216 pro
831 1132 995 1212 favisse,
1030 1136 1077 1198 sio
1100 1134 1227 1198 fuerit
1249 1155 1310 1217 pro
1334 1132 1395 1199 fa·

239 1240 346 1304 verit
375 1239 531 1304 scribitur
559 1240 623 1320 Ill,
652 1247 708 1319 45,
740 1245 754 1304 l
780 1242 813 1305 iu
836 1241 870 1305 M
893 1241 1037 1320 stadiis,
1066 1240 1215 1307 fuimus
1244 1263 1303 1324 pro
1331 1239 1396 1306 fa·

239 1349 367 1412 vimus
390 1347 485 1426 XLV,
508 1352 558 1426 22,
586 1352 624 1411 10
647 1349 681 1412 in
704 1348 841 1414 Vindob.
892 1349 1063 1415 Postremo
1087 1349 1161 1414 loco
1184 1371 1305 1432 ponam
1326 1370 1396 1414 rem

240 1455 407 1519 minimam
431 1455 488 1519 scd
512 1461 651 1533 certam,
682 1455 698 1537 ξ
722 1460 762 1520 26
787 1456 914 1521 Liuium
943 1459 976 1521 in
1005 1458 1067 1521 hac
1090 1457 1248 1522 orationis
1271 1457 1397 1522 forma:

129 1599 136 1612 ·
241 1565 362 1641 Quum
396 1583 607 1644 erumpere
637 1584 654 1626 e
679 1565 833 1629 castris
860 1572 1036 1647 oportet,
1070 1566 1319 1632 cunctamini
1349 1584 1396 1628 ac

240 1673 429 1751 menotio,
463 1690 580 1751 quum
616 1691 788 1749 manere,
827 1679 965 1737 castre
997 1674 1130 1738 tutari
1165 1674 1289 1738 armis
1325 1693 1397 1737 ne-

241 1800 354 1844 ccsse
383 1785 459 1859 est,
493 1785 531 1842 et
560 1785 696 1842 castra
727 1785 765 1842 ct
793 1800 902 1844 arma
930 1788 969 1845 et
995 1802 1064 1847 vos
1087 1781 1199 1864 ipsos
1222 1780 1399 1845 traditis

240 1887 360 1964 hosti,
383 1908 449 1951 non
471 1907 566 1950 usum
589 1907 659 1951 esse
683 1887 843 1969 asyndeto
867 1889 900 1952 in
923 1888 1030 1953 altera
1052 1890 1188 1972 protasi,
1213 1888 1270 1952 scd
1294 1889 1400 1970 scrip·

241 1997 335 2061 sisse:
359 2015 474 2077 quum
497 2015 657 2058 manere
680 2002 714 2056 ct
739 2002 880 2060 castra
901 1997 1040 2061 tutari.
1074 1997 1119 2061 Et
1136 1996 1259 2061 excidit
1277 2001 1352 2079 post
1368 2014 1396 2059 c.

242 2104 311 2187 [Sic
335 2105 407 2168 cod.
431 2099 622 2183 Haverc.]¹)

153 2347 223 2415 „„,
681 2295 772 2377 nio.
806 2296 958 2377 xxm.

326 2427 405 2511 Cep.
431 2434 459 2506 2,
490 2434 508 2493 6
533 2427 603 2509 (ubi
625 2429 759 2494 Pacuvii
783 2427 907 2492 Calavii
930 2430 964 2493 in
988 2437 1104 2493 senatu
1128 2427 1297 2510 Campano
1322 2448 1397 2492 ora-

240 2537 287 2601 tio
321 2536 493 2616 1·csertur):
536 2538 684 2620 quippe
724 2539 792 2620 qui
831 2536 990 2601 liberos
1026 2559 1070 2600 cx
1104 2537 1197 2619 App.
1233 2533 1396 2599 Claudii

240 2643 337 2708 lilia
380 2642 554 2708 haberet
597 2644 812 2726 filiamque
858 2644 1015 2708 Romam
1062 2653 1233 2727 nuptum
1279 2642 1398 2706 Livio

168 2797 172 2808 .
240 2751 433 2815 dedisset.
490 2750 559 2814 Nec
594 2772 653 2833 per
681 2773 715 2816 se
743 2752 776 2814 in
805 2758 896 2815 certo
925 2752 1056 2816 homine
1086 2751 1303 2834 significando
1333 2772 1395 2815 nec

240 2865 317 2942 post
338 2860 433 2941 App.
458 2857 510 2922 Cl.
535 2859 643 2922 omitti
667 2879 854 2942 praenomen
876 2866 1024 2942 poterat3
1054 2859 1132 2924 fuit:
1163 2866 1328 2941 nuptum
1351 2859 1398 2922 M.

240 2968 362 3032 Livio

326 3074 406 3158 Cep.
431 3080 464 3153 3,
494 3079 513 3138 2
542 3074 589 3156 (in
618 3075 766 3140 ciusdem
794 3075 836 3139 ad
860 3074 989 3158 plebem
1013 3074 1195 3155 orationela
1225 3072 1400 3138 Clausos

202 3200 209 3212 ⁸
241 3205 375 3250 omnes
399 3182 594 3264 (senatores)
617 3185 656 3247 in
680 3184 831 3248 curiam
854 3185 1043 3266 accipite,
1067 3183 1188 3261 solos,
1211 3183 1396 3246 inermes.

240 3291 435 3357 Necessario
474 3292 682 3357 scribendum
721 3292 762 3356 in
795 3292 922 3369 curia,
960 3290 1065 3356 multo
1100 3291 1203 3371 magis
1238 3288 1282 3370 (ei
1316 3288 1395 3371 quid

240 3406 332 3466 recto
360 3401 482 3466 rectius
504 3400 568 3481 est)
591 3421 690 3483 quam
712 3400 746 3464 in
769 3419 840 3482 cap.
865 3402 899 3478 2,
929 3404 965 3462 9:
1000 3398 1183 3463 claudam
1212 3399 1252 3462 in
1283 3398 1397 3462 curia

239 3530 325 3588 v0s3
359 3509 413 3573 hic
447 3509 533 3573 enim
565 3509 631 3572 iam
666 3508 771 3572 clausi
805 3513 973 3586 tenentur,
1006 3506 1316 3589 perversissimcque
1346 3505 1401 3585 (ut

240 3624 354 3699 aperte
384 3617 494 3681 dicem
522 3614 562 3680 de
584 3619 655 3680 toto
677 3614 740 3680 hoc
762 3635 880 3697 genere
904 3615 1062 3678 acuminis
1086 3614 1209 3696 obtusi)
1233 3613 1397 3678 Weissen-

240 3724 376 3790 bomius
409 3724 473 3790 boc
506 3722 595 3802 loco,
629 3723 686 3787 ubi
719 3720 872 3787 Calavius
906 3721 1035 3786 clausos
1068 3728 1240 3787 senatores
1274 3721 1401 3805 populo

270 3912 294 3976 ¹)
312 3911 466 3966 Infeliciter
494 3909 569 3964 hunc
595 3909 688 3964 locum
710 3908 833 3962 tentavit
856 3906 970 3961 Wexius
992 3908 1062 3963 Idus.
1081 3909 1133 3964 Rh.
1153 3909 1207 3962 vol.
1227 3908 1264 3976 (n.
1284 3906 1316 3974 s.)
1341 3904 1397 3959 IIII
1491 3913 1493 3915 ’

309 4015 335 4065 p.
354 3998 412 4050 632.
454 3992 482 4064 [ξ
507 3997 553 4061 23,
571 3994 620 4047 ubi
642 3994 672 4047 in
695 3993 758 4047 Put.
782 3997 836 4047 est:
870 4009 971 4060 quum
996 3995 1109 4049 omnia
1131 3993 1291 4048 subsidia
1314 3992 1399 4046 vitto

310 4081 492 4148 abdesunt,
520 4079 667 4134 editur-
693 4079 857 4133 abessent
881 4083 930 4133 aut
952 4079 1130 4146 deessent,
1160 4081 1273 4134 subesse
1300 4082 1400 4147 potest

309 4168 598 4236 absumpsissent.
630 4162 717 4232 1862]
