3008 4756
234 331 296 387 niu.
314 330 441 386 xxxm.
778 316 840 376 486

235 504 358 587 ipsum,
386 502 534 584 raptim
556 489 701 583 capere
724 518 834 562 arma
856 499 979 562 iussis
1003 497 1204 564 militibus
1228 499 1392 577 (dimidiae

235 609 323 674 illius
357 610 478 692 partis,
520 628 592 689 quae
632 608 665 671 in
705 606 821 671 castris
859 606 1091 687 remanserat),
1131 604 1393 687 infrequenti

235 716 393 798 agmine
416 722 537 798 porta
559 713 953 795 egressum—aciem
975 713 1237 778 instruxisse.
1268 714 1392 797 Itaque

235 822 415 906 depravata
449 821 518 887 haec
551 842 623 886 osse
657 827 795 885 constat.
859 819 897 883 Id
936 820 1060 885 iactum
1100 829 1151 885 est
1185 842 1285 903 quum
1320 821 1392 887 alio

235 930 362 994 minore
396 950 525 1005 errore,
564 935 635 993 turn
676 929 896 1009 geminatione
936 926 1076 1009 quadam
1117 935 1151 993 et
1189 928 1394 1010 repetitione

237 1036 376 1101 duarum
404 1057 529 1101 vocum.
587 1035 697 1099 Livius
734 1035 819 1098 enim
848 1037 894 1098 sic
923 1036 1116 1115 scripserat:
1151 1035 1211 1099 lbi
1242 1042 1395 1114 parte·

237 1143 437 1205 dimidiam
472 1145 697 1219 exercitus,
732 1141 889 1204 dirlsam
925 1126 1145 1219 trifariam,
1180 1150 1219 1206 et
1252 1164 1395 1208 omnes

237 1252 395 1333 equites
437 1250 670 1315 discurrere
703 1283 747 1293 —
780 1248 906 1312 iubet.
968 1248 1159 1328 (Dimidiam
1192 1258 1320 1331 partem
1355 1251 1396 1315 in

139 1340 144 1349 ¹
236 1359 355 1424 castris
384 1357 580 1423 remansisse
610 1378 670 1438 per
692 1377 726 1419 se
748 1356 910 1438 apparet.)
960 1355 1026 1420 Aut
1054 1376 1093 1419 cx
1123 1356 1192 1420 solo
1224 1357 1396 1423 scribendi

237 1487 348 1531 errore
378 1463 599 1546 (dimissam
633 1485 692 1545 pro
727 1461 913 1542 diuisam)
943 1470 1056 1526 natum
1090 1470 1139 1528 cst
1167 1465 1296 1528 initium
1325 1464 1396 1531 loci

237 1571 466 1653 corrumpendi
500 1576 558 1634 aut
588 1569 677 1651 quod
706 1569 860 1633 distincte
890 1570 929 1633 de
958 1577 1099 1651 utraque
1129 1570 1266 1635 dimidia
1293 1579 1396 1654 qrartc

237 1678 302 1744 dici
335 1677 489 1742 librarius
523 1676 641 1757 aliquis
675 1675 787 1739 voluit.
849 1674 999 1740 Cet-erum
1033 1698 1134 1760 prope
1169 1686 1295 1742 certum
1327 1686 1396 1761 est,

237 1786 363 1850 Livium
390 1785 425 1849 in
452 1784 515 1848 hac
538 1784 782 1848 enumeratione
807 1784 905 1846 trium
929 1804 1081 1865 agrorum
1103 1807 1169 1849 non
1192 1786 1398 1867 elegantiam

236 1892 549 1975 inelegantiseimam
581 1897 732 1972 captasse
768 1911 806 1953 ex
835 1891 993 1954 varianda
1021 1890 1084 1955 hoc
1112 1893 1209 1957 modo
1239 1894 1397 1960 oratione

238 1998 285 2081 (in
322 1999 508 2064 nominibus
542 2018 677 2081 prorsus
713 1996 858 2060 eiusdem
888 1998 1045 2079 generisl:
1080 1999 1395 2066 Pellenensium

238 2106 550 2189 Sicyoniumque
584 2124 705 2185 agros
740 2112 777 2167 et
806 2103 1043 2183 Phliasium,
1078 2106 1136 2169 sed
1166 2105 1397 2174 autvPclle·

237 2234 399 2278 uensem
432 2213 617 2295 scripsisse,
656 2218 694 2275 ut
726 2211 791 2275 lac.
823 2211 1007 2276 Gronovius
1041 2213 1140 2277 scribi
1173 2213 1290 2292 voluit,
1331 2222 1396 2282 aut

238 2320 603 2403 sicyoniorumque
625 2353 669 2363 —
691 2325 730 2382 et
751 2317 1069 2399 Phliasiorum.¹)

324 2425 402 2510 Cap.
428 2430 481 2505 18,
510 2431 545 2489 7:
581 2424 773 2489 Omnibus
803 2446 845 2488 ex
874 2425 1079 2508 prasidiis
1108 2462 1149 2473 -
1173 2428 1396 2496 devocatis

238 2540 278 2599 et
307 2533 354 2597 ab
384 2534 475 2616 ipsa
496 2532 761 2596 Stratonicea
783 2531 1069 2597 Thessalorum
1098 2535 1395 2604 auxiliaribus.

237 2640 342 2705 Nimis
370 2639 457 2704 nude
487 2659 621 2703 omnes
644 2638 798 2702 dicuntur
820 2640 1039 2723 contrariique
1061 2648 1227 2723 ponuntur
1249 2642 1398 2708 auxilia·

237 2746 338 2811 ribus.
397 2744 472 2809 Siue
502 2744 603 2810 dubio
632 2745 855 2810 scribendum:
890 2748 1074 2812 omnibus
1105 2747 1325 2831 praesidiis,
1354 2758 1399 2817 ut

237 2853 382 2934 undique
405 2860 477 2917 tota
497 2853 651 2937 praesidia
674 2854 833 2918 devocata
855 2853 1098 2935 intellegantur.
1133 2854 1257 2936 (1863.)
1290 2853 1309 2937 ξ
1335 2861 1398 2923 162

237 2960 315 3025 Diu
338 2981 486 3044 auceps
509 2981 641 3044 pugna
662 2963 782 3026 stetit
804 2960 1019 3041 (Rhodiorum
1042 2968 1076 3026 et
1097 2962 1291 3027 Achaeorum
1316 2983 1399 3031 cum

236 3067 473 3133 Macedonibus
501 3089 605 3152 prope
633 3067 830 3146 Alabanda).
888 3067 1062 3133 Numero
1097 3069 1243 3147 Achai,
1277 3069 1398 3138 mille

152 3188 223 3252 (388)
242 3183 280 3240 et
309 3176 405 3258 ipsi,
440 3164 763 3257 quadringentos
798 3174 888 3238 loco
916 3176 1110 3258 pepulere
1140 3175 1201 3256 (sic
1228 3182 1319 3241 recte
1347 3177 1396 3260 B3

238 3281 432 3365 expulere
455 3282 502 3361 hl,
537 3282 655 3347 saltem
684 3281 733 3346 cd.
758 3280 867 3361 lllog.).
919 3280 1048 3347 Vitiosa
1076 3283 1183 3348 oratio
1212 3291 1277 3361 est3
1311 3304 1397 3351 nam

238 3397 277 3455 et
299 3390 381 3473 ipsi
403 3389 582 3472 significat,
611 3389 805 3453 Achaeorum
834 3387 972 3452 eundem
995 3388 1096 3453 fuisso
1118 3410 1302 3468 numerum,
1331 3393 1398 3475 qui

237 3497 501 3562 adversariorum
534 3496 682 3579 proxime
716 3495 880 3559 indicatus
915 3496 967 3558 sit.
1022 3496 1066 3559 At
1093 3518 1198 3579 neque
1227 3498 1398 3581 praecolit

237 3604 384 3688 proxime
406 3603 671 3668 adversariorum
688 3602 816 3666 numeri
833 3602 956 3666 mentio
974 3608 1007 3665 et
1024 3623 1064 3667 ea
1080 3603 1153 3685 ipsa
1169 3624 1269 3668 causa
1286 3602 1397 3675 fuisse

237 3711 374 3790 dicitur,
407 3731 467 3776 cur
491 3709 600 3774 Achaei
628 3711 809 3786 vincerent,
844 3709 931 3791 quod
959 3709 1022 3793 ipsi
1045 3710 1173 3793 plures,
1207 3710 1397 3781 adversarii

236 3824 368 3883 tantum
391 3816 447 3883 CD
469 3816 599 3882 fuerint.
633 3817 670 3881 In
692 3816 720 3880 B
743 3815 915 3881 scribitur:
938 3815 1067 3881 Achai
1090 3824 1129 3883 et
1151 3819 1243 3901 ipsi,
1267 3819 1397 3888 omisso

267 4067 326 4136 Ἡ
352 4071 368 4122 7
396 4070 425 4123 in
452 4085 543 4124 meam
574 4067 799 4126 emendationem
826 4068 877 4134 (ab
905 4070 1061 4136 Cleonis,
1096 4068 1197 4140 Opusc.
1220 4067 1250 4124 Il
1276 4086 1304 4139 p.
1328 4072 1399 4141 m)

306 4159 406 4219 postea
425 4153 673 4209 Weissenbcmius
691 4154 801 4210 incidit.
