3060 5272
230 318 293 373 Lu.
310 317 358 372 1v.
782 305 841 366 112

231 489 402 557 Nomina
435 487 646 556 consulum
678 488 820 555 horum
855 488 1041 555 Licinius
1074 487 1209 554 Macer
1242 494 1388 555 auctor

231 603 295 662 est
316 603 378 663 cet.
423 597 648 682 Relinquitur:
672 596 865 663 suffectis
887 597 951 663 his
974 616 1075 663 0000.
1098 597 1387 680 pretermissa.

231 704 372 788 Scripsit
393 705 495 789 igitur
516 705 641 771 Livius:
677 702 820 785 Credo,
849 703 1140 790 quodtribuni
1161 704 1240 770 mil.
1263 704 1390 771 initio
1443 777 1445 780 ⁴

221 813 329 878 ,anni
355 810 538 893 fuerunt,
574 813 743 898 perinde
776 834 821 879 ac
857 814 892 879 si
919 818 1050 904 totum
1081 810 1123 895 [V
1145 811 1319 897 perinde
1343 832 1390 880 ac

231 925 372 1001 totum,
400 927 439 986 ut
461 921 502 1002 11,
530 925 581 1001 58,
608 926 635 1001 1,
658 920 729 1002 VII,
753 924 781 1001 3,
805 925 833 1003 9,
856 920 1005 1002 XXVIII,
1031 923 1080 1000 38,
1106 918 1160 1004 10]
1183 940 1327 986 annum
1349 921 1389 986 in

231 1030 405 1113 imperio
444 1027 618 1110 fuerint,
657 1028 861 1095 suffectos
900 1029 952 1095 iis
992 1028 1183 1094 consules
1216 1035 1388 1112 prater·

230 1137 387 1204 missos.
434 1135 541 1215 Quum
564 1134 766 1202 suffectos
790 1136 880 1219 (uam
902 1156 1002 1203 coss.
1020 1142 1103 1203 nota
1123 1134 1280 1219 ambigua
1301 1135 1387 1217 erat)

230 1265 343 1310 errore
367 1245 411 1310 ad
434 1246 485 1310 iis
502 1243 787 1311 accommodatum
803 1250 901 1325 esset,
924 1245 1236 1329 pretermissos,
1259 1250 1297 1309 ut
1314 1263 1388 1308 cnm

231 1374 286 1431 eo,
321 1352 408 1434 quod
432 1351 646 1436 sequebatur,
680 1352 888 1418 substantivo
919 1351 1102 1434 (nomina)
1126 1352 1387 1434 coniungeretur,

229 1462 265 1524 in
292 1461 567 1544 praetermissa
593 1464 758 1525 mutatum
787 1466 846 1525 est.
902 1458 1065 1525 Tenemus
1086 1459 1205 1543 igitur,
1232 1466 1270 1524 ut
1291 1459 1387 1524 initio

232 1568 310 1646 dixi,
338 1567 393 1633 hic
418 1584 548 1652 quoque
576 1566 627 1647 (ut
643 1566 701 1647 111,
727 1571 776 1648 38,
803 1565 856 1649 10)
879 1566 1033 1633 mendum
1054 1568 1120 1633 iam
1142 1567 1176 1632 in
1200 1567 1313 1634 codice
1337 1584 1390 1632 ar·

231 1675 373 1760 chetypo
402 1674 658 1759 interpolatione
688 1676 905 1755 occultatum;
938 1676 1074 1740 tertium
1101 1674 1207 1741 simile
1237 1680 1390 1741 occurret

231 1784 445 1862 moffif

319 1888 398 1974 Cap.
422 1895 451 1969 8,
474 1894 509 1953 2:
540 1890 648 1956 Idem
671 1890 734 1956 hic
758 1911 885 1956 annus
908 1910 1089 1956 censurae
1112 1892 1278 1956 initium
1300 1890 1389 1970 fuit,

232 1999 292 2063 rei
315 2018 336 2063 a
357 2018 484 2081 parva
507 1999 665 2082 origine
690 2005 802 2075 ortae,
830 2018 913 2080 quae
942 1997 1088 2063 deiude
1117 2004 1235 2065 tanto
1259 2000 1388 2064 iucre-

231 2111 367 2172 mento
391 2111 514 2171 aucta
536 2111 609 2186 est,
632 2111 675 2170 ut
696 2126 847 2180 morum
869 2105 1180 2191 disciplinaeque
1202 2105 1388 2172 Romana

232 2234 357 2298 penes
381 2235 465 2279 eam
488 2214 680 2298 regimen,
709 2219 875 2279 senatus
899 2214 1163 2297 equitumque
1185 2215 1388 2293 centuria,

235 2322 397 2388 decoris
432 2321 731 2407 dedecorisque
766 2320 983 2386 discrimen
1012 2321 1083 2386 sub
1113 2321 1275 2388 dicione
1304 2322 1389 2386 eius

235 2430 520 2512 magistratum
550 2428 809 2514 publicorum
831 2430 894 2494 ius
917 2430 1257 2513 privatorumque
1279 2429 1392 2495 loco·

236 2557 334 2617 rum,
368 2537 594 2620 vectigalia
615 2538 756 2622 populi
780 2538 949 2603 Romani
972 2537 1167 2605 subnutu
1189 2544 1312 2619 atquc
1335 2557 1392 2601 ar·

236 2644 362 2709 bitrio
398 2650 545 2709 essent.
609 2642 672 2722 Qui
705 2644 881 2728 diligenter
915 2645 1109 2726 attenderit,
1143 2644 1391 2724 animadvertet,

166 2769 221 2836 (93)
240 2752 324 2817 male
358 2752 510 2835 componi
544 2772 609 2816 una
642 2755 725 2818 serie
759 2753 829 2818 haec
861 2753 942 2818 tria:
978 2759 1176 2832 senatum,
1209 2753 1392 2835 equitum

237 2861 456 2938 centurias,
487 2858 650 2926 decoris
674 2860 969 2944 dedecorisque
993 2859 1222 2940 discrimen,
1244 2859 1308 2925 hoo
1331 2866 1391 2938 001,

237 2967 369 3034 ordines
392 2973 426 3032 et
447 2967 596 3032 homines
620 2988 693 3032 cum
717 2968 856 3033 actione.
906 2968 1033 3034 Deinde
1063 2967 1148 3033 falso
1173 2969 1303 3033 omnino
1328 2989 1391 3031 se-

237 3082 356 3141 natus
385 3074 456 3140 sub
486 3076 647 3140 dicione
677 3097 855 3141 censurae
877 3075 979 3141 fuisse
1003 3075 1139 3155 dicitur3
1169 3076 1392 3140 1011111011-

236 3182 389 3267 gulorum
429 3182 586 3266 dignitate
621 3184 846 3249 conservanda
878 3182 1094 3249 minuendave
1128 3203 1302 3248 censorum
1334 3204 1393 3267 po·

237 3298 344 3356 testas
373 3297 462 3370 erat;
496 3312 516 3355 0
545 3296 681 3357 senatus
711 3293 841 3358 actione
871 3297 905 3357 et
927 3289 1073 3357 consiliis
1094 3291 1248 3376 regendis
1270 3290 1393 3374 longis-

238 3400 318 3465 sime
346 3399 493 3465 aberaut.
539 3398 634 3464 ⁴Tum
669 3399 829 3465 decoris
864 3406 903 3464 et
936 3397 1151 3465 dedecoris
1180 3398 1298 3480 (omnis
1327 3418 1394 3464 om·

239 3505 343 3588 nium)
372 3506 547 3572 discrimen
576 3507 673 3571 nimis
701 3505 829 3573 infinite
852 3506 981 3572 dicitur.
1032 3504 1204 3572 Postremo
1226 3507 1260 3570 iu
1283 3506 1395 3571 codice

237 3614 417 3698 archetypo
441 3612 632 3695 (MPLlHI,
665 3615 766 3680 etiam
795 3612 1018 3683 deterioribus
1044 3611 1208 3697 pluribus)
1237 3613 1395 3697 scriptum

237 3728 312 3787 erat
339 3724 554 3801 centuriis,
589 3723 678 3804 quod
706 3722 870 3805 quomodo
899 3721 930 3786 h.
954 3719 975 3783 1.
999 3739 1039 3784 ex
1068 3721 1263 3786 centuria·
1291 3719 1394 3804 (quod

239 3831 272 3894 iu
308 3829 436 3895 duobus
473 3829 778 3913 interpolatissimis
805 3828 945 3913 reperiri
973 3827 1118 3908 videtur3
1151 3847 1229 3892 nam
1257 3827 1291 3892 iu
1319 3825 1394 3892 aliis

239 3942 291 4001 est
324 3937 621 4018 centuriarum)
657 3938 737 4003 oriri
770 3936 931 4022 potuerit,
970 3956 1067 4001 nemo
1099 3934 1197 4002 facile
1231 3935 1393 4020 expediet.

238 4043 303 4109 Sed
326 4052 403 4127 post
424 4047 614 4127 regimen
637 4044 759 4111 excidit
780 4046 829 4110 in.
880 4043 1065 4128 Scripserat
1087 4045 1173 4110 enim
1197 4043 1325 4110 Livius:
1355 4045 1395 4108 in

238 4158 386 4217 senatu
410 4154 674 4238 equitumque
698 4153 899 4219 centuriis
917 4152 1077 4219 decoris
1095 4151 1395 4235 dedecorisque
