3060 5272
717 831 759 895 69
1211 843 1274 901 nib.
1293 844 1313 899 l

155 1017 261 1097 tine;
288 1016 348 1097 ΠΙ,
376 1021 428 1097 to,
458 1021 478 1081 6
505 1016 638 1083 libere
661 1037 705 1082 ac
728 1016 875 1102 pudice
897 1038 958 1101 pro
981 1016 1122 1082 liberae
1143 1024 1178 1083 st
1198 1016 1315 1083 simili·'

156 1133 214 1192 tar
235 1125 376 1207 mauu)

247 1231 326 1319 Cap.
348 1237 405 1313 41,
437 1237 469 1297 l:
504 1231 668 1299 Clamor
701 1232 796 1298 inde
830 1253 1136 1318 concursusque
1170 1232 1312 1317 populi

161 1342 412 1421 mirantium,
445 1340 545 1424 quid
576 1341 637 1407 rei
664 1348 781 1407 esset.
837 1341 948 1407 Livius
976 1342 1159 1425 scripserat
1184 1348 1314 1406 tantum

159 1469 461 1535 concursusque
496 1450 741 1517 mirantium.
800 1449 1047 1516 Substantia-um
1081 1447 1226 1529 addidit,
1261 1451 1312 1515 cui

160 1581 226 1626 nou
252 1557 404 1625 saffiram
431 1556 607 1624 videbatur
634 1559 845 1643 participium
874 1558 1024 1624 habitum
1051 1559 1313 1624 concurrentium

157 1666 357 1753 significans.
407 1667 475 1733 Nec
499 1666 610 1732 Livius
637 1687 699 1732 nec
725 1665 810 1733 alius
839 1668 1015 1751 quisquam
1042 1666 1219 1751 populus
1242 1667 1313 1731 mi·

154 1782 297 1842 rantes
329 1775 429 1856 dixit3
461 1796 503 1840 nc
536 1774 712 1860 populus
740 1775 883 1841 iubent
910 1776 1052 1859 quidem.
1102 1774 1227 1853 Eritne,
1257 1776 1313 1858 qui

156 1885 349 1971 populum
371 1883 607 1949 mirantium
629 1882 754 1967 fingat?
778 1883 902 1967 (1861.)

245 1991 342 2078 *Gap
364 1995 416 2071 43,
441 1996 476 2057 5:
499 1990 650 2057 Tertia
672 1992 819 2057 classis
841 1993 881 2058 in
904 1993 1208 2075 quinquaginta
1228 1990 1313 2056 mil·

159 2102 259 2168 lium
280 2121 439 2186 censum
462 2121 552 2166 csse
574 2100 715 2166 voluit.
759 2099 886 2166 Horum
907 2100 1093 2179 uerborum,
1116 2100 1237 2184 quibus
1259 2121 1313 2165 res

159 2217 276 2296 aperta
307 2209 451 2275 breuiter
482 2208 662 2288 indicatur,
698 2210 885 2275 coniunctio
919 2210 1134 2293 grammatice
1167 2207 1313 2292 expediri

156 2319 286 2402 nequit3
319 2338 396 2383 nam
423 2337 497 2400 qua
520 2315 664 2383 editores
686 2317 835 2384 nonnulli
857 2317 1119 2402 adscripserunt,
1152 2317 1313 2383 eiusmodi

156 2433 247 2507 sunt,
280 2433 319 2491 ut
352 2433 469 2492 contra
502 2425 568 2490 dici
601 2446 684 2510 opus
717 2447 783 2492 non
817 2427 911 2506 siti)
966 2426 1094 2491 Livium
1123 2426 1310 2510 scripsisse:

154 2535 307 2602 Tertiae
336 2534 489 2600 classis
518 2534 818 2617 quinquaginta
839 2534 1012 2600 millium
1035 2556 1197 2600 censum
1220 2556 1308 2600 esse
1328 2545 1381 2614 (49)

153 2645 291 2713 voluit
312 2643 389 2725 (hoc
412 2648 478 2722 est,
513 2643 542 2707 si
564 2641 785 2708 enarrandum
808 2649 874 2723 est,
909 2645 1016 2708 tertiae
1039 2643 1155 2708 classis
1178 2664 1312 2709 censum

187 2914 212 2983 ¹)
231 2913 575 2985 [Tumultuosissimoe
590 2912 699 2982 Bauer]
726 2912 759 2968 ln
777 2912 877 2969 eodem
895 2915 958 2969 loco
972 2914 1033 2982 fuit,
1051 2915 1099 2985 qui
1114 2913 1206 2969 dehis
1220 2914 1314 2969 verbis

228 3001 385 3056 dubitaret:
408 2998 535 3068 quibus
558 2999 721 3053 consueti
744 3005 841 3054 erant
858 3005 1002 3070 uterque
1020 3001 1224 3071 agrestibus
1241 2999 1312 3055 fer·

227 3086 409 3150 ramentis3
433 3101 532 3153 noque,
554 3083 632 3153 qnod
650 3086 701 3139 uti
719 3084 817 3140 andire
833 3086 970 3153 iubemur,
993 3105 1037 3141 res
1056 3087 1216 3157 expeditur;
1240 3085 1314 3139 unde

229 3172 305 3228 enim
322 3171 370 3226 ille
388 3169 546 3226 infinitivus
565 3171 705 3226 sumitur?
723 3170 779 3225 Sed
796 3189 854 3226 nou
872 3170 962 3227 audeo
981 3179 1090 3227 mutare
1105 3170 1181 3242 apud
1194 3171 1313 3236 Livium,

228 3257 304 3327 quod
332 3256 494 3312 Columella
522 3256 623 3312 saltem
649 3261 678 3311 et
705 3256 792 3311 Plinii
813 3258 932 3312 Minoris
960 3260 1129 3314 auctoritate
1156 3257 1315 3313 defenditur

228 3342 478 3410 (consuescere
496 3341 546 3398 rei
564 3346 593 3397 et
609 3357 652 3410 rc,
671 3348 863 3399 consuetus
882 3343 950 3412 rei).

185 3431 212 3495 ⁸)
230 3427 478 3483 Drakenborchius
500 3428 534 3482 in
558 3427 813 3497 quinquaginta
834 3428 981 3483 millium
1007 3426 1169 3496 „commode
1191 3428 1314 3498 positum

229 3514 320 3584 accipi
342 3529 427 3585 posse
448 3530 502 3584 pro
524 3531 631 3582 usque
650 3513 687 3567 in
704 3531 860 3568 summam
879 3514 1133 3583 quinquaginta
1150 3513 1314 3569 millium“

230 3604 320 3670 putat,
338 3616 423 3668 quam
441 3615 494 3669 ego
513 3598 628 3669 ellipsin
645 3598 828 3670 ignorabam
852 3599 901 3655 sed
919 3601 978 3670 ipsa
997 3616 1014 3653 a
1031 3616 1061 3654 se
1079 3598 1238 3655 desciscens
1256 3598 1312 3653 sor·

229 3690 304 3740 tssae
327 3685 441 3739 millia
464 3683 644 3740 scribendum
667 3700 727 3738 esse
750 3685 873 3740 coniicit
913 3684 1156 3739 Weissenbornius
1178 3701 1315 3740 censum

233 3771 316 3826 ctiam
334 3771 371 3826 ad
388 3770 506 3825 tertiae
525 3769 651 3825 classis
669 3768 743 3823 traffl
760 3771 830 3836 vult,
849 3775 882 3824 nt
899 3769 1027 3824 adhibita
1044 3768 1097 3824 hac
1115 3769 1315 3837 geminatione,

232 3874 285 3926 qua
316 3855 492 3911 accusativus
519 3856 549 3910 in
575 3853 632 3909 fine
658 3854 806 3908 sententia
825 3872 842 3908 a
859 3854 1060 3925 praepositione
1086 3852 1211 3922 pendens
1236 3857 1318 3907 antea

231 3942 353 3998 subiecti
379 3941 443 3997 loco
472 3941 510 3996 sit
530 3945 560 3994 et
582 3940 744 4009 genetivum
766 3945 859 4009 regat,
886 3940 948 3995 haec
972 3937 1111 3993 efficiatur
1133 3938 1272 3993 sententia
1290 3946 1318 3992 et

228 4028 332 4083 oratio:
372 4043 497 4082 census
535 4026 570 4081 in
602 4025 855 4095 quinquaginta
885 4024 1036 4079 millium
1068 4040 1206 4079 censum
1237 4023 1316 4078 fnit.

228 4113 423 4170 Alschefskius
440 4117 543 4171 autam.
565 4111 699 4166 mirificus
716 4111 809 4180 homo,
828 4110 864 4165 ad
881 4111 1042 4182 genetivum
1060 4110 1174 4165 tertius
1193 4108 1317 4163 classis

229 4200 327 4256 uncio
336 4198 412 4254 unde
421 4198 502 4254 audit
515 4198 616 4265 cives,
632 4202 664 4252 ut
678 4213 751 4252 esse
766 4196 799 4253 in
813 4198 1068 4268 quinquaginta
1082 4197 1229 4252 millium
1243 4212 1318 4250 ceu·

228 4302 299 4340 sum
327 4285 366 4340 sit
392 4284 651 4355 quinquaginta
677 4283 824 4338 millium
850 4301 990 4340 censum
1016 4282 1208 4354 possidere.
1252 4278 1318 4334 Nou

226 4370 341 4426 ridiculi
365 4387 451 4425 cansa
472 4369 532 4425 lndi
555 4369 674 4425 credas?
708 4368 821 4439 Siquis
844 4375 938 4425 autem
961 4370 1001 4424 ita
1023 4370 1111 4424 verba
1128 4366 1318 4436 intellegenda

228 4457 383 4528 putaverit,
407 4461 440 4511 nt
458 4455 570 4512 Servius
593 4455 703 4510 dicatur
724 4456 817 4511 tertiae
840 4456 938 4511 classis
956 4472 1016 4509 esse
1034 4454 1130 4522 (tertia
1148 4453 1237 4508 classe
1254 4470 1318 4508 con·

228 4542 323 4610 tincti)
342 4542 463 4598 voluisse
482 4559 579 4597 omnes
597 4558 703 4610 usque
721 4540 762 4595 ad
779 4542 802 4596 L
822 4541 941 4595 millium
954 4557 1078 4606 censum,
1097 4556 1160 4593 eum
1175 4543 1316 4605 conatum,

228 4645 265 4683 ne
282 4627 337 4683 alia
354 4644 583 4695 commemorem,
605 4631 714 4682 evertet
731 4627 765 4681 iu
782 4626 946 4697 praepositio
965 4625 1093 4679 inaudita
1111 4624 1316 4696 significatione

228 4714 331 4784 posita,
348 4714 379 4768 in
398 4712 594 4769 descendendo
611 4712 779 4782 praesertim.
