3060 5272
167 368 231 423 Lib.
251 367 336 422 XLII.
706 357 768 419 622

166 541 387 607 crederentur.
431 539 635 628 Aduerbium
665 543 817 625 passim
850 563 949 625 prave
981 544 1158 627 repetitum
1191 547 1243 608 est
1272 562 1332 607 ex·

165 648 391 733 superioribus
415 646 445 731 (ἕ
469 646 518 727 Sl:
543 656 579 713 et
601 650 641 713 in
663 648 760 732 iuga·
779 652 931 733 passim
954 653 1048 717 caesi
1071 659 1172 718 sunt.

250 756 328 842 Cap.
351 761 380 836 8,
404 761 439 821 6:
462 756 533 838 (ubi
555 763 686 822 senatus
703 757 902 842 indignatur,
926 759 1104 826 crudeliter
1126 762 1275 827 saevitum
1293 779 1316 825 a

163 863 207 930 Μ.
230 864 370 949 Popillio
394 864 530 931 consule
553 866 586 929 in
610 865 746 948 Ligures
769 865 929 948 deditos):
961 875 1023 935 tot
1045 869 1177 935 millia
1200 868 1313 953 capi·

163 982 244 1037 tum
277 974 551 1051 innoxiorum,
589 973 712 1038 iidem
749 974 1019 1058 implorantes
1047 968 1201 1062 'populi
1234 976 1314 1042 Rc·

164 1082 285 1160 mani,
307 1082 484 1165 pessimo
507 1082 686 1167 exemplo
709 1084 871 1148 venisse
901 1091 940 1149 et
970 1085 1196 1152 distractos
1218 1082 1337 1169 pas·'

90 1196 92 1200 ‘
164 1192 235 1255 sirn
258 1191 383 1255 iustis
407 1190 606 1271 quondam
628 1191 818 1257 hostibus
841 1192 981 1277 populi
1004 1194 1172 1258 Romani
1194 1213 1313 1277 paca·

162 1300 216 1364 tis
250 1299 415 1364 seruire.
465 1298 516 1363 Ad
548 1299 778 1382 indignitatem
810 1302 856 1366 rei
895 1301 1077 1384 augendam
1111 1302 1195 1367 adeo
1227 1298 1313 1365 nihil

163 1408 322 1492 pertinet,
357 1406 446 1491 quod
486 1408 648 1490 pacatis
688 1407 824 1490 Ligures
857 1412 1015 1483 serviunt,
1048 1417 1086 1474 ut
1112 1430 1181 1475 rem
1208 1408 1314 1475 leniat

163 1514 197 1580 id
229 1515 422 1580 vocabulum
462 1515 664 1597 consilioque
699 1517 856 1582 orationis
896 1525 1066 1602 repugnet.
1124 1516 1188 1582 Sed
1221 1516 1310 1601 quod
1426 1514 1429 1521 ’

163 1622 461 1702 Weissenbornius,
485 1623 712 1688 animadverso
736 1627 906 1690 sententiae
930 1627 1023 1704 vitio,
1047 1625 1219 1691 substituit
1240 1646 1312 1708 pa·

163 1740 292 1808 catos,
315 1731 415 1795 etiam
438 1731 584 1796 vitiosius
608 1741 672 1809 est3
707 1733 786 1815 quid
815 1734 898 1798 enirn
922 1755 1004 1817 opus
1027 1741 1077 1798 est
1100 1734 1164 1798 dici
1186 1753 1312 1818 paca·

162 1850 226 1906 tos
254 1861 340 1918 esse,
370 1839 426 1924 qui
453 1839 609 1903 venditi
636 1842 800 1906 serviant?
856 1841 927 1906 L'nc
958 1841 1053 1907 modo
1082 1843 1115 1906 in
1149 1841 1312 1924 reliquam

163 1950 360 2014 seutentiam
380 1947 502 2013 includi
525 1947 558 2011 id
581 1948 775 2013 vccabulum
793 1956 912 2033 potest,
935 1958 968 2015 et
986 1949 1112 2014 includi
1129 1950 1309 2033 aptissime,

167 2059 197 2123 si
219 2064 276 2122 aut
299 2055 387 2140 [curn
409 2054 629 2140 Heusingero]
651 2058 717 2121 riu
740 2056 981 2141 pacatis'aut
1002 2079 1127 2142 nuper
1148 2057 1312 2141 pacatis

161 2165 304 2245 scribas,
328 2172 361 2230 et
382 2185 509 2247 nuper
531 2171 607 2249 post
631 2188 684 2249 pr.
707 2165 804 2231 facile
828 2166 979 2232 excidere
1002 2167 1119 2250 potuit.
1154 2165 1231 2230 Haec
1254 2185 1309 2230 cc-

160 2274 296 2353 haerent,
319 2275 441 2339 servire
464 2272 599 2356 Ligures
622 2276 672 2347 iis,
696 2276 752 2358 qui
776 2274 941 2357 quondam
957 2274 1069 2338 hostes
1088 2274 1309 2339 Romanorum

160 2384 292 2460 fuerint,
314 2403 418 2465 nuper
441 2381 569 2446 demum
593 2384 703 2465 pracati
726 2384 800 2447 sint.
836 2381 988 2464 Sequitur
1011 2379 1041 2463 (ᾗ
1062 2380 1094 2463 7)
1118 2383 1150 2446 in
1175 2388 1311 2447 senatus

161 2494 311 2557 decreto:
336 2489 519 2574 (placere
543 2490 722 2571 senatui)
753 2525 796 2534 -
818 2491 1002 2571 bonaque
1026 2496 1068 2554 ut
1089 2490 1142 2554 iis
1166 2488 1309 2572 (Liguri-

159 2597 476 2684 bus),·quidquid
506 2599 591 2662 eius
614 2600 854 2683 recuperari
889 2598 1036 2680 possit,
1070 2595 1310 2677 reddantur,

160 2706 355 2790 (consulem)
379 2726 539 2784 curare;
572 2727 680 2771 arma
713 2726 871 2789 quoque
906 2712 1088 2790 tempore
1111 2705 1206 2771 fieri
1238 2725 1309 2770 nec

159 2824 255 2883 ante
280 2813 489 2880 consulem
513 2813 558 2878 de
581 2814 792 2898 provincia
815 2812 1026 2891 decedere,
1056 2835 1173 2898 quam
1197 2812 1305 2878 dedi·

158 2932 224 2990 tos
247 2925 285 2989 in
308 2923 445 2989 sedem
467 2943 576 2988 suam
599 2922 772 3006 Ligures
795 2922 1061 2987 restituisset.
1094 2922 1248 2987 Licenter
1270 2926 1304 2986 et

157 3033 331 3100 infeliciter
364 3033 434 3097 haec
457 3037 614 3115 tirpuaeus
647 3031 920 3116 interpolarerat3
955 3030 1013 3096 sed
1046 3052 1087 3094 ne
1117 3030 1307 3113 Kryssigius

161 3137 294 3222 quidem
316 3160 429 3205 rerum
452 3140 543 3215 vidit,
567 3142 624 3224 qui
646 3139 787 3205 fortasse
807 3139 1015 3204 scribendum
1031 3139 1188 3223 putavit:.
1202 3158 1312 3202 arma

156 3247 289 3331 primo
309 3269 468 3332 quoque
486 3258 670 3333 tempore
688 3247 836 3314 referri
860 3246 963 3330 (qnod
983 3268 1044 3330 prc
1067 3245 1185 3311 reddi
1202 3245 1308 3329 accipi

155 3356 225 3421 vult
247 3363 362 3421 contra
384 3379 480 3421 usum
501 3356 683 3440 loquendi),
707 3377 767 3421 nec
788 3355 1087 3433 Weissenbornius,
1117 3354 1173 3437 qui
1204 3355 1327 3450 scrip·

155 3465 215 3530 sit:
251 3486 362 3530 arma
395 3486 556 3549 quoque
590 3465 781 3549 adempta
811 3463 970 3529 referri.
1016 3461 1127 3527 Livius
1157 3461 1199 3527 ad
1221 3461 1307 3526 hanc

154 3574 293 3639 formam
325 3575 517 3658 scripserat:
551 3595 662 3639 arma
694 3591 840 3652 quoquc
872 3571 996 3650 reddl3
1031 3589 1150 3649 eaque
1183 3568 1305 3651 prino

154 3690 314 3766 quoque
338 3689 520 3765 ternpore
543 3682 655 3759 fieri,
679 3703 750 3746 nec
780 3687 877 3745 ante
901 3686 962 3745 cet.
1008 3680 1087 3758 Quae
1110 3679 1232 3744 litteris
1256 3678 1305 3742 in·

154 3790 351 3873 signicribus
371 3790 493 3860 addidi,
518 3792 638 3855 omissa
656 3796 732 3854 sunt
756 3797 890 3873 propter
913 3809 1070 3872 quoque
1087 3787 1137 3852 bis
1150 3788 1307 3871 positum.

154 3898 224 3982 (Op
236 3908 466 3982 pugnantes
500 3922 560 3983 pro
595 3905 826 3982 pugnantes
859 3896 985 3962 frustra
1020 3895 1305 3961 Weissenbornius

154 4007 308 4073 defendit.
333 4014 442 4072 crtum
465 4029 504 4071 ex
526 4005 724 4092 praecedenti
747 4005 826 4088 0.)¹)

154 4152 303 4159 ——--...

177 4234 199 4300 ¹)
218 4231 319 4302 [Quum
338 4234 451 4303 expleta
463 4235 648 4304 apertissima
663 4234 777 4304 originis
793 4234 901 4300 lacuna,
918 4231 1013 4286 littera
1026 4229 1103 4285 nulla
1116 4235 1231 4297 mutata,
1245 4245 1303 4284 rec·
