3060 5272
252 377 314 434 Lib.
332 378 416 432 XLV.
798 368 859 429 714

250 550 372 615 finito
396 550 521 616 aliter
542 551 649 616 bello
673 552 877 636 sequendo
901 552 1027 617 aliter
1054 548 1314 634 gratulandi,
1344 571 1402 615 no-

252 658 348 723 tabili
381 680 492 724 errore
526 666 559 725 et
591 679 707 724 vocum
740 659 963 744 repetitione.)
1008 657 1117 723 Utin
1152 657 1273 723 Rhodii
1306 657 1406 741 legati

253 767 417 847 oratione,
450 768 497 832 sic
530 767 564 831 in
598 775 729 833 senatus
758 790 889 853 quoque
919 789 1077 852 responso
1106 766 1261 831 mendum
1283 766 1406 831 residet

252 874 285 958 (ᾗ
308 873 357 956 6):
392 874 569 940 Rhodios
596 896 667 940 nec
695 877 946 942 utilitatium
970 875 1134 941 Greeciee
1156 894 1284 956 neque
1308 895 1406 940 cura

250 984 523 1067 impensarum
547 984 691 1066 populi
715 987 896 1063 Romani,
932 984 1002 1050 sed
1035 1004 1106 1067 pro
1136 983 1285 1048 Perseo
1319 1003 1405 1048 eam

251 1091 503 1175 legationem
536 1091 707 1158 misisse.
763 1093 952 1158 Ablativum
984 1093 1116 1174 utrique
1151 1090 1296 1156 membro
1331 1111 1405 1157 ora·

250 1200 350 1264 tionis
372 1201 532 1295 negativae
554 1202 715 1284 copulatae
739 1221 942 1266 communem
969 1221 1035 1265 non
1064 1220 1163 1283 posse
1191 1201 1277 1264 inter
1304 1219 1403 1283 nega-

251 1308 374 1372 tionem
407 1314 441 1373 et
468 1308 606 1373 alterum
641 1311 827 1391 genetivum
859 1310 1040 1393 interponi,
1070 1314 1160 1373 recte
1191 1307 1342 1372 Dukerus
1371 1313 1405 1373 et

248 1415 306 1480 alii
338 1422 524 1495 senserunt,
559 1417 618 1482 sed
650 1418 684 1481 in
717 1418 909 1500 corrigendo
943 1417 1148 1482 aberrarunt.
1194 1415 1283 1480 Nihil
1317 1417 1404 1479 enim

248 1522 340 1588 aliud
362 1524 519 1589 librarius
542 1546 655 1609 quam,
679 1524 767 1608 quod
796 1527 975 1609 saepissime
1003 1525 1097 1604 fecit,
1126 1525 1265 1590 duarum
1288 1544 1403 1588 vocum

249 1631 397 1696 ordinem
409 1633 551 1712 invertit,
569 1655 669 1717 quum
688 1634 831 1699 scribere
850 1634 1032 1699 debuisset:
1056 1653 1127 1698 nec
1149 1631 1403 1697 utilitatium

248 1739 413 1805 Graeciae
447 1762 543 1806 cura
575 1762 705 1824 neque
738 1743 1012 1825 impensarum
1047 1740 1191 1825 populi
1225 1740 1401 1805 Romani.

250 1847 295 1912 Iis
318 1849 475 1932 exemplis
499 1848 659 1915 huismodi
683 1852 996 1934 transpositionum,
1025 1870 1097 1934 quse
1126 1870 1226 1932 supra
1255 1849 1300 1931 (p.
1324 1848 1401 1930 491)

213 1974 218 1983 ’
248 1976 290 2019 ex
312 1956 397 2022 libro
420 1956 525 2021 XLIII
549 1959 659 2042 posui,
688 1979 727 2023 ex
754 1958 816 2023 hoc
838 1958 923 2024 libro
946 1957 1030 2022 XLV
1053 1957 1132 2022 addi
1157 1956 1225 2021 haec
1248 1965 1401 2040 possunt:

249 2062 517 2147 c.5,10(quam
535 2067 632 2130 mori
652 2088 710 2150 pro
730 2068 832 2131 mori
855 2067 993 2150 quam),
1019 2064 1401 2149 13‚1(rettulitred·

250 2171 322 2252 iit),
356 2176 402 2251 17,
427 2177 445 2235 2
469 2173 564 2254 (tum
587 2175 727 2258 Pauli),
750 2178 800 2255 21,
824 2181 843 2238 4
867 2175 976 2257 (ente
999 2197 1074 2240 non
1093 2184 1127 2239 et
1151 2172 1305 2238 vellent
1327 2172 1401 2238 for·

248 2285 341 2343 rent
364 2302 423 2363 pro
446 2279 576 2348 ferret
597 2283 776 2365 vellent),
800 2287 849 2361 31,
875 2286 893 2346 3
917 2282 1098 2365 (inflatis
1120 2282 1301 2364 fuerant)
1325 2289 1359 2347 et
1382 2285 1401 2346 5

249 2385 367 2456 (elati
389 2376 680 2472 Romanorum),
705 2397 754 2469 34,
781 2397 796 2455 1
822 2390 881 2473 (ea
904 2391 977 2472 ad),
1002 2394 1050 2470 35,
1075 2395 1093 2454 9
1120 2389 1306 2471 (militum
1337 2410 1398 2471 pe·

247 2496 369 2559 cunia
390 2496 504 2562 illum
523 2499 682 2577 iudicia
699 2501 794 2565 dare
816 2499 925 2580 non);
947 2520 1007 2563 nec
1031 2499 1141 2563 omnia
1157 2518 1208 2562 me
1226 2497 1398 2580 collegisse

249 2602 402 2668 arbitror.

334 2709 411 2795 Cep.
436 2717 465 2791 4,
491 2718 509 2776 2
533 2736 633 2798 quum
655 2717 689 2780 in
713 2716 826 2781 codice
845 2715 892 2780 sic
915 2713 1095 2779 scribatur:
1118 2712 1267 2778 Paulus
1284 2713 1397 2777 AEmi·

247 2817 329 2882 lius
364 2820 523 2900 consul,
558 2844 643 2888 cum
667 2831 821 2903 castra,
849 2829 892 2888 ut
920 2843 1043 2905 supra
1072 2821 1224 2887 dictum
1248 2828 1325 2902 est,
1349 2820 1397 2886 ad

247 2924 360 2993 Sires
399 2936 518 2995 terres
557 2930 908 2996 Odomantidiehae
943 2929 991 3013 (id
1025 2937 1075 2995 est
1108 2928 1394 3011 Odomanticae)

246 3033 430 3103 haberet.
461 3037 613 3104 litterae
636 3039 683 3105 ab
706 3060 801 3124 rege
824 3039 972 3105 Perseo
996 3059 1064 3122 per
1086 3038 1289 3121 ignobiles
1312 3044 1396 3103 tres

244 3142 404 3225 legatos
428 3155 627 3227 cerneret,
655 3155 693 3213 et
720 3145 808 3231 iisse
832 3147 1112 3214 illacrimasse
1136 3148 1290 3213 dicitur
1314 3169 1396 3212 sor·

245 3252 300 3316 tis
324 3253 357 3333 (i.
382 3275 409 3318 e.
434 3257 552 3336 sorti)
576 3256 774 3332 humanae,
797 3263 947 3339 apparet,
975 3256 1127 3322 lacunam
1162 3258 1208 3320 sic
1230 3257 1339 3320 notari
1363 3261 1396 3319 et

244 3362 411 3444 utcunque
435 3363 557 3446 expleri
581 3364 751 3429 debuisse:
773 3400 817 3409 -
839 3364 1028 3442 heberet,
1050 3363 1204 3430 litterae
1233 3363 1280 3429 ab
1303 3383 1395 3445 rege

244 3469 390 3535 Perseo
424 3491 493 3555 per
525 3472 731 3554 ignobiles
764 3479 846 3538 tres
880 3472 1040 3556 legatos
1072 3473 1224 3536 tradita
1258 3470 1395 3554 [rectius

245 3578 498 3659 Wesenbergius
515 3578 698 3663 redditae]
722 3581 759 3644 el
781 3586 876 3656 sut,
896 3600 990 3657 qus
1009 3600 1115 3658 qun
1135 3588 1334 3659 cerneret,
1353 3615 1394 3625 -

243 3685 523 3752 illacrimesse
546 3696 606 3753 cet.
653 3689 778 3754 Deinde
802 3687 818 3771 ξ
841 3693 861 3752 4
884 3690 919 3753 in
949 3689 1000 3754 his
1023 3689 1145 3754 verbis:
1170 3695 1393 3774 postquam,

244 3796 387 3878 Regem
411 3795 560 3860 Persea
582 3797 740 3862 consuli
764 3797 889 3861 Paulo
912 3796 1098 3877 salutem,
1122 3796 1233 3881 legit,
1258 3817 1392 3862 accasa-

242 3905 327 3968 tivus
349 3903 406 3968 ille
428 3924 560 3986 regem
582 3903 733 3970 Persea
755 3926 892 3988 prorsus
923 3927 1074 3989 perverse
1103 3908 1253 3990 ponitur:
1286 3925 1393 3989 neque

151 4013 447 4083 delenimenta
470 4013 574 4079 forma
596 4014 692 4095 (Rex
714 4013 748 4077 Ρ.
772 4013 898 4079 Paulo
927 4014 1024 4095 sal),
1047 4033 1118 4098 quae
1141 4036 1200 4097 per
1228 4035 1262 4078 se
1286 4014 1394 4097 posite

241 4120 368 4185 facilem
402 4121 503 4186 habet
536 4123 674 4205 eIIIpsin,
709 4123 755 4186 sic
790 4122 922 4204 oblique
950 4123 1083 4205 reliquae
1118 4124 1257 4187 orationi
1292 4124 1393 4187 inseri

241 4227 309 4294 ullo
344 4230 439 4294 modo
475 4238 595 4313 potest,
628 4240 665 4296 ut
699 4231 870 4295 omittatur
903 4230 1089 4296 infinitivus.
1136 4230 1264 4296 Codex:
1298 4250 1392 4313 rege
