3060 5272
220 358 281 412 Lib.
301 358 348 412 IX.
766 346 828 407 206

306 531 383 615 Cap.
415 535 449 609 6,
480 534 515 593 o:
551 528 773 596 Confestim
808 531 991 613 insignia
1021 553 1093 597 sna
1122 536 1372 618 consulibus,

218 640 369 719 fasces,
410 641 597 719 lictores,
638 661 760 719 arma,
795 662 936 724 equos
971 642 1234 722 vestimenta,
1269 666 1372 710 com-

218 757 374 814 meatus
405 748 608 813 militibus
630 749 803 831 benigne
826 748 1013 833 (Campani)
1038 751 1214 815 mittunt.
1270 754 1372 820 Vitio-

217 859 346 923 sissime
380 857 449 922 baro
483 858 529 922 sie
558 858 681 941 scripta
711 865 803 936 sunt,
838 864 996 940 tanquam
1030 858 1138 922 fasces
1173 867 1207 925 et
1235 861 1369 927 lictores

216 967 374 1031 militibus
408 967 501 1030 missi
535 967 616 1045 sint,
657 987 763 1047 neque
802 967 888 1029 enirn
928 966 998 1031 haec
1037 966 1102 1032 duo
1136 969 1270 1033 nomina
1303 971 1371 1035 ulla

216 1078 313 1140 modo
353 1097 373 1139 a
411 1074 547 1157 reliquis
587 1075 784 1138 accusativis
831 1074 941 1139 divelli
987 1082 1142 1158 possunt,
1187 1080 1369 1159 prasertim

216 1187 285 1249 sine
308 1184 427 1267 copula
444 1183 592 1263 (fasces
614 1182 878 1264 lictoresque)
897 1184 1007 1266 posita
1024 1190 1058 1247 et
1074 1184 1106 1247 in
1126 1190 1266 1269 utraque
1285 1189 1368 1251 serie

214 1293 419 1358 accusativos
456 1291 732 1373 subsequentibus
756 1291 875 1356 dativis
904 1292 991 1372 (ins.
1024 1310 1093 1356 sua
1115 1294 1367 1364 oonsulibus,

214 1424 323 1467 arma
346 1437 386 1445 —
405 1399 628 1480 militibus).
667 1399 811 1479 Accedit,
834 1400 921 1483 quod
945 1422 1039 1464 nemo
1064 1402 1277 1482 magistratus
1302 1404 1366 1467 lto-

213 1533 328 1575 mauus
351 1510 485 1573 lictores
509 1509 699 1591 peregrinos
723 1515 918 1590 accepturus
942 1515 1021 1572 erat.
1057 1508 1120 1573 Sed
1139 1510 1228 1590 quod
1247 1511 1366 1574 llorcb-

213 1619 380 1682 bammcro
410 1624 443 1682 et
465 1617 599 1681 Hertzio
630 1615 746 1680 tollere
775 1616 927 1695 lasese,
956 1617 1131 1681 lictores
1160 1618 1193 1680 in
1223 1624 1365 1683 mentem

213 1728 315 1804 venit,
349 1726 481 1807 requiro
516 1724 730 1789 additamenti
765 1745 909 1789 causam.
964 1725 1008 1788 Et
1040 1726 1153 1791 subest
1185 1727 1365 1791 remedium

212 1834 316 1899 multo
338 1832 485 1911 facilius,
521 1832 729 1897 scribendum
753 1838 805 1896 est
827 1834 927 1896 enirn:
962 1834 1143 1915 insignia
1172 1856 1243 1898 sua
1272 1856 1364 1899 eon-

212 1941 388 2018 sulibus,
428 1941 562 2006 fasces
598 1940 822 2020 llrtorlbss,
863 1963 973 2006 arma
1003 1977 1047 1987 —-
1079 1942 1290 2007 militibus
1324 1979 1365 1988 -

211 2052 389 2115 mittunt.
446 2049 565 2114 Fasces
599 2049 762 2114 Samnites
798 2050 989 2114 ademerant
1024 2050 1198 2114 lictoribus
1233 2073 1253 2114 a
1287 2073 1362 2114 con·

210 2159 338 2223 solibus
368 2158 459 2241 abire
488 2159 586 2221 iussis
617 2159 657 2237 (e.
683 2163 718 2235 5,
752 2157 813 2239 13),
870 2158 964 2242 Ipsos
998 2159 1132 2223 lictores
1160 2180 1226 2224 non
1256 2161 1360 2242 magis

209 2290 307 2349 quam
347 2274 473 2331 ceteros
513 2267 717 2330 retinuerant
750 2273 809 2330 aut
842 2267 993 2331 consules
1027 2273 1085 2331 aut
1118 2267 1269 2331 tribunos
1303 2274 1362 2332 aut

208 2377 337 2441 milites.
383 2375 507 2456 (1875.)
558 2373 757 2456 Sequitur§
797 2380 834 2437 lt)
864 2375 910 2455 (in
941 2374 1179 2459 Campanorum
1209 2376 1360 2441 iuvenum

208 2484 248 2548 de
276 2484 435 2548 militibus
465 2485 619 2547 llornanis
643 2504 663 2546 a
686 2483 835 2546 Fureulis
859 2482 1016 2548 Caudinis
1044 2484 1258 2548 redeuntibus
1286 2506 1360 2549 nar-

206 2594 362 2673 rationel:
399 2593 531 2656 iacere
561 2591 736 2655 indolem
767 2590 880 2654 illam
911 2592 1131 2670 Romanam,
1168 2592 1355 2658 ablatos-

206 2720 280 2783 que
311 2722 393 2764 enm
424 2701 545 2764 armis
570 2701 739 2778 avrirnos3
773 2721 847 2762 non
872 2699 1041 2764 reddere
1065 2701 1253 2779 salutem,
1281 2723 1355 2765 non

206 2810 492 2875 salutantibus
522 2809 620 2872 dare
649 2830 901 2890 responsum,
932 2830 1010 2872 non
1039 2809 1197 2874 hiscere
1221 2832 1356 2892 quem·

205 2941 321 3003 quarn
351 2940 428 3001 prae
458 2924 562 2981 metu
588 2918 786 2999 potuisse.
833 2917 1059 2981 Salutantibus
1083 2919 1173 2982 sulus
1197 2918 1356 2996 redditur,

204 3048 268 3092 non
292 3048 494 3110 responsum,
519 3026 605 3108 quod
629 3026 853 3108 quserentibus
877 3026 1026 3089 debetur.
1072 3026 1282 3090 Manifestum
1308 3033 1357 3090 est

204 3137 286 3201 duas
316 3158 408 3199 voces
438 3135 545 3198 locum
574 3140 719 3197 mutasse
743 3134 1014 3216 scribemlumque
1038 3156 1124 3198 esse:
1159 3156 1235 3197 non
1264 3135 1356 3198 red·

117 3262 187 3330 (175)
206 3246 300 3310 dere
330 3244 508 3307 salutem
538 3241 836 3321 salutantibus,
870 3264 945 3306 non
976 3241 1072 3305 dare
1101 3264 1352 3326 responsum,

204 3398 427 3409 ——-—

269 3465 290 3532 I,
311 3468 368 3530 101,
387 3464 433 3517 ubi
454 3462 581 3516 Crassum
596 3462 682 3516 Cotta
704 3461 865 3530 alloquitur,
885 3461 981 3516 Senes„
996 3462 1049 3531 Ep·
1064 3465 1106 3530 94,
1125 3466 1167 3530 41,
1186 3463 1235 3517 ubi
1249 3464 1354 3518 Seneca

269 3568 332 3604 curn
352 3549 461 3602 Lucilio
480 3549 695 3615 sermocinatur,
714 3548 784 3601 nihil
803 3549 961 3618 praterea]
983 3547 1068 3601 Initio
1087 3549 1188 3617 eapitis
1208 3550 1242 3602 de
1260 3550 1350 3603 altero

269 3636 355 3689 alius
380 3634 508 3687 tollendo
530 3651 594 3687 vere
614 3633 775 3689 iudicarunt
792 3634 920 3688 Muretus
939 3640 968 3686 et
985 3633 1150 3687 Gronovius.
1192 3634 1282 3688 Alteri
1301 3653 1353 3704 por

268 3721 411 3775 obstantia
429 3719 591 3773 enitendum
610 3719 774 3785 fremebant,
794 3720 874 3773 alteri
893 3720 962 3773 nihil
983 3737 1130 3789 superesse
1149 3721 1255 3774 salutis.
1296 3721 1352 3775 Sed

268 3808 296 3859 in
315 3806 402 3874 ipsius
420 3805 484 3858 libri
503 3805 627 3871 exordio,
646 3822 706 3874 cap.
727 3809 749 3871 l,
768 3807 792 3871 7,
812 3804 969 3859 Gronovius
987 3823 1074 3874 pravo
1094 3805 1214 3859 artifieio
1233 3824 1351 3874 eumque

268 3892 357 3946 secuti
374 3891 460 3944 ceteri
474 3894 660 3959 corruperunt
675 3891 850 3959 aptissimam
865 3891 937 3944 hanc
950 3892 1086 3945 orationis
1101 3892 1231 3945 tonnam:
1250 3891 1349 3959 Quem

267 3976 711 4031 tibi-irarnm-indicem
731 3975 857 4030 leram?
882 3976 1211 4047 Neminem—fugio,
1249 3975 1347 4046 Optio·

267 4081 330 4117 nem
345 4063 462 4117 Pontius
476 4063 604 4116 Romano
622 4062 721 4116 iudicis
741 4062 801 4128 dat3
821 4063 959 4116 neminem
979 4064 1089 4132 excipit.
1118 4061 1218 4129 Quem
1237 4063 1348 4129 leram,

264 4150 432 4203 nerninem
454 4149 553 4218 fugio
577 4167 628 4218 pro
651 4167 700 4211 eo,
728 4148 803 4217 quod
821 4154 875 4202 est:
908 4167 1003 4217 quem
1027 4149 1153 4218 fugiam
1176 4169 1236 4204 nec
1259 4149 1348 4204 serre

264 4235 375 4303 velim,
395 4252 489 4288 nemo
507 4239 567 4302 est,
585 4253 716 4305 perverse
735 4235 844 4289 dieitur.
