3060 5272
240 349 305 405 Lib.
324 348 396 407 XLI.
787 338 849 400 602

241 521 522 604 Histriamque
553 522 677 604 suurn)
701 523 934 608 praesidium
956 523 1152 588 stativum
1173 522 1395 607 repentina

241 631 389 697 cohors
418 629 660 697 Placentina
687 632 882 716 opposita
909 632 1017 696 inter
1045 652 1152 696 mare
1180 637 1219 697 et
1253 635 1397 696 castra

241 745 295 818 ct,
325 745 367 803 ut
400 738 505 804 idem
539 739 812 823 aquatoribus
841 738 891 804 ad
920 738 1088 804 fluvium
1117 745 1224 805 esset
1252 739 1395 823 praesi-

242 846 357 927 dium,
380 846 424 912 Μ.
446 847 634 913 AEbutius
657 847 750 913 trib.
774 848 853 912 mil.
883 847 1070 913 secundae
1092 848 1268 931 legionis
1292 845 1394 911 duos

239 955 470 1039 manipulos
504 956 680 1020 militum
708 957 888 1021 adiicere
922 957 1059 1022 iussus
1093 962 1163 1021 est.
1207 955 1279 1021 Non
1302 953 1391 1019 idem

240 1064 304 1129 hoc
320 1064 510 1147 praesidium
526 1061 627 1129 fuisse
644 1065 739 1129 unius
757 1063 830 1141 loci,
849 1064 906 1130 scd
924 1065 988 1130 duo
1007 1064 1145 1143 diversa,
1163 1069 1197 1129 et
1212 1085 1265 1129 res
1283 1069 1394 1127 osten·

240 1174 291 1237 dit
324 1172 502 1254 additaque
535 1173 684 1238 locorum
717 1175 838 1238 mentio
872 1179 905 1238 et
938 1174 1143 1256 apertissime
1177 1172 1288 1236 Livius
1321 1172 1395 1255 ipse

242 1281 322 1345 dicit
343 1282 491 1365 proximo
515 1282 623 1366 capite
646 1281 677 1364 (ᾖ
701 1280 750 1362 3);
774 1281 849 1345 duo
873 1280 989 1346 simul
1008 1280 1210 1365 praesidia,
1228 1279 1393 1344 Placen·

240 1391 336 1454 tinae
370 1390 551 1455 cohortis
585 1397 623 1454 et
655 1389 954 1473 manipulorum
988 1388 1171 1454 secundae
1200 1388 1395 1470 legionis,

241 1498 538 1581 aggrediuntur
572 1497 644 1581 (cfr.
669 1520 695 1562 c.
727 1503 755 1576 7,
780 1503 797 1560 9
822 1498 861 1562 de
884 1498 1000 1563 eadem
1022 1497 1088 1577 re);
1117 1499 1228 1579 itaque
1257 1497 1393 1561 verbum

241 1607 425 1671 adiicere
448 1607 605 1671 inusitate
633 1608 777 1690 positum
805 1606 1046 1690 reprehendere
1075 1608 1199 1670 omitto.
1245 1607 1395 1690 Apparet

242 1716 337 1792 euim,
360 1716 484 1797 opinor,
509 1715 635 1778 Livium
659 1716 706 1779 sic
728 1714 796 1779 fere
814 1717 998 1799 scripsisse:
1025 1722 1072 1791 et,
1096 1728 1140 1778 ut
1162 1715 1250 1777 lton
1273 1735 1394 1797 aqua·

241 1821 403 1887 toribus
427 1823 475 1886 ad
497 1822 667 1888 fluvium
687 1830 795 1888 esset
812 1823 1053 1907 praesidium,
1077 1822 1119 1887 M.
1138 1822 1326 1887 AEbutius
1349 1856 1393 1866 -

244 1930 344 1995 duos
378 1931 607 2015 manipulos
642 1932 813 1996 militum
836 1951 876 1993 eo
904 1933 1042 1994 lucere
1070 1931 1210 1995 iussus
1240 1938 1316 2009 est3
1351 1929 1392 1995 ds

152 2044 228 2116 (494)
247 2039 420 2104 ducendi
455 2040 553 2105 verbo
580 2040 671 2104 nulla
698 2047 749 2104 est
783 2040 991 2121 dubitatio.¹)
1037 2039 1190 2122 Sequitur
1214 2039 1254 2103 de
1279 2039 1393 2118 Gallis,

242 2149 298 2230 qui
321 2129 604 2214 Romana'castra
633 2149 856 2232 sequebantur
878 2147 909 2232 (ξ
933 2148 979 2228 8);
1005 2147 1207 2212 Catmelus
1237 2169 1307 2230 pro
1330 2169 1392 2212 re·

241 2257 335 2340 gulo
370 2264 461 2322 erat
489 2258 625 2323 tribus
661 2257 767 2321 haud
797 2257 972 2339 amplius
1000 2256 1183 2320 millibus
1207 2262 1390 2321 armato·

240 2388 334 2431 rum.
379 2365 508 2444 Mirum,
531 2386 588 2430 cur
611 2387 670 2449 pro
693 2387 769 2448 rege
793 2365 922 2429 dicatur
944 2365 1055 2442 fuisse,
1079 2387 1144 2429 non
1167 2385 1239 2443 rex,
1262 2364 1392 2429 inaudi-

241 2480 311 2538 tum
333 2475 367 2537 in
389 2474 452 2537 hoc
486 2473 616 2538 dicendi
649 2495 766 2557 genere
801 2474 1037 2537 deminutivum
1070 2472 1264 2537 vocabulum
1288 2474 1392 2555 (esse

240 2604 310 2667 pro
333 2580 508 2663 regulo);
531 2581 613 2645 mire
643 2583 741 2646 etiam
765 2580 931 2646 Catmelus
960 2588 1050 2645 certo
1072 2602 1209 2646 numero
1232 2604 1292 2664 pro
1315 2603 1391 2663 rege

239 2690 338 2755 fuisse
363 2689 492 2753 dicitur.
538 2689 649 2753 Livius
673 2690 864 2772 scripserat:
890 2688 1095 2753 Catmelus
1123 2691 1278 2770 regulus
1301 2711 1392 2771 pre·

240 2804 322 2860 erut
351 2797 487 2862 tribus
515 2795 620 2860 haud
649 2797 822 2881 amplius
846 2820 887 2861 m.
912 2818 940 2861 a.
986 2797 1024 2862 ld
1048 2806 1239 2881 corruptum
1263 2806 1313 2864 est
1336 2820 1390 2864 eo-

240 2907 315 2973 dem
349 2905 456 2985 modo,
491 2926 555 2986 quo
578 2904 690 2983 XLIV,
715 2910 763 2984 36,
790 2911 827 2969 13
851 2906 1021 2971 scribitur:
1057 2908 1122 2990 qui
1151 2907 1271 2971 hodie
1301 2929 1390 2973 esse

240 3037 316 3099 pro:
340 3013 460 3079 hodie
483 3015 644 3097 quiesse
676 3014 751 3096 (vid.
775 3037 805 3098 p.
830 3014 915 3095 492).
961 3014 1131 3079 Librarius
1161 3017 1261 3093 enirn,
1291 3038 1391 3099 quum

240 3124 392 3206 primum,
421 3125 541 3188 omisso
571 3124 752 3204 reguluS,
781 3124 904 3207 primas
938 3124 1068 3188 litteras
1097 3123 1187 3188 verbi
1216 3132 1391 3206 praerat

239 3232 433 3315 scripsisset,
452 3232 676 3297 animadverso
701 3252 819 3310 errore,
837 3231 1000 3315 regulus
1018 3233 1233 3315 interposuit;
1257 3253 1297 3295 cx
1314 3232 1389 3298 hoc:

238 3362 315 3423 prae
338 3341 502 3423 regulus
526 3347 613 3405 erat
634 3340 757 3405 factum
780 3340 935 3419 (fortasse
965 3361 985 3403 a
1017 3339 1184 3423 Grynem:
1219 3362 1289 3423 pro
1323 3362 1388 3405 re·

236 3449 330 3531 gulo
365 3457 464 3514 erat.
517 3448 642 3530 (XLIV,
679 3453 730 3526 41,
771 3454 791 3512 4
823 3449 979 3513 librarius
1012 3448 1082 3531 ipse
1127 3470 1186 3532 pro
1226 3456 1386 3514 tantum

239 3558 325 3621 sine
359 3558 490 3640 scripsit
523 3558 609 3621 sine
642 3563 777 3636 tant03
811 3556 1099 3640 transpositionem
1132 3564 1246 3621 secuta
1279 3564 1385 3622 muta·

236 3665 285 3729 tio
309 3665 383 3746 est.)
429 3664 623 3749 [Proeerat
646 3665 712 3728 ium
734 3664 893 3747 Rupertio
915 3664 949 3728 in
972 3671 1114 3729 mentem
1137 3663 1248 3748 venit]

324 3770 402 3856 Cap.
427 3776 498 3852 2,8
533 3774 585 3851 (de
619 3773 697 3855 fuga
731 3772 952 3837 Romanorum
975 3793 992 3835 e
1016 3775 1135 3837 castris
1166 3775 1199 3838 in
1229 3773 1386 3855 Histria):

235 3880 383 3963 Itaque
405 3883 551 3965 primo,
574 3880 686 3946 velut
708 3881 812 3944 iussi
834 3880 873 3944 id
901 3880 1052 3959 facere,
1081 3883 1198 3964 pauci
1223 3884 1370 3948 armati

235 3990 362 4054 maior
389 4011 483 4073 pars
516 3991 704 4065 inermes,
739 3987 786 4052 ad
814 4010 919 4059 mare
953 3987 1184 4054 decurrunt.
1231 3991 1309 4055 Haec
1339 3993 1388 4057 sic

262 4210 285 4274 ¹)
305 4208 405 4279 [Simili
423 4211 587 4267 coniectura
604 4209 758 4265 Weissenb.
778 4228 845 4265 usus
864 4209 927 4280 cst]
