3060 5272
218 325 281 379 Lib.
301 325 347 378 IX.
768 315 829 374 212

130 503 203 572 (179)
308 497 385 580 Cap.
413 501 461 561 19.
513 497 649 561 Duobus
673 499 706 561 in
728 495 791 562 hoc
814 498 921 580 capite
945 496 1179 562 additamentis
1202 504 1303 569 aucta
1325 505 1377 563 est
1483 567 1488 578 ,

218 605 301 670 Livii
323 604 442 682 oratio,
477 625 614 686 quorum
643 604 784 669 alterum
813 605 848 668 in
870 603 887 687 ἓ
910 610 931 669 4
955 603 1188 687 (Samnites)
1211 605 1277 670 iam
1299 612 1376 689 post

217 711 385 777 Dobreum
407 735 427 778 a
450 712 714 778 Weissenbornio
737 712 785 776 ita
807 712 901 777 video
925 713 1124 792 convictum,
1152 717 1190 777 ut
1212 711 1296 777 nihil
1318 712 1376 777 ad·

218 818 360 884 <lendum
384 819 576 898 existimem,
599 821 660 883 nisi
686 820 774 902 quod
792 820 849 900 illi,
874 840 940 884 non
959 826 1144 905 perspecto,
1168 818 1249 902 quid
1272 818 1376 885 codex

215 927 415 1010 archetypus
444 927 478 990 in
505 927 568 991 hoc
591 948 708 1010 genere
731 948 852 1010 passus
875 933 980 1007 esset,
1015 928 1253 1009 quaesiverunt,
1287 927 1376 1012 quod

216 1035 457 1100 substituerent
480 1034 613 1099 sublato
637 1033 806 1099 vocabulo.
851 1034 1002 1099 Alterum
1024 1055 1129 1114 nemo,
1153 1035 1242 1117 quod
1264 1037 1375 1115 sciam,

217 1143 404 1226 suspicione
433 1143 559 1224 attigit,
591 1143 654 1207 etsi
683 1163 749 1207 non
779 1143 887 1207 minus
909 1141 1119 1206 manifestum
1142 1143 1240 1225 est.¹)
1290 1142 1376 1209 Nam

216 1249 274 1315 ubi
296 1250 422 1327 Livius,
452 1271 473 1314 a
496 1248 702 1331 digressione
732 1247 772 1313 de
795 1249 982 1314 Alexandro
1005 1249 1125 1332 Magno
1149 1271 1183 1316 sc
1206 1270 1375 1330 revocans,

216 1359 339 1423 invicta
361 1359 585 1423 Romanorum
614 1377 707 1421 arma
737 1356 880 1435 extollit,
909 1355 979 1421 haec
1002 1358 1127 1441 scripta
1149 1363 1226 1422 sunt
1248 1355 1279 1439 (ἓ
1304 1358 1374 1439 15);

216 1467 336 1531 Absit
364 1465 520 1530 invidia
547 1465 668 1530 verbo
697 1470 738 1529 et
765 1463 908 1528 civilia
935 1464 1048 1530 bella
1077 1466 1245 1545 sileant;
1279 1487 1375 1530 nun·

217 1595 334 1658 quam
370 1572 417 1638 ab
455 1574 594 1656 equite
628 1571 764 1651 hoste,
796 1593 1002 1654 nunquam
1035 1594 1056 1636 a
1083 1572 1241 1655 pedite,
1274 1594 1375 1637 nun-

217 1702 332 1764 quam
366 1687 509 1764 aperta
543 1680 649 1758 acie,
689 1700 891 1761 nunquam
925 1681 1067 1764 aequis,
1101 1681 1245 1762 utique
1276 1702 1375 1745 nun·

217 1810 335 1871 quam
362 1788 520 1852 uostris
543 1787 647 1851 locis
669 1786 959 1853 laboravimus.
1012 1788 1046 1852 Si
1070 1808 1175 1871 neque
1198 1788 1241 1854 ab
1265 1789 1376 1870 equite

217 1913 324 1979 neque
349 1917 369 1960 a
391 1895 502 1979 pedite
524 1895 619 1959 hoste
642 1895 784 1960 Romani
806 1916 951 1977 unquam
973 1895 1179 1976 laborarunt,
1207 1916 1377 1978 nunquam

218 2004 350 2068 omnino
392 2003 541 2068 terrestri
574 2002 661 2066 bello
695 2002 901 2068 laborarunt.
964 2002 1077 2067 Mirari
1111 2010 1221 2069 tamen
1256 2004 1376 2086 aliquis

217 2111 335 2194 possit,
369 2117 439 2174 tam
472 2117 638 2174 recentem
667 2107 779 2174 Crassi
814 2110 921 2175 cladis
954 2112 989 2175 in
1022 2111 1153 2177 Parthis
1186 2114 1377 2178 memoriam
1465 2186 1469 2191 ,

217 2218 308 2283 Livio
331 2239 396 2283 non
421 2219 622 2294 occurrisse,
658 2238 757 2299 quam
790 2219 824 2281 in
847 2218 978 2283 Horatii
1008 2220 1117 2283 animo
1145 2226 1214 2284 tam
1243 2219 1377 2285 infixam

216 2326 396 2392 videamus.
452 2325 496 2391 At
523 2325 596 2389 vide
618 2325 713 2404 mihi,
748 2324 829 2407 quid
851 2325 962 2392 Livius
991 2326 1163 2391 subiiciat:
1198 2327 1377 2406 llqnlten,

181 2464 188 2478 ·
218 2433 397 2513 sagittas,
428 2433 562 2498 saltus
591 2432 827 2516 impeditos,
857 2435 947 2498 avia
969 2433 1265 2500 commeatibus
1287 2434 1379 2501 loca

219 2543 353 2624 gravis
393 2542 517 2605 armis
556 2541 672 2606 miles
705 2542 850 2606 timere
883 2546 1032 2624 potest.
1101 2542 1194 2626 Ipsos
1227 2549 1379 2608 tenemus

220 2649 379 2726 ParthoS,
415 2647 473 2713 sed
502 2648 599 2713 simul
622 2647 750 2713 Livium
772 2650 807 2712 in
829 2649 1021 2714 brevissimo
1044 2650 1221 2715 verborum
1238 2650 1379 2730 ambitu,

219 2758 252 2820 in
276 2754 542 2820 elaboratissimo
564 2757 732 2834 oratione,
759 2758 792 2819 in
815 2757 990 2821 contrariis
1013 2757 1100 2821 inter
1123 2778 1157 2822 se
1180 2756 1223 2822 ad
1244 2757 1380 2823 lectoris

219 2864 363 2929 animum
386 2863 569 2928 feriendum
592 2863 843 2946 diligentissime
867 2865 1057 2946 compositis
1077 2863 1132 2945 (—
1148 2887 1224 2932 nam
1247 2865 1380 2931 saltus

219 2969 408 3054 impediti
448 2976 483 3034 et
521 2971 614 3035 avia
652 2970 745 3036 loca
785 2971 987 3054 respondent
1020 2980 1172 3055 apertae
1205 2974 1313 3039 aciei
1347 2980 1381 3039 et

220 3079 324 3144 locis
354 3079 494 3160 aequis,
525 3079 684 3143 nostris
719 3077 774 3158 —)
806 3086 920 3161 aperte
950 3087 984 3145 et
1005 3080 1144 3146 ridicule
1168 3102 1277 3146 secum
1299 3103 1380 3164 pug-

217 3194 360 3265 nantem,
390 3193 427 3250 ut
448 3186 529 3249 nihil
552 3207 635 3269 opus
658 3187 702 3250 sit
724 3186 856 3265 addere,
884 3187 1012 3251 Livium
1036 3210 1131 3253 omne
1154 3190 1379 3255 Romanorum

219 3295 323 3361 robur
345 3296 379 3358 in
402 3293 513 3377 pedite
537 3292 663 3376 (gravi
693 3295 816 3359 armis
845 3294 993 3377 milite)
1016 3297 1216 3361 constituere
1240 3317 1380 3380 eumque

220 3424 293 3468 cum
315 3400 533 3467 Macedonum
560 3400 724 3484 phalange
752 3423 962 3486 comparare,
998 3404 1137 3469 statario
1168 3405 1248 3468 item
1275 3403 1380 3468 milite

220 3509 304 3593 (ξὸ).
330 3508 470 3593 [Eodem
488 3509 634 3592 pertinet
651 3509 749 3574 illud:
768 3510 910 3574 civilia
928 3510 1041 3575 bella
1059 3511 1229 3590 sileant;
1251 3531 1328 3575 nam
1346 3511 1381 3574 in

219 3619 272 3684 his
296 3640 317 3683 a
340 3615 508 3702 peditibus
530 3617 696 3681 Romanos
727 3619 832 3682 victos
857 3615 992 3681 diffiteri
1016 3639 1081 3682 non
1104 3624 1238 3702 poterat
1260 3617 1381 3696 Livius,

220 3726 277 3792 sed
300 3747 321 3791 a
342 3724 510 3809 peditibus
538 3725 619 3807 ipsis
651 3722 833 3805 Romanis]
877 3724 992 3806 ltaque
1015 3725 1125 3790 Livius
1154 3725 1223 3791 hac
1250 3732 1382 3790 tantum

220 3832 364 3899 scribere
393 3832 519 3915 potuit:
548 3867 592 3876 —
615 3831 785 3911 sileant;
814 3852 1015 3914 nunquam
1045 3855 1065 3897 a
1094 3834 1250 3916 pedite,
1279 3854 1380 3897 nun·

294 4003 451 4011 -——-·-

251 4084 274 4153 ι)
294 4083 449 4154 [Attigerat
478 4084 637 4152 Strothius,
666 4091 830 4140 correxerat
851 4086 994 4153 Dobreus,
1021 4087 1100 4140 cuins
1118 4087 1294 4141 Adversariis
1313 4086 1381 4154 ipsis

289 4187 313 4224 a.
335 4173 402 4225 1860
420 4171 461 4226 uti
480 4189 538 4226 non
558 4167 660 4240 potui]
