3060 5272
210 416 273 471 Lib.
293 416 406 471 XXVII.
758 404 819 465 398

295 586 373 670 Cap.
398 592 453 669 38,
482 593 517 652 9:
559 589 735 653 Senatus
769 588 946 652 liberam
977 594 1231 669 potestatem
1267 608 1365 653 eon·

210 696 372 760 sulibus
400 696 501 761 iecit
531 703 571 761 et
600 695 838 779 supplendi,
882 695 985 760 uude
1014 695 1187 774 vellent,
1223 701 1262 760 et
1289 695 1364 760 eli·

209 803 328 885 gandi
351 803 397 869 de
416 805 599 869 omnibus
620 804 883 881 exercitibus,
907 823 1007 884 quos
1025 801 1185 880 vellent,
1209 824 1363 885 permn-

209 910 403 992 tandique
428 919 531 976 etex
555 912 786 995 provinciis,
812 931 910 991 quos
931 931 949 974 e
973 931 1014 974 re
1038 910 1205 993 publica
1230 930 1365 977 cense-

209 1025 301 1082 rent
319 1040 417 1098 esse,
435 1019 688 1083 traducendi.
718 1019 784 1083 Neo
796 1018 856 1082 ulli
867 1016 963 1082 facile
977 1038 1048 1081 esse
1062 1023 1219 1100 poterant
1229 1017 1364 1096 milites,

209 1146 289 1211 quos
303 1125 520 1209 (singulatim)
534 1148 572 1190 ex
590 1127 766 1210 provinciis
786 1125 916 1190 traduci
935 1146 952 1189 e
971 1145 1006 1189 re
1022 1124 1158 1208 publica
1175 1132 1272 1205 esset,
1289 1133 1323 1192 et
1334 1128 1363 1191 si

208 1232 361 1313 fuissent,
393 1234 456 1298 hoe
485 1235 709 1299 contineretur
737 1235 905 1316 superiore
932 1232 989 1296 illo
1018 1233 1141 1315 capite,
1176 1254 1243 1317 quo
1266 1228 1389 1316 pote-‘

208 1348 275 1406 stas
304 1342 447 1406 dabatur
480 1343 657 1419 exercitus,
686 1340 938 1419 undetvellent,
966 1340 1141 1423 supplendi
1171 1347 1204 1404 et
1233 1341 1272 1405 de
1296 1362 1365 1405 om·

207 1449 305 1513 nibus
328 1449 525 1513 exercitibus
549 1448 706 1530 eligendi;
729 1470 788 1513 nec
810 1455 899 1513 recte
923 1447 1043 1511 dicitur
1066 1469 1110 1512 ex
1133 1449 1366 1531 provinciis

208 1555 443 1635 traducere,
476 1556 568 1621 nulla
590 1556 720 1634 addita,
754 1577 820 1637 quo
845 1555 1078 1634 traducantur,
1111 1555 1175 1620 loci
1198 1555 1361 1639 significa·

208 1663 306 1728 tione.
340 1662 414 1727 Una
430 1664 543 1727 littera
560 1664 710 1729 detracta
725 1684 835 1728 veram
854 1664 1052 1746 scripturam
1068 1664 1235 1729 restituet:
1259 1670 1300 1729 et
1318 1685 1364 1728 ex

208 1771 443 1854 provinciis,
467 1790 536 1848 qu
559 1793 576 1835 ε
598 1793 638 1835 re
662 1771 829 1855 publiea
853 1778 1068 1835 censerent
1091 1792 1188 1849 esse,
1214 1772 1358 1837 tradu-

209 1877 335 1942 cendi.
385 1878 585 1943 Permissum
614 1885 665 1943 est
694 1877 902 1956 consulibus,
936 1885 973 1944 ut
1001 1879 1175 1962 suppletos
1196 1880 1364 1945 exercitus

208 1987 477 2069 exercituumque
504 1994 617 2070 partes
647 1993 874 2069 permutarent
904 1993 938 2050 et
962 1993 1056 2050 extra
1078 1986 1160 2051 fines
1182 2009 1250 2052 suas
1272 1989 1364 2071 quis·

209 2115 272 2177 que
296 2095 471 2176 provinciae
495 2095 684 2159 educerent.

294 2199 374 2284 Cap.
409 2207 464 2279 40,
501 2207 554 2266 10:
597 2224 669 2285 per
702 2209 925 2267 extremum
964 2201 1089 2265 finem
1123 2203 1210 2285 agri
1244 2203 1365 2275 Lari,-

207 2309 316 2373 natis
351 2309 564 2373 dueentem
598 2312 637 2373 in
672 2309 926 2375 Sallentinos
962 2311 1186 2374 exercitum
1208 2310 1363 2376 Hanni·

124 2415 343 2498 (azahelem
377 2417 585 2499 expeditis
620 2417 858 2482 cohortibus
892 2416 1063 2482 adortus
1093 2417 1128 2481 C.
1158 2416 1365 2484 Hostilius

209 2522 392 2587 Tubulus
415 2524 691 2608 incomposito
716 2525 866 2606 agmini
889 2525 1124 2590 terribilem
1146 2526 1362 2592 tumultum

207 2630 365 2694 intulit.
414 2630 570 2694 Larinum
600 2631 765 2713 quomodo
795 2633 944 2714 attigerit
965 2631 1132 2697 Hannibal
1160 2654 1200 2698 ex
1222 2633 1365 2699 Bruttiis

209 2743 244 2802 et
271 2737 411 2801 Lucanis
445 2738 479 2800 in
509 2736 708 2803 Sallentinos
738 2740 809 2804 iens
838 2745 871 2803 et
899 2741 1063 2824 quomodo
1092 2762 1153 2824 per
1174 2740 1362 2805 Larinatem

210 2865 340 2928 agrum,
379 2847 434 2927 qui
468 2865 488 2908 a
521 2844 663 2910 Tarento
703 2846 772 2912 fere
806 2848 943 2928 triginta
976 2848 1132 2913 milliaria
1165 2847 1363 2913 Germanica
1471 2912 1475 2919 .

209 3016 400 3025 --..--—-
408 3018 438 3024 ...-

277 3114 444 3170 ferociori
471 3133 567 3184 quam
594 3134 654 3185 pro
681 3119 747 3187 ing.
767 3117 871 3172 erae.
896 3124 1006 3186 rente.
1052 3116 1124 3172 Nam
1146 3135 1206 3189 pro
1230 3118 1363 3174 AEtolis

276 3202 373 3255 Livius
412 3201 535 3256 scribere
570 3203 669 3256 maluit
701 3221 784 3272 quam
816 3203 1008 3258 AEtolorum
1045 3207 1164 3273 propter
1200 3206 1359 3260 omnium.

275 3285 413 3341 Nimirum
438 3287 603 3357 simpliciter
626 3288 697 3343 illud
719 3291 810 3358 ipsum
833 3289 1005 3343 ferociori
1031 3295 1186 3358 -gente
1208 3291 1360 3344 restituen-

275 3371 341 3426 dum
365 3378 422 3439 est,
446 3372 522 3440 quod
540 3372 683 3428 Gronovio
702 3375 731 3427 in
749 3379 873 3428 mentem
890 3380 1013 3428 venerat.
1053 3375 1098 3428 Ex
1116 3379 1222 3445 gente
1245 3381 1364 3446 propter

276 3456 471 3511 Graecorum
499 3456 604 3512 factum
633 3459 748 3529 gentis
776 3463 805 3513 et
828 3459 855 3513 ei
876 3462 976 3529 postea
999 3459 1244 3515 accommodatum
1268 3460 1359 3515 fero·

275 3543 391 3597 cieris.
434 3540 510 3611 [Cap.
534 3545 580 3609 32,
603 3544 787 3598 irridendum
811 3561 847 3598 ne
869 3561 957 3612 equus
981 3562 1077 3614 regem
1101 3545 1232 3600 effudisse
1249 3545 1362 3600 dicatur

275 3645 381 3697 super
403 3635 511 3697 caput
534 3629 712 3698 prolapsum,
738 3647 797 3684 non
819 3646 879 3699 per
901 3633 1019 3698 caput;
1045 3629 1178 3686 facillime
1201 3635 1267 3701 post
1290 3648 1361 3685 sum

275 3712 381 3767 excidit
404 3730 447 3766 su.
493 3712 545 3766 Cfr.
565 3713 661 3780 XXII,
685 3718 714 3782 8,
741 3718 780 3768 ll.
826 3714 891 3784 Cap.
910 3717 957 3782 33,
984 3714 1101 3783 'lquod
1123 3715 1302 3771 desideratur
1325 3715 1363 3770 ad

274 3799 434 3852 orationem
456 3798 651 3867 vinciendum,
675 3801 814 3854 excidisse
838 3800 951 3854 videtur
968 3805 1034 3869 post
1051 3799 1210 3868 tradunt,
1234 3801 1358 3857 scriben-

274 3882 396 3951 dumque
419 3900 493 3938 esse:
521 3884 678 3952 tradunt;
705 3889 742 3953 et,
770 3885 806 3939 id
829 3884 919 3954 quod
942 3890 994 3939 cet
1032 3884 1096 3956 Cap.
1116 3889 1163 3953 34,
1184 3888 1296 3941 14—15
1319 3887 1361 3940 sic

274 3969 367 4021 oratio
389 3969 618 4041 interpungenda
642 3975 695 4025 est:
722 3970 801 4026 llaec
818 3999 853 4009 —
871 3971 1094 4040 castigabant
1116 3977 1246 4041 patres,
1270 3978 1306 4027 et
1322 3972 1360 4026 bl.

273 4053 411 4107 Furium
428 4061 660 4110 memorantes
674 4057 941 4124 -restituisse;
959 4064 998 4111 ut
1012 4057 1256 4112 —leniendam
1274 4075 1360 4125 esse,

274 4139 390 4192 adnisi
413 4157 585 4195 omnes-
608 4141 774 4197 iecerunt.
819 4142 861 4196 Et
887 4143 1011 4212 pertinet
1034 4141 1070 4196 ad
1091 4143 1153 4197 illa:
1182 4142 1301 4197 adnisi
1323 4171 1359 4180 -

273 4224 437 4279 iecerunt.
477 4224 562 4295 1863]
