3060 5272
237 339 299 394 Lib.
318 340 414 395 XLIV.
782 329 843 390 702

325 511 401 595 Cap.
425 515 474 591 33,
502 519 516 576 1
550 512 641 596 (post
663 512 829 590 lacunam,
863 513 920 578 ubi
954 513 994 578 de
1022 513 1058 578 L.
1088 513 1221 580 AEmilio
1256 515 1392 580 consule

239 641 332 704 aquae
350 621 478 704 inopia,
496 642 562 703 qua
581 621 743 686 exercitus
762 621 946 700 laborabat,
967 642 1158 687 succurrere
1176 628 1297 688 conato
1314 644 1391 689 nar·

237 727 361 809 ratur):
394 728 605 794 Postremo
636 729 753 811 sequi
786 750 826 794 se
856 731 1039 795 utrarios
1061 730 1110 795 ad
1132 750 1259 808 mare,
1282 731 1391 815 quod

237 837 370 903 minus
392 843 605 902 trecentos
628 857 772 920 passus
796 836 959 915 aberat,
990 838 1118 904 iussit
1145 844 1184 903 et
1206 839 1245 903 in
1267 838 1393 904 litore

238 945 342 1011 alios
364 943 467 1009 alibi
496 944 672 1009 modicis
706 945 943 1011 intervallis
976 945 1126 1011 fodere.
1171 945 1390 1026 Utraricrum,

238 1053 326 1138 quod
349 1074 467 1119 nomen
490 1035 569 1117 alibi
601 1075 670 1117 non
691 1054 872 1136 reperitur,
901 1054 973 1136 quis
1002 1075 1082 1119 usus
1105 1053 1259 1119 fueritin
1282 1055 1392 1137 puteis

238 1160 410 1239 fodiendia
429 1160 562 1226 difficile
580 1150 630 1225 est
651 1159 836 1242 intellectu;
859 1162 887 1227 si
905 1182 998 1245 aqua
1015 1164 1111 1246 copia
1127 1169 1246 1247 parata
1262 1161 1391 1242 fuisset,

237 1269 367 1336 utribus
390 1290 462 1335 eam
483 1270 653 1334 incastra
674 1269 797 1334 milites
820 1270 885 1353 ipsi
907 1275 1111 1352 portassent,
1133 1291 1199 1335 non
1220 1271 1391 1354 proprium

239 1378 374 1461 aliquod
417 1377 585 1443 hominum
627 1397 738 1460 genus.
784 1375 910 1443 Codex:
956 1379 1072 1462 sequi
1117 1378 1388 1444 sedutrarios.

239 1487 351 1552 Livius
384 1486 576 1569 scripserat:
611 1486 727 1570 sequi
749 1506 789 1550 se
811 1486 1009 1566 putearios
1033 1486 1064 1567 (p
1092 1508 1153 1569 pro
1177 1486 1221 1568 d).
1266 1486 1391 1551 Eorum

238 1593 292 1659 hio
313 1593 409 1659 labor
431 1600 504 1658 erat
526 1599 699 1677 puteorum
715 1592 956 1673 fodiendcrum3
979 1615 1098 1660 nomen
1115 1600 1166 1660 est
1185 1595 1285 1659 etiam
1301 1594 1391 1678 apud

153 1702 225 1772 (⁵⁸⁸)
243 1702 386 1766 Plinium
408 1702 575 1766 Maiorem.
621 1701 716 1779 Quod
744 1708 854 1767 autam
877 1702 1050 1767 subiicitur
1073 1700 1103 1784 (ἓ
1127 1703 1170 1785 2),
1193 1709 1320 1768 montes
1342 1704 1391 1768 in·

241 1811 347 1893 gentis
380 1810 566 1874 altitudinis
601 1831 693 1894 spem
725 1809 850 1889 fecisse,
886 1831 929 1875 eo
959 1813 1106 1893 magis,
1135 1812 1232 1894 quia
1253 1810 1391 1876 nullos

241 1926 409 2003 apertos
431 1924 670 2000 evergerent
691 1919 815 1996 rivos,
845 1919 1028 1984 occultos
1052 1921 1263 1984 continere
1287 1915 1391 2001 (recte

240 2025 407 2092 Dukerus:
431 2025 649 2107 contineri)
672 2025 839 2106 latices,
863 2047 929 2091 non
950 2026 1056 2093 solum
1078 2027 1157 2092 alibi
1178 2048 1244 2093 non
1267 2029 1393 2110 reperi·

239 2143 296 2200 tur
329 2155 539 2217 evergete,
575 2133 634 2200 sed
666 2154 706 2198 ne
735 2154 904 2216 vergere
933 2134 1063 2218 quidem
1091 2135 1199 2218 ipsum
1220 2135 1392 2201 transitive

184 2296 187 2301 ⁴
241 2243 363 2309 dicitur
384 2244 448 2308 nisi
471 2242 559 2326 apud
583 2249 697 2326 poetas
721 2241 961 2325 significatione
979 2241 1043 2307 alio
1061 2242 1250 2322 inclinante,
1275 2242 1315 2308 de
1332 2242 1392 2308 hu·

241 2373 331 2416 more
353 2352 387 2415 in
409 2372 466 2415 vas
489 2349 688 2415 infundendo
713 2349 934 2433 (eingiessen).
979 2349 1016 2413 In
1039 2350 1150 2416 codice
1178 2357 1245 2416 est:
1280 2371 1391 2416 ever·

240 2461 488 2542 genttrivos3
522 2458 593 2522 fieri
621 2464 746 2541 potest,
780 2465 818 2522 ut
848 2458 1007 2540 scriptum
1029 2457 1129 2522 fuerit
1152 2458 1229 2523 olim
1257 2479 1391 2542 egere·

239 2575 330 2632 rent
351 2572 412 2631 aut
434 2567 643 2647 erigerent
665 2564 874 2647 (ἀναπέμπειν).
918 2564 1023 2629 Paulo
1046 2573 1123 2647 post
1146 2563 1177 2648 (ἓ
1200 2565 1243 2648 5),
1270 2565 1327 2632 ubi
1349 2565 1390 2631 de

239 2675 399 2740 institutis
422 2673 545 2739 AEmilii
567 2674 601 2738 in
629 2694 665 2738 re
693 2672 829 2737 militari
857 2674 980 2755 agitur,
1015 2672 1084 2738 hac
1117 2674 1284 2755 leguntur:
1317 2671 1390 2738 His

241 2784 343 2849 satis
366 2781 593 2866 exploratis
616 2779 690 2844 illa
712 2801 871 2863 quoque
894 2781 1082 2865 primum,
1113 2788 1157 2845 ut
1179 2781 1321 2847 ordine
1345 2801 1389 2846 ac

240 2893 325 2958 sine
358 2891 537 2956 tumultu
568 2889 700 2954 omnia
723 2887 772 2952 ad
801 2894 938 2953 nutum
960 2889 1252 2972 imperiumque
1276 2888 1389 2954 ducis

239 3001 405 3078 fierent,
436 2997 625 3083 providit.
669 2996 742 3061 Non
765 3003 874 3079 potest
895 2999 942 3061 sic
965 2997 1149 3080 pronomini
1171 2996 1307 3080 pluralia
1329 3017 1390 3060 nu·

239 3110 330 3190 meri,
364 3129 413 3186 ea,
447 3127 519 3190 quae
553 3106 760 3171 subiecturus
794 3107 936 3188 scriptor
976 3112 1041 3184 est,
1075 3106 1223 3170 universo
1257 3104 1390 3169 demon·

239 3198 367 3295 strand,
390 3216 512 3295 statim,
534 3214 678 3280 nondum
700 3212 809 3297 posito
838 3214 947 3293 verbo,
971 3213 1123 3296 subiungi
1145 3213 1333 3296 partitionis
1356 3219 1390 3276 et

239 3324 335 3409 primi
356 3323 494 3389 membri
515 3329 596 3387 ncta
618 3321 833 3406 (primum);
866 3343 1001 3406 prorsus
1023 3322 1109 3386 enim
1137 3320 1334 3386 obscuratur
1355 3326 1391 3384 et

239 3433 397 3497 evertitur
418 3433 491 3515 ipsa
514 3430 749 3495 demonstratio
784 3437 817 3494 et
846 3430 1048 3512 pronominis
1078 3429 1282 3512 significatio.
1328 3427 1390 3492 Po·

239 3548 327 3606 terat
350 3539 431 3604 dici:
463 3539 538 3603 illa
571 3558 729 3622 quoque
764 3536 967 3620 providit,
1000 3537 1169 3620 primum
1192 3542 1234 3600 ut
1256 3540 1329 3614 cet,
1352 3541 1390 3599 ut

239 3670 298 3732 pro
332 3648 436 3713 altero
469 3645 615 3711 membro
655 3644 772 3710 deinde
811 3652 939 3710 mutata
971 3652 1138 3711 structura
1171 3641 1388 3708 subiiceretur

238 3755 335 3821 illud:
369 3754 527 3839 Vigiles
551 3755 674 3819 etiam
697 3759 759 3817 cet.
804 3752 1009 3836 Quamquam
1037 3753 1091 3817 bic
1113 3771 1245 3837 quoque
1268 3769 1388 3833 prono·

238 3865 335 3929 minis
357 3883 444 3943 usus,
468 3862 597 3928 adiecto
620 3861 800 3945 prasertim
823 3861 1032 3942 anacolutho‚
1056 3860 1222 3927 Ciceronis
1246 3857 1389 3923 crationi

237 3973 342 4053 magis
365 3972 552 4036 conveniret
574 3972 672 4052 q'uam
695 3969 786 4033 Livii.
830 3970 958 4035 Accidit
980 3970 1042 4049 hio,
1065 3968 1152 4053 quod
1175 3969 1209 4031 in
1232 3967 1387 4050 proximis

238 4080 461 4164 superioribus
495 4077 654 4143 accidisse
677 4079 892 4157 recentiores,
922 4079 1053 4162 cognita
1081 4075 1202 4141 codicis
1226 4075 1388 4158 scriptura

238 4188 270 4270 (ξ
293 4196 329 4251 4:
364 4190 452 4271 ipse
476 4208 560 4252 cum
589 4185 770 4251 tribunis
800 4188 1038 4271 primisquae
1067 4181 1280 4251 ordinibus
1304 4201 1388 4264 quac
