3060 5272
220 274 285 333 Lib.
302 275 324 331 L
777 262 819 327 bd

222 448 353 514 hastam
375 454 410 514 et
429 448 588 523 serratam
611 455 645 514 et
667 449 878 532 sanguineam
900 448 1058 532 pertinet,
1087 444 1213 511 frustm
1235 465 1379 528 quietas,

224 556 302 639 quid
326 557 370 622 sit
391 558 489 623 hasta
508 556 634 623 ferrata
655 563 815 642 praeusta3
836 578 914 622 nam
935 557 1015 640 ligni
1036 555 1100 622 hoc
1121 553 1291 640 proprium
1313 559 1376 619 est

222 664 337 730 Laudo
365 665 466 748 igitur
488 665 649 731 hactenus
672 686 738 745 eos,
769 686 852 748 quos
875 664 1047 731 Turnebus
1069 662 1290 747 reprehendit,
1318 663 1380 746 qui

223 772 302 838 olim
334 772 421 839 huno
453 774 561 839 locum
593 779 779 854 tentarunt,
813 771 900 856 quod
933 771 1160 838 difficultatem
1189 778 1379 852 senserunt,

223 902 321 965 quam
359 883 558 948 recentiores
596 904 662 948 non
699 880 890 965 attigerimt.
949 880 1032 947 Mihi
1064 881 1175 946 Livius
1213 879 1377 945 hastam

222 991 421 1056 tentatam
463 997 534 1056 aut
573 990 643 1056 sine
680 989 787 1056 ferreo
827 990 954 1074 spiculo
992 994 1120 1055 tantum
1158 994 1380 1072 praustam

221 1118 494 1165 commemorasse
526 1098 669 1177 videtur,
704 1098 866 1181 credoque
898 1099 933 1163 in
964 1103 1074 1163 vetere
1106 1097 1174 1162 ritu
1203 1095 1377 1162 obscuram

223 1205 425 1291 superfuisse
446 1208 636 1272 memoriam
659 1207 729 1273 eius
752 1206 924 1290 temporis,
958 1227 1058 1288 quum
1080 1225 1140 1289 pro
1162 1204 1277 1270 ferreis
1300 1205 1380 1271 telis

223 1315 323 1381 etiam
351 1316 503 1399 praeustis
530 1315 635 1381 hastis
664 1313 829 1396 (sudibus)
851 1321 1038 1392 uterentur,
1072 1312 1160 1396 quod
1188 1312 1246 1378 teli
1272 1333 1380 1396 genus

222 1430 258 1489 et
284 1423 447 1508 Vergilius
479 1424 514 1488 in
547 1425 691 1506 antiquis
725 1423 915 1507 pastoribus
950 1428 983 1487 et
1017 1418 1128 1486 Caesar
1160 1421 1194 1485 in
1218 1422 1380 1487 Romanis

222 1539 335 1597 castra
357 1530 607 1597 defendentibus
630 1538 664 1597 et
684 1531 817 1596 Tacitus
839 1532 873 1596 in
895 1530 1046 1596 barbaris
1069 1535 1103 1595 et
1124 1528 1290 1595 Diodorus
1313 1529 1377 1597 Sic.

223 1637 263 1705 fr.
287 1639 417 1720 XXXV,
445 1643 465 1704 2
488 1641 521 1705 in
545 1640 647 1705 Servis
669 1638 788 1705 Siculis
811 1638 891 1721 (ξύλα
915 1637 1158 1720 πεπυρακτωμὲνα)
1183 1658 1380 1703 commemo·

223 1754 309 1813 rant.
359 1747 534 1831 Sanguinis
562 1749 684 1813 mentio
712 1755 824 1812 utrum
852 1768 873 1812 a
902 1747 993 1812 Livio
1022 1744 1111 1811 facta
1139 1746 1183 1812 sit
1207 1745 1283 1827 (hoc
1305 1767 1378 1812 ser·

223 1855 341 1922 borum
370 1856 498 1922 ordine:
532 1854 729 1922 ferratam
758 1863 828 1921 aut
856 1861 1074 1939 praeustam
1101 1855 1378 1938 sanguineam,

225 1971 263 2030 ut
284 1965 547 2047 sanguineam
576 1965 618 2029 ad
647 1972 819 2046 utramque
849 1962 1028 2047 pertineat)
1058 1983 1102 2027 an
1128 1983 1150 2027 a
1170 1962 1293 2028 lectore
1316 1963 1378 2028 ali·

223 2093 290 2155 quo
312 2073 410 2152 ritus,
439 2080 477 2139 ut
500 2094 539 2138 ex
561 2072 676 2138 Dionis
699 2078 733 2138 et
754 2072 915 2137 Ammiani
938 2071 1020 2137 locis
1043 2077 1197 2155 apparet,
1227 2070 1284 2135 diu
1307 2093 1378 2137 ser-

223 2183 293 2246 vati
327 2189 428 2265 g‘naro
456 2181 587 2261 addita,
620 2202 687 2246 non
715 2180 844 2246 definio.
904 2177 1012 2263 [Nunc
1042 2180 1134 2263 prius
1167 2179 1377 2264 probabilius

222 2288 413 2373 videtur.]¹)

157 2392 160 2397 ’
310 2396 389 2482 Cap.
419 2402 475 2478 35,
505 2402 533 2461 3.
578 2397 717 2463 Parvum
746 2406 812 2477 est,
846 2396 936 2479 quod
964 2396 1145 2475 adnotabo,
1179 2417 1238 2462 nco
1265 2402 1378 2461 tamen

224 2505 454 2585 omittendum,
488 2507 642 2589 quonism
671 2506 715 2571 ad
741 2513 866 2571 rectam
894 2506 1055 2571 orationis
1085 2505 1210 2574 Latina
1237 2503 1379 2569 formam

223 2614 352 2679 attinet.
403 2613 488 2678 Nam
516 2614 572 2680 ubi
601 2616 648 2679 sic
676 2614 799 2679 editur:
836 2615 985 2698 quippe
1013 2615 1184 2697 quinon
1212 2613 1376 2697 primus,

225 2720 330 2803 quod
352 2722 564 2805 quisquam
587 2722 794 2805 indignari
816 2723 1009 2787 mirarive
1031 2727 1180 2806 posset,
1204 2721 1275 2786 sed
1297 2727 1378 2786 ter-

224 2829 306 2894 tius
330 2830 459 2894 Romae
489 2830 731 2914 peregrinus
760 2851 924 2913 regnum
951 2827 1136 2911 affectet,
1167 2829 1379 2895 scribendum

154 2954 210 3023 (4⁷)
229 2958 314 3002 esse:
338 2938 445 3020 quod
468 2938 670 3022 quispiam
693 2938 901 3021 indignari
918 2973 961 2983 —
978 2944 1128 3022 posset,
1152 2938 1295 3003 sentient
1318 2936 1378 3002 ad·

224 3047 356 3124 moniti,
390 3046 447 3128 qui
479 3046 596 3111 horum
629 3039 858 3130 pronominum
886 3066 977 3111 usum
1005 3052 1129 3111 tenent.
1184 3045 1235 3110 Ab
1263 3046 1378 3112 huius-

223 3152 311 3219 modi
340 3155 550 3220 concessione
573 3162 606 3219 et
628 3155 816 3238 opinatione
844 3154 1066 3238 (indignari
1094 3153 1271 3219 forsitan
1299 3155 1378 3220 ali·

224 3264 318 3348 quis
352 3262 497 3346 possit)
530 3264 718 3348 longissime
753 3264 894 3329 alterum
928 3262 1138 3346 8111011819)
1192 3261 1230 3327 In
1260 3262 1379 3329 eodem

253 3457 275 3524 ¹)
296 3457 352 3527 [Ad
374 3475 434 3528 cap.
452 3461 500 3526 33,
524 3460 541 3512 6
562 3476 586 3512 a.
608 3460 671 3513 1861
697 3458 902 3529 adscripseram
923 3457 1013 3513 videri
1031 3458 1170 3514 excidisse
1188 3458 1295 3528 aliquid
1312 3464 1343 3513 et
1359 3476 1379 3513 a

291 3544 373 3598 Livio
391 3544 421 3598 in
439 3545 511 3600 hano
529 3544 649 3598 formam
666 3545 805 3613 scriptum
822 3561 895 3598 esse:
923 3545 998 3600 acie
1015 3545 1159 3613 primum
1177 3545 1299 3613 vincit3
1322 3545 1376 3598 de·

293 3629 367 3682 inde
390 3630 493 3682 urbem
515 3631 543 3681 vi
573 3631 672 3698 capiis
700 3628 780 3683 inde
802 3633 856 3684 cet
896 3627 994 3698 Neque
1016 3629 1090 3683 enim
1113 3630 1376 3700 exaciepraedam

291 3715 376 3769 fuisse
398 3732 452 3771 nec
475 3720 610 3782 tanquam
632 3713 702 3768 dnos
725 3714 767 3768 rei
794 3719 881 3783 gestia
904 3714 1010 3783 gradm
1028 3715 1161 3786 coniungi
1178 3733 1274 3786 posse:
1302 3717 1376 3775 acie

291 3801 436 3870 primum
454 3800 578 3866 vincit3
602 3798 681 3855 inde
756 3798 894 3854 Romam
912 3800 1015 3854 venit
1044 3799 1147 3855 Postea
1164 3801 1223 3855 vidi
1241 3802 1297 3856 iam
1316 3801 1380 3857 Cre-

293 3886 402 3941 verinm
420 3903 534 3956 prorsus
552 3885 626 3940 idem
644 3882 803 3952 iudicasse]

251 3971 275 4038 ¹)
297 3969 355 4040 [Sic
377 3972 434 4026 iam
456 3978 523 4026 ante
544 3970 678 4025 Kleinius.
723 3968 832 4023 Eodem
854 3969 907 4022 hoc
929 3968 994 4023 loco
1016 3988 1040 4024 a.
1062 3973 1126 4026 1861
1154 3972 1194 4027 sio
1219 3973 1377 4027 orationem

291 4056 468 4127 interpunxi,
499 4063 531 4112 ut
555 4063 620 4127 post
646 4073 744 4126 quum
770 4055 939 4124 interposita
962 4054 1091 4126 longiore
1112 4058 1241 4113 oratione
1263 4057 1378 4128 obliqua

293 4141 405 4196 dicendi
423 4143 540 4198 verbum
558 4140 780 4210 (memoraret)
799 4138 942 4194 audiretur
959 4147 989 4197 et
1002 4141 1126 4218 quodam
1141 4142 1225 4198 modo
1239 4145 1376 4213 pracipe-
