3060 5272
231 377 294 432 Lib.
311 376 395 431 XLV.
770 363 831 423 718
919 404 927 427 ο

227 571 324 634 gens
354 546 631 629 (Macedonum
664 567 760 629 gens
789 545 963 612 obscura
991 546 1077 629 cet).
1123 544 1254 610 Erroris
1277 565 1377 611 causa

227 665 285 723 ant
305 656 513 739 neglegentia
535 655 598 720 init
621 661 686 734 ant,
708 655 795 737 quod
818 653 924 719 fama
944 655 1163 719 nominativus
1186 674 1258 718 esse
1280 661 1386 736 puta-·

226 765 334 830 batur.
369 763 539 846 (Extremo
563 764 679 847 capite,
703 761 719 846 ξ
743 767 772 842 7,
795 763 853 828 nbi
875 764 908 827 in
931 762 1043 828 codice
1066 768 1118 827 est
1139 762 1377 826 lacerantes

226 872 403 952 viribus,
426 877 517 957 recte
541 869 726 937 Gronovius
756 870 856 936 scribi
879 871 982 936 voluit
1004 870 1215 949 laceratis;
1245 889 1321 933 nam
1344 876 1378 933 et

227 983 343 1064 ignave
378 980 526 1050 adhaeret
558 978 795 1045 lacerantes
833 978 998 1044 viribus
1038 984 1115 1061 post
1148 977 1220 1042 illa:
1255 977 1302 1041 ad
1336 997 1377 1042 se

107 1166 109 1169 ¹
227 1091 406 1173 quisque
441 1109 537 1172 opes
570 1088 740 1171 rapiunt
772 1093 806 1152 st
833 1089 949 1153 vitiose
982 1087 1147 1153 obiectum
1174 1086 1281 1161 deest,
1314 1086 1378 1150 nisi

228 1198 301 1282 quis
324 1203 414 1263 recte
437 1198 502 1262 dici
524 1202 620 1280 putat
643 1216 737 1280 opes
758 1195 912 1261 viribus
934 1194 1146 1276 lacerare.)

313 1303 392 1388 Cap.
415 1310 463 1384 10,
487 1309 516 1385 2,
540 1305 598 1369 ubi
615 1303 739 1369 editur:
757 1303 942 1369 dimissis
958 1339 1001 1348 —
1018 1304 1173 1368 Atticis
1192 1303 1378 1383 navibus,

228 1414 262 1478 in
285 1413 356 1478 cod.
370 1413 527 1478 scribitur
548 1413 708 1477 adticis.
744 1412 841 1477 Aliud
863 1412 968 1478 latere
986 1418 1141 1496 apparet;
1163 1432 1269 1494 neque
1293 1412 1379 1477 enim

228 1519 337 1599 XLIV,
362 1525 401 1586 29
423 1521 492 1587 ulla
520 1519 558 1586 fit
579 1522 766 1586 Atticarum
795 1521 926 1585 navium
948 1521 1081 1586 mentio.
1128 1518 1267 1585 Subesse
1290 1520 1378 1584 vide-

228 1635 283 1694 tur
316 1628 577 1695 adventiciis.
613 1629 735 1712 (1864.)
780 1628 860 1712 §15
884 1630 918 1694 in
944 1628 1006 1694 hac
1039 1628 1162 1694 codicis
1195 1629 1378 1712 scriptura:

228 1758 301 1802 nec
334 1758 379 1802 eo
413 1741 580 1819 segnius
614 1739 772 1803 iudicia
806 1759 850 1802 ex
885 1737 1054 1802 decreto
1085 1757 1220 1802 coram
1242 1736 1306 1802 his
1329 1735 1378 1819 (C.

228 1845 355 1929 Popilio
371 1854 405 1911 et
422 1845 456 1910 C.
474 1846 635 1928 Decimio)
657 1845 760 1912 facti
781 1846 918 1911 rhodii
941 1845 1241 1911 exercebantur
1263 1866 1379 1929 quam

229 1954 559 2037 perseuerabant
591 1961 672 2020 tam
706 1953 991 2039 inexequenda
1023 1975 1066 2020 re
1099 1960 1179 2019 tam
1213 1954 1380 2019 decimae

228 2061 383 2128 lenitas
406 2083 521 2146 quem
543 2063 625 2128 haec
647 2069 890 2146 gererentur
912 2064 1052 2147 primum
1081 2064 1180 2128 etiam
1202 2061 1381 2127 Vahlenius

229 2171 312 2236 vidit
346 2193 384 2236 ex
419 2172 718 2237 exercebantur
750 2170 933 2237 iaciendum
963 2193 1050 2250 esse,
1080 2177 1117 2236 ut
1146 2171 1323 2255 saepissime
1346 2172 1381 2236 in

228 2280 262 2344 in
285 2280 347 2344 hoc
381 2280 501 2359 codice,
536 2260 806 2346 exercebant
841 2280 925 2345 Dein
959 2281 1121 2364 separatis
1151 2280 1208 2358 iis,
1238 2300 1311 2362 quae
1338 2278 1381 2345 ad

230 2388 379 2471 proxima
391 2389 556 2471 pertinent
574 2388 711 2468 (Quum
733 2388 817 2454 haec
839 2388 1094 2472 gererentur)
1108 2395 1141 2454 et
1152 2387 1381 2453 animadversa

230 2497 364 2572 lacuna,
399 2497 488 2578 quod
520 2498 587 2560 iam
611 2498 768 2581 Grynreus
802 2497 942 2574 fecerat,
972 2496 1068 2561 facile
1091 2502 1184 2579 patet
1204 2495 1287 2561 illud
1310 2517 1381 2561 nec

231 2625 276 2669 eo
300 2605 469 2685 segnius
487 2604 602 2668 referri
621 2604 663 2669 ad
686 2605 856 2687 superiora
877 2603 940 2668 hac
957 2605 1135 2669 sententia:
1160 2624 1379 2687 „quamquam

230 2712 451 2776 discesserant
483 2710 621 2793 legati“;
654 2713 766 2795 itaque
800 2732 924 2804 quarn,
960 2721 997 2778 ut
1025 2712 1119 2792 alibi,
1147 2712 1297 2777 additum
1329 2719 1381 2778 est

138 2894 142 2902 ⁴
230 2825 367 2905 propter
390 2819 627 2902 praecedentem
650 2821 916 2904 comparativum.
957 2821 1039 2886 Tum
1061 2842 1125 2886 non
1149 2820 1189 2886 de
1211 2842 1247 2885 re
1269 2821 1379 2886 nescio

230 2949 295 3010 qua
323 2928 532 3010 exsequenda
554 2929 673 3010 agitur,
697 2929 754 2994 sed
777 2929 817 2993 de
841 2929 988 3011 urgenda
1010 2937 1043 2994 et
1072 2929 1115 2994 ed
1142 2929 1239 2994 finem
1261 2930 1380 3013 perdu-

230 3037 335 3103 cenda
356 3057 413 3120 spe
435 3057 456 3101 a
478 3036 622 3102 Decimio
644 3037 748 3118 facte,
771 3059 867 3122 posse
890 3038 1081 3103 auctoribus
1109 3037 1228 3103 Perseo
1251 3036 1382 3103 favendi

231 3144 370 3210 sublatis
392 3145 615 3235 Romanorum
643 3146 784 3229 gratiam
811 3146 1028 3212 reconciliari.
1074 3146 1191 3229 Itaque
1221 3166 1381 3229 reponen-

232 3253 385 3318 dumest:
404 3253 728 3337 perseverabant
745 3255 877 3319 iamin
896 3255 1381 3337 exsequendaspe,quam

230 3360 403 3427 Decimii
427 3362 581 3427 lenitas
604 3362 854 3428 ostenderat.
900 3362 1023 3444 (1864.)

144 3459 216 3529 (597)
322 3469 400 3553 Cap.
427 3473 475 3549 13,
500 3474 538 3533 13
573 3469 620 3550 (in
654 3472 802 3536 oratione
825 3471 998 3552 Masgabae,
1026 3471 1210 3536 Masinissa
1243 3468 1318 3548 filii,
1348 3471 1383 3534 in

230 3578 377 3659 senatul:
401 3574 743 3659 Commemoravit,
767 3585 865 3664 quot
887 3579 1051 3663 pedites
1074 3579 1321 3664 equitesque
1337 3613 1381 3624 -

229 3693 348 3770 pater
372 3707 471 3752 suus
494 3686 528 3750 in
549 3685 828 3752 Macedoniam
850 3687 1045 3753 misisset.
1091 3686 1169 3753 Sed
1193 3687 1296 3752 duas
1319 3707 1383 3752 res

230 3795 267 3858 ei
288 3794 431 3861 rubori
453 3794 594 3860 fuisse.
641 3792 720 3860 Ood.
754 3795 944 3860 misitsed
977 3795 1091 3876 duas,
1124 3795 1186 3860 hoc
1220 3801 1287 3860 est:
1316 3796 1383 3860 mi·

231 3903 365 3968 sisset.
410 3902 517 3968 Duas
540 3909 602 3968 cet.
645 3902 757 3983 iniis,
780 3924 853 3988 qua
876 3904 976 3988 paulo
1004 3913 1079 3988 post
1102 3902 1118 3986 ἓ
1143 3908 1181 3968 16
1210 3903 1382 3986 leguntur:

231 4008 396 4076 Sumere
430 4012 569 4095 itaque
602 4010 770 4076 eosdem
803 4012 1006 4094 (Romanos),
1041 4034 1121 4077 non
1144 4032 1185 4077 se
1218 4032 1382 4096 rogare,

230 4139 383 4202 {equum
422 4141 527 4199 esse,
567 4140 695 4202 neque
730 4141 861 4186 emere
890 4142 935 4186 ea
969 4142 1015 4185 ex
1047 4119 1261 4185 fructibus
1295 4121 1384 4204 agri

230 4227 279 4292 ab
325 4248 366 4292 se
405 4227 510 4300 dati,
552 4249 637 4311 quae
683 4227 740 4292 ibi
784 4231 1042 4314 proveniant,
1087 4229 1120 4292 in
1159 4227 1383 4294 concludendo

228 4336 345 4401 vitiose
380 4335 541 4401 eosdem
575 4357 634 4419 pro
667 4357 736 4401 eos
765 4337 828 4402 dici
859 4337 1068 4403 manifestum
1103 4342 1165 4418 est,
1200 4356 1261 4402 nec
1293 4345 1384 4402 recte
