3060 5272
719 820 759 882 23

159 1026 272 1071 erroro
294 1006 531 1084 animadverso,
552 1026 689 1090 prorsus
711 1004 779 1071 fere
803 1006 917 1087 desiit3
939 1009 1157 1090 nequeenim,
1180 1011 1315 1076 sirecte

160 1115 305 1195 attendi,
335 1123 454 1200 postea
481 1097 657 1198 duioquam
684 1114 782 1179 huius
804 1116 933 1198 generis
955 1117 1119 1200 reperitur
1139 1118 1205 1184 nisi
1226 1118 1313 1197 VIII,
1445 1185 1452 1194 ,

163 1228 185 1289 3
212 1224 281 1288 init
310 1223 600 1306 (ambiguitate
633 1225 824 1307 responsi
856 1230 1036 1306 quantos
1070 1226 1314 1291 vincerimus

164 1330 378 1412 inimicos),
401 1352 429 1396 o.
453 1336 504 1411 20,
528 1334 558 1411 3,
582 1352 609 1395 c.
633 1335 685 1411 23,
711 1336 760 1397 10.
810 1332 849 1396 In
871 1332 929 1398 illo
952 1332 1074 1414 codice,
1097 1354 1137 1399 ex
1158 1355 1223 1417 quo
1244 1334 1314 1400 uso

163 1460 278 1524 sparsa
298 1446 502 1519 manserunt,
524 1445 720 1524 perpetuam
737 1439 925 1506 huiusmodi
941 1440 1187 1507 adnotationem
1203 1441 1314 1521 fnisse,

159 1554 416 1614 cousentaneum
438 1554 506 1627 est;
528 1547 627 1630 idque
650 1547 691 1612 de
714 1547 828 1613 codice
851 1548 1029 1633 archetypo
1053 1549 1226 1616 confirmat
1247 1551 1313 1616 iam

157 1656 354 1722 Parisiansis
381 1677 448 1722 uno
470 1655 544 1722 loco
566 1677 642 1721 cum
663 1655 812 1721 Mediceo
834 1657 869 1721 in
890 1656 1080 1723 huiusmodi
1104 1678 1214 1724 errore
1237 1679 1314 1724 con·

157 1765 298 1850 spitans,
325 1765 384 1844 III,
406 1768 458 1842 49,
482 1769 501 1828 5
524 1763 587 1846 (Μτ
616 1764 771 1849 Appius
793 1763 916 1845 fugit,
943 1764 985 1829 P:
1014 1766 1166 1850 Appius
1188 1765 1326 1849 figit);.

160 1874 263 1939 multo
286 1881 397 1939 autem
420 1873 543 1938 certius
565 1872 653 1937 idem
679 1894 719 1937 ex
736 1892 775 1937 eo
792 1871 973 1951 conficitur,
997 1873 1086 1956 quod
1101 1874 1130 1939 is
1146 1873 1313 1953 librarius,

162 1982 220 2066 qui
248 1982 393 2048 codicem
413 1980 585 2047 Harleiani
613 1981 732 2064 prioris
754 1979 989 2064 Leidensisque
1017 1983 1136 2066 prioris
1166 1990 1200 2048 et
1222 1983 1314 2049 dete·

162 2091 285 2156 riorum
321 2089 415 2173 longe
447 2089 490 2154 ab
523 2089 589 2154 illis
622 2089 827 2155 diversorum
859 2096 1029 2173 parentem
1062 2112 1102 2155 ex
1134 2091 1313 2176 archetypo

161 2198 352 2282 descripsit,
380 2197 535 2276 subinde,
563 2197 622 2262 sed
644 2197 721 2262 aliis
742 2196 824 2262 locis
846 2197 880 2261 in
902 2197 1042 2263 eundem
1065 2199 1313 2265 adnotationum

159 2306 390 2390 marginalium
424 2306 566 2371 orationi
598 2304 847 2370 inserendarum
874 2326 1019 2371 errorem
1046 2306 1172 2372 incidit.
1227 2307 1312 2372 Nam

159 2414 219 2494 VI,
252 2418 289 2494 8,
323 2418 343 2479 9
373 2413 465 2479 Laid.
491 2418 506 2476 1
537 2420 570 2479 et
599 2413 691 2479 Harl.
722 2418 737 2476 1
768 2436 843 2479 cum
871 2413 948 2479 Lov.
973 2418 992 2477 2
1015 2421 1092 2480 etl
1119 2422 1154 2481 et
1174 2414 1313 2480 Hearnii

157 2522 288 2588 dnobus
314 2523 545 2606 interponunt:
580 2520 919 2600 Quemadmodum
944 2520 1148 2588 Satricum
1178 2523 1312 2607 capia-

158 2637 226 2696 tur
247 2653 267 2695 a
289 2627 481 2710 Camillo;
514 2629 559 2694 VI
586 2636 699 2695 autom
723 2635 778 2710 14,
813 2633 852 2693 12
876 2629 962 2712 (quae
985 2629 1156 2696 adnotatio
1179 2630 1224 2696 ad
1244 2631 1307 2696 ini·
1325 2633 1379 2703 (32)

158 2740 241 2805 tium
263 2759 335 2823 cap.
361 2743 399 2802 15
422 2738 568 2822 pertinet
595 2744 629 2803 et
657 2739 705 2803 sic
732 2739 858 2823 scripta
880 2738 958 2803 olim
979 2738 1057 2803 luit:
1087 2737 1201 2804 Cossi
1224 2737 1312 2804 dic-

157 2848 315 2913 tatoris
356 2866 575 2929 regressus
616 2844 667 2910 ad
706 2846 1033 2930 comprimendas
1067 2846 1311 2929 seditiones)

157 2976 234 3020 oum
261 2954 353 3020 Laid.
379 2959 395 3018 1
420 2953 510 3036 (nam
539 2954 579 3019 de
601 2953 693 3020 Harl.
719 2959 735 3018 1
764 2961 896 3020 tacetur
923 2955 989 3020 sive
1018 2961 1108 3020 recte
1138 2955 1206 3020 sive
1233 2975 1312 3021 con·

156 3063 292 3130 ferentis
316 3061 428 3147 culpa)
452 3064 696 3145 coniunguntur
716 3062 792 3129 Lov.
812 3067 842 3143 2,
865 3069 895 3143 4,
918 3062 982 3129 duo
1004 3063 1150 3144 Hearnii,
1172 3064 1207 3128 in
1223 3062 1310 3142 VIII,

156 3177 188 3251 9,
213 3175 263 3251 12,
285 3170 440 3237 Leidensi
464 3175 479 3233 1
506 3176 539 3235 et
560 3170 683 3235 Harl.l
708 3170 933 3254 adiunguntur
954 3171 1068 3237 decem
1085 3172 1143 3238 alii
1162 3171 1310 3238 Draken-

156 3279 332 3346 borchiani
358 3284 480 3363 prater
502 3277 704 3344 Oronienses
726 3279 864 3345 Hearuii
886 3279 976 3361 (add.
999 3279 1087 3360 VIII,
1116 3283 1167 3359 31,
1196 3285 1225 3361 7,
1252 3280 1309 3361 IX,

155 3392 208 3469 46,
233 3387 304 3469 12);
325 3407 387 3452 neo
410 3387 585 3470 quicquam
608 3386 699 3452 aliud
721 3387 784 3453 nisi
804 3387 991 3453 huiusmodi
1007 3388 1178 3455 adnotatio
1196 3389 1311 3455 subest

155 3497 191 3562 in
212 3494 322 3562 verbis
344 3496 402 3575 iis,
432 3516 506 3578 qua
527 3494 587 3575 VI,
614 3501 645 3576 4,
675 3501 690 3559 1
715 3497 749 3561 in
772 3496 837 3561 illis
859 3495 989 3561 duobus
1011 3497 1142 3575 et‚Lov.
1165 3502 1184 3562 2
1207 3498 1310 3563 inter·

159 3609 341 3689 ponuntur:
376 3603 581 3687 premium
609 3603 657 3668 ad
685 3624 756 3669 nos
785 3603 862 3686 (luit
889 3603 981 3670 olim:
1016 3604 1065 3669 ad
1095 3604 1308 3686 Romanos)

160 3711 436 3792 venientibus,
471 3712 616 3794 pertinet
638 3731 678 3775 ea
700 3710 743 3775 ad
766 3709 783 3792 ξ
807 3717 842 3790 4,
874 3711 932 3776 ubi
955 3711 995 3777 de
1018 3713 1150 3778 civitate
1173 3721 1207 3779 et
1228 3732 1308 3794 agro

159 3819 335 3904 transfugis
359 3819 437 3885 dato
460 3825 625 3883 narratur.
669 3817 708 3882 Id
730 3817 876 3882 dubitari
897 3815 1037 3884 fortasse
1059 3826 1178 3903 potest,
1201 3821 1309 3885 sintne

157 3949 199 3994 ex
220 3928 399 4013 archetypo
422 3927 587 4007 derivata,
620 3946 693 4009 qua
722 3927 756 3990 in
783 3925 899 4009 paucis
929 3947 969 3991 ac
996 3925 1236 3993 recentioribus
1257 3948 1309 3993 re·

155 4042 256 4115 stant,
285 4035 431 4101 utillud
454 4035 523 4114 VII,
551 4039 602 4114 40,
633 4040 655 4098 4
677 4033 926 4117 colloquium
949 4034 1100 4101 Valerii
1127 4032 1247 4101 Corvi
1273 4036 1308 4100 in

155 4143 228 4211 cod.
259 4144 354 4210 Voss.
386 4147 417 4224 l,
447 4143 539 4209 Leid.
568 4146 604 4224 2,
631 4142 740 4209 Lovel.
767 4146 799 4222 1,
827 4141 871 4207 ad
900 4163 997 4226 quem
1023 4143 1131 4211 locum
1159 4142 1308 4211 Draken-

154 4251 312 4319 borchins
334 4251 403 4318 alia
424 4273 465 4318 ox
486 4251 561 4317 aliis
583 4251 751 4317 codicibus
774 4258 1016 4318 commemorat.

240 4359 438 4426 Huiusmodi
464 4360 565 4442 igitur
586 4360 651 4426 fuit
672 4358 776 4426 codex
798 4360 1013 4446 archetypus,
1045 4367 1081 4427 st
1100 4361 1172 4444 ipse
1193 4361 1305 4427 multis

153 4467 237 4534 locis
263 4469 421 4534 mendose
448 4469 591 4553 scriptus
620 4475 653 4534 et
675 4490 740 4535 non
762 4468 959 4535 mediocrem
981 4468 1114 4534 emundi
1135 4471 1305 4536 materiem

154 4575 304 4661 prebens
327 4575 488 4656 librariis,
521 4576 642 4661 partim
664 4577 841 4656 eiusmodi,
870 4596 942 4658 qua
964 4575 1061 4642 facile
1083 4597 1195 4644 omnes
1217 4577 1306 4644 deci·

153 4691 251 4769 peret
277 4684 330 4768 (ut
351 4684 582 4769 supplementa
603 4685 751 4769 quadam
774 4705 874 4769 supra
897 4684 1049 4770 scripta),
1076 4687 1197 4772 partim
1218 4687 1306 4753 sius·
