3060 5272
210 374 273 430 Lib.
291 374 374 431 XLV.
755 364 816 425 726

210 547 379 632 plissimus
402 546 499 615 homo
522 555 694 631 tamquam
723 546 837 613 rhetor
866 547 1038 618 Graeculus
1073 549 1265 634 copiosus
1298 549 1360 613 vir

210 655 412 739 appellatum
445 655 556 720 Livius
585 656 779 738 scripserat:
809 656 980 737 coplose,
1002 679 1086 742 quae
1110 658 1273 737 dixerit,
1295 678 1359 722 re-

209 762 390 829 ferendo.
436 763 500 829 Sed
534 763 711 829 admodum
738 785 868 844 vereor,
902 787 943 831 ne
973 765 1063 831 aliud
1086 773 1247 850 praterea
1270 786 1359 831 men·

210 870 288 935 dum
311 870 427 937 subsit.
472 871 556 937 Nam
589 867 695 956 n'eque
730 873 989 940 simulacrum
1016 875 1093 939 viri
1122 875 1170 939 sic
1192 895 1254 959 pro
1276 874 1358 939 ima·

211 980 285 1062 gine
308 986 341 1045 et
362 979 469 1045 forma
489 981 613 1062 ingenii
637 987 670 1045 et
692 983 791 1046 animi
815 1002 954 1064 usquam
973 981 1053 1047 alibi
1071 982 1192 1048 dicitur
1213 1002 1274 1047 nec
1295 981 1360 1046 hac

210 1108 278 1153 una
311 1090 459 1154 oratione
492 1085 664 1153 referenda
695 1089 806 1153 Livius
846 1090 1109 1156 simulacrum
1143 1091 1220 1155 viri
1253 1091 1359 1173 magis

210 1198 391 1263 inserturus
413 1204 502 1277 erat,
526 1217 626 1281 quam
653 1197 726 1276 illa,
760 1219 859 1281 quam
887 1220 908 1264 a
930 1195 1053 1264 Catone
1076 1220 1136 1283 pro
1159 1199 1230 1282 lege
1254 1196 1361 1282 Oppia

210 1304 360 1372 habitam
382 1304 486 1371 refert
507 1306 602 1371 initio
630 1304 708 1371 libri
729 1304 876 1387 XXXIV,
904 1327 979 1386 nec,
1009 1328 1068 1371 our
1096 1307 1145 1384 id,
1181 1308 1209 1372 si
1236 1313 1359 1391 posset,

210 1435 275 1479 non
296 1412 430 1493 faceret,
455 1431 557 1478 causa
579 1421 659 1490 erat.
694 1413 732 1478 In
755 1414 867 1480 codice
890 1409 1060 1481 scribitur:
1084 1417 1260 1481 inseram
1283 1437 1361 1481 non

211 1522 329 1587 simul
360 1522 452 1586 viri.
497 1521 798 1605 Transpositionem
831 1523 904 1606 (pro
933 1523 1017 1588 Non
1051 1523 1243 1606 inseram)
1273 1545 1291 1590 1
1320 1523 1361 1589 li·

210 1630 330 1710 brario,
353 1638 391 1696 ut
413 1652 498 1715 saepe
522 1628 598 1711 (vid.
623 1631 666 1696 ad
695 1652 721 1696 c.
747 1634 775 1710 3,
800 1630 844 1712 6),
867 1632 991 1697 factam
1018 1653 1084 1697 non
1114 1653 1210 1712 curo,
1247 1634 1361 1698 simu-

211 1739 313 1804 lacri
335 1760 453 1804 nomen
476 1739 691 1822 probabiliter
713 1740 904 1805 restitutum
927 1749 1022 1824 pute,
1058 1740 1115 1805 sed
1138 1740 1361 1806 scribendum:

210 1845 295 1912 Non
318 1849 491 1912 inseram
515 1849 778 1913 simulacrum
807 1847 902 1924 rcrl,
932 1850 1096 1932 copiose
1120 1863 1181 1913 cet.
1228 1847 1361 1931 [Vahle-

210 1956 285 2020 nius
307 1957 417 2040 ipsum
440 1956 699 2022 simulacrum
721 1957 755 2020 in
782 1955 851 2021 cod.
877 1977 947 2022 esse
971 1955 1146 2040 adfirmat]
1190 1958 1298 2042 Negat
1327 1979 1362 2023 so

211 2063 321 2128 Livius
343 2064 572 2130 adumbratam
606 2065 825 2130 imitationem
848 2067 1121 2150 compositurum,
1157 2086 1257 2148 quum
1288 2066 1363 2149 ipsa

211 2194 287 2238 vera
310 2175 416 2239 oratio
440 2179 557 2239 exstet.
603 2173 753 2253 (Poterat
786 2174 886 2239 etiam
918 2173 1032 2239 scribi:
1066 2173 1153 2238 Non
1186 2175 1363 2239 inseram

88 2369 91 2375 Ι
211 2282 363 2347 similia
384 2283 507 2361 reris,
536 2281 594 2347 sed
622 2280 763 2346 alterum
788 2283 951 2366 praestat.)
997 2281 1062 2366 [Ad
1086 2283 1281 2347 sententiam
1304 2281 1361 2347 cfr.

211 2389 288 2455 Tac.
312 2390 394 2454 Ann.
418 2390 486 2470 XV,
509 2393 549 2453 63
573 2389 669 2472 extr]
704 2390 807 2456 Paulo
831 2401 908 2474 post
931 2390 947 2474 ἐ
967 2396 985 2455 6
1008 2412 1117 2474 prave,
1141 2389 1228 2475 quod
1251 2391 1285 2454 11
1309 2411 1363 2455 co·

212 2497 283 2562 dice
308 2500 538 2582 scriptumest
568 2497 784 2580 (deducere
821 2534 856 2543 -
888 2501 1099 2563 iusserunt
1121 2496 1364 2582 praefectos),

211 2608 414 2671 recentiores
447 2614 593 2684 mutant,
633 2605 747 2670 addito
787 2607 988 2688 praesidia.
1034 2606 1154 2671 Rhodii
1189 2604 1364 2690 praefectos

212 2713 350 2797 singulis
375 2713 480 2778 Cariae
502 2712 674 2796 Lyciaeque
704 2713 834 2797 oppidis
864 2715 1107 2796 imposuerant:
1142 2735 1198 2779 eos
1232 2713 1364 2780 domum
1428 2754 1434 2766 ·

212 2843 368 2887 revocare
391 2823 475 2886 iussi
497 2829 574 2885 11111
597 2820 684 2902 (cum
707 2821 887 2904 praesidiis,
917 2824 944 2886 si
974 2843 1038 2904 qua
1061 2823 1180 2903 erant).
1225 2823 1365 2887 Romani

212 2930 360 2996 Rhodios
385 2929 579 3012 (universos)
602 2930 711 2994 facere
736 2929 862 3012 aliquid
883 2930 995 2995 iubere
1015 2939 1177 3015 poterant,
1200 2951 1265 2996 non
1281 2950 1364 3014 prae-

212 3039 316 3105 factos
339 3039 554 3105 Rhodiorum.
600 3038 663 3104 Sed
697 3038 812 3103 eodem
846 3039 919 3104 loco
948 3039 1036 3123 quod
1065 3038 1238 3104 scribitur:
1274 3038 1364 3103 Haec

212 3148 393 3213 Rhodum
415 3149 621 3226 nuntiata:
645 3169 727 3230 quae
750 3169 819 3232 per
841 3169 882 3212 se
900 3149 1045 3213 tristia
1062 3147 1250 3225 fuissent,
1269 3147 1364 3228 quia

104 3300 112 3309 -
213 3259 382 3322 maioris
415 3255 508 3321 mali
541 3256 702 3321 levatus
738 3261 826 3320 erat
848 3256 986 3334 timor,
1017 3257 1054 3321 in
1089 3254 1281 3339 gaudium
1308 3275 1365 3318 re·

212 3367 411 3431 nuntiata
434 3371 660 3442 verterunt,
684 3364 798 3429 turbat
822 3365 1022 3428 sententiam
1046 3363 1290 3428 renuntiata
1318 3362 1365 3427 sic

213 3475 455 3558 interpositum,
490 3473 586 3554 quasi
621 3474 822 3539 contrarium
846 3475 888 3537 sit
910 3471 1016 3536 verbis
1044 3492 1115 3555 per
1143 3492 1182 3536 se
1206 3479 1239 3535 et
1261 3471 1365 3551 quasi,

213 3604 287 3667 quae
310 3589 386 3647 ante
410 3581 687 3646 renuntiationem
708 3582 819 3646 tristia
840 3579 970 3658 fuerint,
993 3601 1034 3644 ea
1051 3585 1128 3664 post
1150 3579 1365 3645 renuntiatio-

213 3713 288 3758 nem
310 3692 343 3756 in
372 3689 528 3772 gaudium
556 3689 723 3754 verterint.
768 3687 824 3753 Bis
858 3690 1016 3773 scriptum
1050 3696 1109 3767 est,
1144 3687 1232 3772 quod
1265 3687 1366 3753 semel

214 3800 313 3866 scribi
336 3799 465 3878 debuit,
490 3806 547 3863 aut
575 3797 771 3862 nuntiata
804 3806 863 3862 aut
896 3799 1006 3881 potius
1031 3797 1078 3879 (in
1111 3817 1177 3880 quo
1207 3795 1364 3861 librarius

214 3930 358 3974 errorem
392 3906 547 3986 correxit)
580 3905 834 3984 renuntiata,
869 3926 936 3988 qua
968 3907 1186 3989 geminatione
1222 3903 1365 3984 sublata,

215 4016 262 4081 sic
285 4015 438 4081 decurret
462 4016 583 4080 oratio:
607 4012 698 4078 Haec
716 4012 898 4079 Rhodum
915 4015 1163 4091 renuntiata,
1186 4033 1269 4094 quae
1293 4033 1365 4096 per

130 4135 200 4204 1601)
220 4145 260 4189 se
278 4125 419 4189 tristia
436 4121 622 4201 fuissent,
639 4121 729 4184 -in
747 4121 936 4201 gaudium
954 4128 1171 4187 verterunt.
1196 4118 1265 4203 [Sic
1277 4119 1365 4185 Heu·

216 4230 348 4315 singen]
382 4231 466 4296 Tum
487 4230 502 4315 ἓ
521 4237 550 4309 7,
567 4230 623 4296 ubi
642 4229 764 4295 editur:
789 4231 915 4296 maior
936 4229 1120 4314 repulsis
1143 4229 1367 4310 ignominia
