3060 5272
220 345 282 400 Lib.
300 344 375 399 VIII.
769 331 830 393 190

220 525 332 583 tamen
359 517 485 582 leviora
512 514 715 598 attingenda.
771 516 856 580 Nam
887 513 903 598 5
927 520 947 578 4
969 516 1023 579 vix
1054 536 1283 599 sexagenos
1309 516 1376 580 mi-

221 625 336 705 lites,
371 624 472 690 duos
507 624 789 702 centuriones,
825 624 884 690 sed
917 624 1035 689 binos
1069 624 1204 689 recitari
1235 623 1377 689 voluisse

219 733 357 812 ridetur,
388 754 488 816 quum
510 737 590 797 nota
610 731 753 796 fortasse
775 733 983 798 scriberetur.
1019 733 1141 815 (1861.)
1186 730 1377 817 §bneque

219 843 350 926 prima
377 839 490 907 frons
517 841 556 905 in
586 841 671 906 acie
699 839 772 925 (pro
801 841 918 923 aciei)
941 841 1051 926 placet
1073 862 1180 925 neque
1203 839 1314 906 frons
1336 842 1378 905 in

220 951 309 1015 acie
345 984 382 993 -
418 948 596 1013 habebat
635 946 686 1030 (ut
717 949 756 1012 in
790 950 874 1013 acie
908 969 981 1014 cum
1013 949 1114 1014 verbo
1142 947 1374 1031 coniungatur)

220 1056 391 1124 ferendum
419 1056 557 1135 videtur,
582 1062 615 1121 et
638 1056 728 1120 aliud
750 1056 855 1122 latere
877 1057 1007 1122 videtur
1030 1057 1204 1122 ostendere
1228 1056 1377 1122 codicum

219 1167 382 1232 bonorum
404 1165 581 1248 scriptura:
609 1163 701 1229 Haec
723 1166 854 1248 prima
877 1165 981 1230 foris
1004 1166 1044 1230 in
1065 1166 1200 1230 aciem.
1239 1165 1378 1250 Aptissi-

221 1296 310 1339 mum
333 1279 437 1339 esset:
471 1271 562 1337 Haec
590 1273 725 1356 primae
747 1270 898 1338 frontis
921 1274 1045 1352 acies;
1080 1273 1139 1339 sed
1161 1273 1291 1355 longius
1313 1272 1377 1339 hoc

221 1404 242 1447 a
264 1382 410 1463 vestigiis
434 1380 564 1444 traditae
588 1381 760 1463 scripturae
783 1379 931 1446 discedit.
955 1379 1077 1462 (1875.)
1112 1381 1283 1446 Postremo
1301 1377 1317 1462 ἓ
1338 1384 1374 1443 11

221 1491 378 1554 inusitate
406 1489 541 1573 ponitur
567 1486 856 1552 referebantur
885 1488 925 1554 de
953 1489 1111 1554 militibus
1140 1496 1229 1553 retro
1253 1487 1376 1552 ceden-

221 1597 321 1676 tibus,
351 1597 565 1680 suspicorque
588 1596 748 1679 scriptum
771 1617 791 1660 a
813 1596 903 1661 Livio
927 1596 1047 1662 fuisse:
1072 1597 1119 1661 ad
1142 1597 1315 1662 triarios
1339 1615 1378 1657 sc

223 1705 370 1770 sensim
403 1703 643 1781 referebant,
678 1702 791 1768 addito
815 1705 1017 1788 pronomine.
1063 1704 1186 1787 (1875.)
1232 1703 1298 1769 Sed
1320 1725 1375 1769 ex-

137 1825 208 1894 (160)
226 1820 332 1878 tremo
356 1812 481 1895 capite,
515 1811 571 1875 ubi
598 1811 686 1876 redit
706 1811 816 1876 Livius
845 1812 887 1876 ad
915 1812 1130 1892 narrandum,
1163 1812 1236 1877 fieri
1258 1818 1379 1897 potest,

223 1929 260 1986 ut
299 1942 442 1985 errorem
476 1918 567 1984 Livio
607 1919 827 2003 antiquiorem
867 1941 927 1985 nec
966 1921 999 1984 in
1034 1922 1103 1985 eius
1137 1921 1246 1986 verbis
1279 1921 1380 1986 situm

137 2047 208 2117 (161)
226 2030 401 2110 attingam;
436 2027 494 2092 sed
522 2027 741 2111 suspicionem
769 2048 917 2111 premere
944 2028 1118 2093 nonlicet.
1174 2029 1379 2113 Quamquam

224 2139 311 2204 enim
344 2135 582 2200 incredibiliter
616 2133 753 2200 confusa
780 2135 902 2200 fabulis
931 2143 963 2200 et
992 2136 1149 2219 augendis
1176 2137 1276 2202 rebus
1304 2158 1379 2220 per·
1426 2122 1430 2131 ¹

225 2245 456 2328 mutandisque
487 2250 537 2308 est
566 2244 669 2308 omnis
691 2241 770 2307 belli
791 2242 902 2307 Latini
924 2251 958 2308 et
981 2243 1141 2328 Campani
1162 2244 1303 2309 historia
1325 2243 1380 2326 (de

223 2377 288 2440 quo
318 2354 400 2419 satis
429 2351 460 2415 h.
484 2352 505 2416 l.
530 2352 593 2416 erit
620 2357 814 2434 argumenta
842 2353 1049 2435 requirentes
1078 2352 1121 2417 ad
1149 2374 1189 2418 ea
1211 2351 1378 2434 ablegare,

223 2484 296 2547 quae
323 2462 382 2526 Th.
406 2460 637 2525 Mommsenius
664 2459 747 2524 Hist.
777 2459 870 2524 Rom.
899 2459 961 2524 vol.
992 2460 1007 2525 I
1034 2483 1065 2544 p.
1095 2464 1157 2525 358
1186 2459 1236 2525 ed.
1265 2459 1294 2523 V
1324 2480 1378 2524 ex-

222 2569 363 2654 posuit),
396 2575 506 2632 tamen
528 2587 696 2650 nunquam
718 2568 863 2632 animum
885 2567 1038 2633 inducere
1061 2569 1170 2652 potui,
1204 2567 1297 2631 utin
1320 2588 1377 2631 an·

222 2677 353 2743 nalibus
376 2677 432 2756 iis,
466 2674 585 2758 quibus
608 2674 717 2738 Livius
739 2697 818 2739 usus
842 2681 900 2754 est,
930 2676 1090 2740 traditum
1112 2675 1213 2741 fuisse
1237 2673 1378 2753 credam,

222 2770 366 2870 pugnam
394 2805 482 2862 eam,
516 2783 550 2846 in
578 2803 645 2865 qua
666 2782 701 2846 P.
725 2783 845 2847 Decius
867 2783 940 2848 Mus
963 2783 1130 2848 devovisse
1153 2805 1188 2849 se
1211 2789 1376 2861 narratur,

222 2898 403 2977 pugnatam
432 2912 504 2956 esse
531 2889 640 2955 haud
669 2890 812 2973 procul
840 2890 1054 2956 radicibus
1078 2890 1242 2956 Vesuvii
1270 2911 1377 2955 mon·

221 3001 291 3081 tis3
324 3000 460 3082 ipseque
494 2998 577 3063 adeo
605 2997 715 3062 Livius
750 2999 830 3082 quid
858 3000 1040 3084 scripserit,
1075 2999 1237 3065 dubitatio
1267 2998 1377 3062 animo

221 3107 319 3192 pulsa
352 3106 491 3172 subinde
524 3107 679 3185 recurrit3
719 3113 845 3171 ceteros
879 3108 1073 3191 scriptores,
1107 3107 1254 3185 Veseris,
1288 3105 1376 3171 unde

220 3237 332 3302 pugna
354 3215 557 3300 appellatur,
587 3213 643 3278 ubi
670 3212 784 3293 fuerit,
814 3214 897 3280 adeo
925 3236 1089 3298 nusquam
1112 3213 1297 3298 significare
1319 3235 1379 3278 no-

220 3331 291 3389 tum
314 3331 379 3404 est,
413 3331 465 3403 ut,
499 3321 631 3387 fluriine
655 3343 697 3386 an
720 3322 833 3405 oppidi
855 3322 890 3387 id
911 3344 1032 3389 nomen
1053 3322 1163 3402 luerit,
1196 3323 1376 3405 ignoretur.

220 3432 266 3498 llt
288 3433 374 3497 enim
398 3432 557 3509 omittam,
580 3429 660 3512 fingi
683 3430 792 3496 animo
814 3431 867 3495 vix
889 3452 998 3514 posse,
1021 3452 1088 3515 qua
1110 3432 1166 3496 ria
1187 3450 1226 3494 ac
1248 3428 1377 3494 ratione

219 3540 361 3606 Romani
392 3538 456 3603 hoc
489 3546 654 3622 tempore,
694 3545 810 3603 contra
842 3539 980 3604 Latinos
1014 3537 1265 3624 Campanosque
1300 3556 1376 3602 con-

220 3649 349 3713 iunctos
385 3647 510 3712 bellum
548 3650 699 3729 gerentes
738 3651 805 3709 tam
844 3645 941 3730 longe
980 3646 1024 3711 ad
1063 3646 1233 3712 meridiem
1265 3664 1377 3710 versus

220 3754 441 3839 processerint
474 3754 508 3818 in
542 3774 581 3818 ea
613 3753 702 3831 loca,
742 3774 816 3837 quae
848 3754 978 3838 aliquot
1011 3754 1140 3820 demum
1173 3759 1250 3838 post
1282 3752 1377 3817 annis

220 3863 263 3946 (a.
307 3862 383 3945 327)
422 3861 625 3945 Campanum
664 3881 779 3944 agrum
819 3868 934 3928 contra
967 3862 1205 3946 Neapolitanos
1244 3867 1376 3926 tuentes

220 3971 371 4054 attigisse
398 3970 553 4036 videntur
575 3968 655 4051 (Liv.
680 3967 773 4049 VIII,
807 3968 878 4051 22),
913 3991 1014 4054 quum
1041 3970 1226 4053 praesertim
1247 3968 1290 4034 ad
1313 3966 1376 4034 Ca·

219 4100 320 4163 puam
347 4100 403 4144 eos
426 4099 501 4144 cum
523 4077 726 4143 Samnitibus
748 4079 929 4143 occurrisse
953 4083 1150 4160 congregato
1173 4076 1220 4142 ibi
1241 4076 1388 4142 Latino·

219 4207 292 4251 rum
320 4193 355 4252 et
377 4186 617 4271 Campanorum
640 4186 799 4251 exercitui
819 4185 930 4251 Livius
952 4185 1022 4268 ipse
1044 4184 1170 4251 scribat
1191 4183 1232 4268 (c.
1257 4182 1306 4268 6).
1332 4218 1377 4230 -
