3060 5272
714 852 756 912 27

152 1037 277 1103 amici
299 1073 344 1083 -
363 1038 477 1117 tiam;
499 1038 533 1103 in
554 1037 703 1119 margine
726 1035 905 1102 adnotatur
926 1037 1096 1102 multum
1119 1037 1308 1119 deficit.¹)
1328 1046 1380 1113 (25)

153 1146 220 1212 Est
247 1154 408 1231 praterea
435 1147 516 1211 satis
544 1165 665 1228 magna
691 1145 726 1209 in
753 1144 866 1229 codice
895 1145 929 1210 M
957 1145 1076 1211 lacuna
1104 1146 1178 1211 inde
1207 1167 1228 1210 a
1254 1146 1312 1218 III,

157 1259 217 1335 27,
253 1260 266 1319 1
303 1254 346 1320 ad
379 1276 406 1320 c.
435 1257 492 1333 28,
526 1258 545 1318 7
579 1251 697 1334 (dicit
723 1251 760 1318 L.
789 1253 1049 1338 Tarquitium
1077 1290 1120 1299 -
1148 1255 1311 1339 proelio

159 1370 319 1448 coepto,
347 1362 424 1444 ne),
453 1383 519 1446 qno
547 1361 620 1427 loco
643 1362 744 1426 ceteri
767 1382 878 1428 omnes
901 1363 1019 1446 integri
1043 1361 1165 1443 sunt.²)
1217 1361 1312 1427 Solus

158 1472 257 1538 etiam
279 1470 344 1551 ΠΙ,
373 1475 432 1551 37,
462 1475 481 1534 5
511 1476 670 1555 quattuor
697 1470 799 1536 verba
822 1471 945 1536 omittit
967 1477 1102 1555 propter
1123 1470 1238 1536 modo
1261 1470 1312 1535 bis

156 1581 317 1664 positum,
346 1579 404 1659 IX,
432 1585 463 1658 4,
492 1583 531 1642 14
555 1576 620 1643 duo
644 1576 701 1659 (ac
723 1578 955 1662 prodimus).
1009 1578 1123 1645 Certat
1145 1586 1257 1643 autem
1278 1579 1312 1643 iu

153 1688 217 1752 hoc
239 1686 353 1754 codice
376 1709 452 1753 cum
474 1708 594 1770 magna
616 1684 777 1767 religione
794 1708 861 1752 non
877 1689 983 1752 minor
999 1689 1175 1773 imperitia,
1199 1709 1312 1770 quam-

154 1817 270 1882 quam,
298 1803 338 1862 ut
365 1817 452 1861 nunc
479 1817 533 1860 res
563 1801 628 1873 est,
659 1794 739 1877 qnid
768 1795 866 1861 huius
895 1796 1000 1880 ipsius
1023 1797 1144 1861 codicis
1166 1795 1312 1875 librario,

156 1904 239 1990 quid
268 1905 428 1970 communi
457 1905 527 1968 eius
550 1909 585 1968 et
605 1903 843 1968 Vormatiensis
865 1905 997 1987 parenti
1020 1905 1195 1983 debeatur,
1229 1904 1312 1969 iudi·

158 2015 227 2079 cari
250 2014 378 2097 nequit3
411 2013 590 2079 accessisse
619 2012 654 2077 in
682 2013 836 2077 extremis
863 2011 957 2078 libris
985 2013 1116 2078 videtur
1139 2013 1250 2095 aliqua
1273 2034 1312 2078 ex

159 2121 258 2187 taedio
279 2121 492 2206 neglegentia,
520 2121 586 2200 ubi,
610 2127 648 2185 nt
668 2119 900 2186 adnotationes
922 2122 1121 2205 marginales
1143 2123 1178 2186 in
1200 2121 1310 2206 aliqua

160 2236 256 2315 parte
278 2230 353 2295 libri
376 2230 507 2314 septimi
528 2235 599 2294 tam
623 2248 709 2312 saepe
732 2229 874 2295 orationi
896 2230 1063 2294 immixtas
1085 2238 1223 2310 taceam,
1246 2250 1311 2295 non

155 2339 204 2403 ita
239 2359 347 2423 pauca
373 2337 535 2403 eiusmodi
562 2343 711 2401 monstra
727 2335 893 2402 librarius
922 2338 1069 2420 scripsit,
1103 2338 1201 2420 quale
1229 2339 1310 2404 illud

155 2447 263 2512 estin
285 2446 362 2525 VII,
393 2449 451 2525 33,
483 2449 536 2510 10:
570 2450 681 2511 recte
712 2445 853 2510 dicant
881 2445 1040 2526 (erecta
1061 2446 1229 2528 micant)
1253 2455 1312 2511 aut

154 2556 189 2620 in
217 2555 312 2635 IIII,
339 2558 375 2634 6,
406 2557 461 2618 li:
494 2553 828 2638 partemderetur
860 2553 1064 2620 alteruter
1096 2555 1311 2620 consulum

156 2663 271 2728 facta
288 2661 465 2747 implebe
484 2661 854 2746 (portenderentur,
878 2662 1085 2728 alteruter
1103 2663 1310 2728 consulum

155 2771 246 2838 fata
267 2770 475 2856 impleret)
498 2771 611 2835 autin
636 2769 723 2849 VIII,
748 2775 797 2848 10,
821 2774 857 2834 9:
886 2790 989 2835 seme
1011 2777 1231 2836 nocturnas
1255 2770 1311 2853 (se

156 2878 412 2960 Minturnas),
435 2885 570 2962 arrepta
590 2883 732 2958 tantum,
755 2898 828 2961 quae
846 2899 881 2944 se
899 2879 1009 2944 animo
1026 2877 1195 2957 offerebat,
1219 2879 1308 2944 Lati·
1328 2896 1380 2964 (26)

156 3008 274 3054 narum
302 2995 337 3054 et
366 2994 520 3052 notarum
548 3007 664 3058 vocum
694 2986 811 3070 specie.
868 2984 933 3052 Sed
961 2994 1098 3071 propter
1125 2986 1216 3052 illam
1238 2988 1313 3054 reli·

156 3097 285 3180 ponem
313 3117 387 3161 cum
418 3096 618 3179 antiquitate
641 3093 854 3179 archetypum
877 3116 979 3179 prope
1003 3096 1214 3179 contingente
1237 3117 1313 3162 con·

186 3291 210 3359 ¹)
228 3291 355 3345 Priorem
376 3289 630 3359 transpositionem
654 3288 794 3345 Salvinins
821 3291 937 3344 omnino
964 3309 1023 3346 non
1051 3293 1313 3346 commemorarisse

226 3375 353 3440 videtnr3
380 3393 472 3444 neque
499 3375 574 3430 enim
599 3375 688 3430 ullum
714 3376 755 3430 rei
782 3376 933 3446 vestigium
956 3376 1030 3446 apud
1052 3376 1312 3432 Drakenborchinm

227 3467 283 3529 est,
310 3460 459 3530 scriptura
481 3461 648 3515 varietatem
666 3479 681 3515 e
698 3460 864 3516 Florentino
884 3461 984 3517 ordine
1005 3467 1233 3533 persequentem,
1258 3463 1313 3516 nisi

227 3546 308 3617 qnod
331 3564 355 3601 c.
377 3547 424 3614 25,
450 3549 468 3600 4
495 3547 525 3600 in
547 3563 580 3599 eo
603 3547 738 3617 scriptum
763 3565 823 3604 esse
847 3549 953 3602 dicitnr
978 3548 1090 3603 litore
1117 3552 1312 3603 sannatnrae

228 3632 396 3699 desistis,
423 3633 504 3701 qnasi
526 3649 583 3687 una
604 3650 660 3687 vox
682 3638 827 3701 notura,
854 3652 913 3689 non
935 3633 1033 3688 decem
1055 3634 1149 3704 capita
1165 3634 1206 3689 ibi
1223 3635 1311 3689 inter·

229 3718 322 3788 posita
338 3717 452 3772 inerint
492 3717 592 3772 Altero
611 3718 675 3773 loco
695 3719 730 3774 ad
748 3718 800 3786 IX,
825 3723 865 3786 14,
884 3719 1166 3774 2Drakenborcbius
1184 3719 1313 3783 adnotat,

231 3802 321 3858 omitti
343 3803 374 3858 in
391 3803 559 3858 Florentino
584 3803 679 3857 omnia
699 3821 788 3872 usqne
813 3804 848 3857 ad
866 3820 889 3856 c.
908 3806 943 3857 22
961 3809 1044 3870 extr,
1072 3809 1157 3872 atque
1175 3805 1211 3856 sd
1228 3802 1313 3857 huius

230 3888 327 3959 capitis
344 3888 430 3945 finem
445 3888 588 3955 adscribit,
606 3886 681 3942 finiri
694 3887 832 3953 lacunam,
850 3905 902 3942 nco
916 3889 946 3942 in
960 3888 1060 3942 mediis
1074 3889 1213 3958 capitibus
1227 3890 1313 3943 ullam

227 3972 385 4030 Florentini
409 3974 578 4044 scripturam
601 3973 698 4044 ponit,
724 3973 900 4042 miraturque
924 3974 960 4028 ad
979 3991 1002 4029 c.
1025 3976 1070 4041 15,
1098 3972 1312 4028 'laGronorio

227 4058 429 4116 Florentinum
447 4059 671 4115 commemorari.
703 4059 803 4128 Itaque
817 4059 958 4115 Salrinins
976 4077 1063 4129 quum
1080 4059 1111 4114 in
1128 4077 1151 4113 c.
1170 4061 1206 4113 40
1223 4059 1252 4113 in
1271 4077 1312 4125 ea,

227 4162 290 4214 qua
313 4145 393 4215 prius
418 4146 523 4201 omissa
545 4151 637 4212 erant,
660 4145 821 4212 incidisset,
844 4161 902 4199 non
921 4145 1072 4215 agnovisse
1090 4162 1141 4199 nec
1159 4144 1312 4200 contulisse

227 4229 348 4285 videtur.
390 4229 447 4286 Sed
469 4231 499 4286 in
521 4230 579 4285 suis
602 4231 663 4300 ipse
685 4230 832 4285 codicibus
850 4229 1099 4287 Drakenborchins
1118 4230 1313 4299 transpositio·

227 4332 302 4384 nem,
320 4317 344 4369 si
363 4317 402 4371 ibi
420 4315 528 4384 fuisset,
548 4315 809 4382 animadvertisset;
827 4334 880 4372 nec
898 4316 928 4373 in
945 4315 967 4370 P
985 4316 1139 4386 quidquam
1156 4316 1293 4371 turbatur.

186 4400 213 4468 ¹)
230 4400 301 4456 Dure
319 4407 385 4457 sunt
402 4402 478 4456 intra
494 4400 576 4455 buius
594 4401 703 4456 lacuna
721 4403 843 4472 spatium
860 4400 988 4457 Rhenani
1006 4401 1226 4468 emendationes,
1244 4420 1311 4472 quas

228 4487 253 4540 si
270 4504 286 4541 e
304 4486 403 4542 codice
421 4487 550 4556 sumpsit,
568 4487 671 4541 lacuna
688 4487 771 4542 nnius
785 4487 815 4542 Μ
828 4488 945 4557 propria
964 4486 1026 4553 fuit,
1044 4487 1122 4541 cuius
1137 4492 1231 4542 tamen
1244 4487 1311 4543 folia

228 4571 326 4628 deesse
353 4570 543 4627 Alschefskins
573 4589 632 4627 non
663 4573 838 4643 significavit.
888 4571 945 4626 Sed
970 4571 1123 4627 Rhenanus
1156 4573 1185 4628 in
1211 4580 1311 4630 neutra

227 4657 427 4713 emendatione
454 4657 561 4712 codicis
587 4658 758 4712 auctoritate
785 4658 877 4712 utitur
902 4661 1001 4724 estque
1024 4663 1142 4726 utraque
1164 4660 1311 4726 eiusmodi,

228 4759 293 4812 qua
310 4743 475 4798 coniectura
492 4740 573 4798 facile
590 4743 706 4813 reperiit
724 4741 859 4812 potuerit.
