3060 5272
239 366 300 422 mo.
319 368 366 423 nr.
403 343 407 353 '
785 358 847 421 208

240 543 423 607 heremus
452 545 628 608 Romana
663 565 787 622 orma,
821 544 879 608 ubi
913 546 946 608 iu
982 545 1151 608 codicibus
1187 553 1220 611 et
1254 547 1391 629 reliquis

239 652 438 716 editionibus
473 660 523 717 est
550 652 705 716 lueudae
736 654 985 735 sponsionis.
1041 653 1127 718 Nem
1149 675 1272 737 neque,
1301 657 1390 737 quod

240 760 365 843 aliquid
399 759 554 825 luendus
588 752 825 844 sponsionis
859 783 946 826 esse
977 761 1148 841 dicitur¹)‚
1183 761 1257 827 ideo
1286 765 1386 828 etiem

238 868 344 933 ferre
368 869 493 952 aliquid
516 868 671 932 luendo
695 871 933 952 sponsionis
956 870 1045 934 rectu
1068 871 1197 936 dicetur
1219 893 1324 952 neque
1347 872 1389 936 ad

239 977 375 1060 capite
392 978 561 1060 genetivus
579 977 694 1040 referri
713 983 832 1059 potest,
856 980 1010 1060 quoniam
1034 986 1067 1043 et
1089 986 1213 1062 caput
1233 980 1389 1044 lueudae

239 1086 474 1168 sponsionis
508 1086 618 1167 inepte
652 1085 840 1167 appellatur
869 1093 903 1151 et
930 1087 1028 1151 vilia
1055 1086 1137 1151 hoec
1164 1089 1304 1171 capita
1332 1111 1391 1172 per

238 1215 272 1258 se
302 1194 463 1277 appellari
493 1192 622 1257 debent.
679 1192 798 1258 Detivo
832 1194 1003 1276 gerundivi
1038 1196 1072 1258 in
1101 1195 1238 1259 consilio
1268 1196 1390 1278 signifi-

238 1302 342 1366 cando
365 1300 540 1365 admodum
565 1301 666 1365 libere
689 1301 800 1365 Livius
823 1303 936 1380 utitur,
959 1309 996 1366 ut
1018 1302 1043 1380 l,
1067 1308 1117 1380 23,
1140 1309 1175 1367 8:
1199 1325 1388 1386 mc—ge-

237 1411 361 1475 rendo
396 1410 506 1474 bello
542 1409 679 1474 ducem
710 1431 910 1488 creavere,
940 1411 1002 1488 III,
1031 1416 1065 1487 5,
1099 1418 1151 1475 14:
1185 1412 1258 1476 llis
1281 1433 1390 1475 aver-

237 1520 374 1584 tendis
398 1518 630 1584 terroribus
654 1520 693 1582 in
716 1520 894 1583 triduum
918 1519 1030 1584 ferire
1054 1521 1227 1597 indictio,
1256 1520 1312 1591 IX,
1337 1526 1387 1597 26,

241 1635 295 1692 14:
330 1627 513 1692 dictator
546 1625 790 1709 deligendus
819 1628 1059 1692 exercendis
1089 1629 1390 1710 quaestiouibus

237 1736 325 1811 fuit,
349 1742 382 1799 et
405 1735 438 1798 id
461 1756 564 1817 genus
588 1735 662 1798 alie.

323 1842 402 1926 Cap.
435 1848 487 1921 12,
512 1846 546 1906 2:
582 1841 774 1924 (Samnites)
807 1864 896 1907 sero
925 1864 969 1907 ac
999 1845 1270 1927 nequicquam
1301 1843 1389 1907 lcu-

238 1952 333 2015 dare
357 1949 567 2031 (laudabant)
590 1952 700 2015 senis
718 1950 855 2015 Pontii
879 1957 1053 2034 utruque
1077 1950 1258 2031 consilia,
1281 1952 1390 2016 inter

151 2078 223 2145 (176)
242 2080 327 2141 qum
356 2080 396 2123 se
423 2058 554 2122 media
581 2059 721 2142 lapsos
750 2059 936 2124 victorico
959 2061 1262 2143 possessionem
1290 2080 1389 2143 pace

235 2169 394 2232 incerte
416 2173 604 2232 mutasse.
634 2168 735 2232 Recte
757 2168 819 2230 hoc
841 2167 984 2232 Antonio
1007 2167 1178 2232 Perizonio
1201 2167 1385 2251 displicuit;

238 2298 312 2340 nam
343 2275 473 2340 media
502 2274 587 2338 labi
610 2275 701 2338 nullo
724 2275 879 2357 loqucndi
902 2294 961 2339 usu
986 2273 1188 2351 defenditur,
1224 2276 1307 2340 labi
1330 2297 1387 2340 au-

236 2390 303 2449 tem
331 2386 436 2449 iuter
465 2383 597 2447 media
631 2382 725 2464 (duo)
756 2383 944 2461 consiliu,
978 2390 1015 2447 ut
1044 2384 1087 2448 sit
1119 2391 1260 2468 utroque
1290 2405 1386 2468 repu-

237 2493 327 2557 diato
352 2493 485 2556 tertium
509 2512 548 2555 ac
572 2492 713 2555 medium
737 2493 845 2574 sequi,
874 2491 1015 2555 absurde
1039 2492 1168 2572 dicitur,
1198 2493 1386 2576 frustraque

236 2599 523 2664 Drakenborchius
557 2607 591 2662 et
623 2598 907 2663 Weissenbornius
941 2599 1105 2664 advocant
1138 2600 1299 2665 eiusmodi
1332 2622 1387 2664 ex·

236 2709 357 2790 emplo,
381 2709 479 2790 quale
503 2714 566 2770 est:
602 2727 665 2787 per
692 2707 842 2771 medios
864 2707 1040 2771 Threces
1063 2709 1136 2788 ire3
1166 2707 1270 2771 simile
1293 2714 1386 2785 essct,

236 2817 263 2879 si
296 2816 386 2897 quis:
427 2816 531 2878 inter
569 2815 721 2879 modios
756 2815 979 2898 Campanos
1018 2837 1062 2880 ec
1096 2817 1293 2881 Romanos
1327 2816 1385 2879 ire

235 2924 380 3000 dixisset,
414 2930 451 2987 ut
474 2931 559 2987 esset
581 2923 722 2987 medium
745 2924 801 3001 irc,
831 2930 966 2989 neutros
989 2925 1220 3006 attingentem
1249 2945 1309 2989 nec
1332 2945 1385 2987 ex-

235 3033 397 3097 cusationi
421 3031 551 3110 sufficit,
575 3032 664 3113 quod
683 3031 796 3111 XXIV,
822 3038 870 3110 26,
898 3037 934 3094 13
958 3032 1080 3116 legitur
1102 3033 1210 3096 iuter
1232 3032 1384 3097 medios

234 3147 296 3205 tot
326 3146 499 3204 acinetos
527 3175 570 3186 -
597 3146 832 3219 evaserunt,
868 3139 924 3204 ubi
960 3140 1074 3204 medice
1108 3141 1214 3205 turbae
1245 3141 1384 3205 immixti

233 3248 470 3330 significantur.
531 3249 640 3312 Livius
669 3254 743 3326 aut,
773 3247 860 3331 quod
882 3248 1054 3312 Perizouio
1084 3249 1224 3331 placuit,
1253 3249 1384 3313 medio

232 3357 372 3441 lapsos
395 3358 528 3440 scripsit
550 3363 610 3421 aut
632 3357 754 3440 potius:
790 3357 899 3420 inter
922 3377 1006 3440 quae
1029 3378 1068 3421 se
1091 3355 1223 3438 media
1244 3357 1384 3440 lapsos

232 3465 291 3527 via
329 3467 514 3538 victorius
554 3465 859 3547 possessionem
894 3471 955 3528 cet.
1010 3464 1112 3529 Error
1145 3486 1244 3548 quern
1277 3464 1384 3528 facilis

232 3571 331 3638 suerit
365 3573 416 3652 (ut
450 3574 512 3636 vie
540 3580 617 3638 ante
645 3574 691 3635 vi.
710 3572 904 3652 excideret),
939 3578 1086 3655 apparet.
1144 3570 1253 3653 [Quod
1288 3571 1383 3636 video

233 3681 454 3744 coniectatum
477 3680 608 3745 medio
632 3686 762 3763 cepto,
791 3701 905 3762 neque,
935 3701 1000 3760 quo
1024 3701 1085 3743 usu
1108 3678 1263 3762 loquendi
1286 3677 1383 3744 abso·

231 3786 301 3852 lute
330 3789 458 3853 dicatur
487 3787 657 3852 medium
682 3809 839 3870 cupere,
871 3788 954 3865 scio,
984 3807 1104 3868 neque,
1132 3809 1189 3850 cur
1212 3809 1276 3851 nou
1299 3789 1381 3852 satis

231 3961 460 3968 —-.——-

261 4059 334 4126 ¹)1u
357 4060 430 4113 libro
455 4064 549 4113 tamen
573 4060 625 4123 111,
652 4063 698 4128 24,
728 4059 906 4128 lgeuetivus
930 4077 987 4112 uon
1010 4078 1027 4113 u
1049 4060 1133 4113 uerbo
1153 4059 1271 4127 pendet,
1298 4059 1382 4112 sede

301 4144 483 4198 frustratio
492 4145 543 4198 uis
562 4145 683 4211 nomine,
703 4146 731 4198 in
749 4163 803 4213 quo
823 4145 898 4200 inest
914 4144 1026 4199 artificii
1045 4152 1073 4198 et
1091 4144 1271 4200 instrumenti
1287 4145 1381 4210 noti0;

300 4230 349 4287 cfr.
369 4231 432 4285 adn.
452 4230 488 4284 sd
506 4230 562 4284 Cic.
581 4231 643 4285 Fiu.
661 4249 687 4302 p.
706 4233 747 4285 72.
