3060 5272
199 366 262 420 Lib.
282 367 355 421 VIII.
745 358 807 418 204

287 539 364 624 Cap.
396 545 450 620 36,
485 547 505 604 4
534 541 693 606 debellari
726 564 800 606 cum
828 543 1032 608 Samnitibus
1065 545 1213 626 potuisse
1241 543 1351 608 Livius

200 650 342 728 iudicat,
382 653 409 715 si
444 650 478 713 L.
507 651 629 733 Papirii
669 650 808 714 consilia
846 650 938 716 fauor
977 652 1173 717 subsecutus
1209 651 1351 717 militum

200 757 299 822 foret:
323 760 382 823 ita
404 759 600 823 instruxit
622 759 745 822 aciem
765 759 853 823 loco
872 782 916 824 ac
934 761 1146 839 subsidiis,
1170 761 1229 825 ita
1247 761 1350 824 omni

200 872 288 930 arte
311 867 467 931 bellica
489 867 680 930 firmavIt.
717 868 827 931 Haeret
849 868 903 931 hic
925 870 1034 932 animo
1058 869 1251 952 scrupulus,
1274 850 1350 932 narn

200 975 410 1039 instruere
450 977 576 1039 aciem
612 975 811 1039 subsidiis
844 975 925 1039 nihil
961 976 1052 1039 aliud
1087 977 1217 1041 videtur
1251 977 1350 1057 signi-

201 1083 300 1147 ficare
335 1106 429 1167 [uisse
463 1085 540 1148 nisi:
575 1083 627 1147 die
658 1083 966 1166 Schlaolitorduung
1002 1086 1062 1147 mit
1090 1069 1182 1149 einer
1210 1086 1350 1149 Reserve

199 1192 371 1270 versehen,
401 1193 462 1257 etsi
486 1215 551 1255 non
575 1193 695 1255 dieitur
718 1193 774 1269 ita,
805 1192 862 1256 sed
886 1192 1052 1256 l'irmare
1076 1193 1275 1256 subsidiis
1299 1198 1350 1270 lut

200 1302 311 1364 statim
335 1300 396 1379 lx,
428 1304 480 1379 17,
513 1304 549 1362 15
574 1306 607 1363 et
629 1317 728 1382 supra
750 1300 809 1378 IV,
842 1306 891 1377 37,
920 1306 997 1364 set
1019 1306 1069 1378 40,
1100 1302 1142 1381 6),
1172 1301 1250 1383 quia
1273 1300 1350 1364 sub-

200 1409 285 1473 sidia
313 1409 355 1472 ab
385 1409 454 1473 acie
483 1414 638 1491 separata
662 1415 754 1487 sunt,
789 1409 878 1473 loco
914 1415 1026 1473 autem
1054 1409 1216 1472 instruere
1244 1430 1350 1490 neque

199 1516 264 1580 diei
297 1539 336 1581 ea
369 1516 606 1598 significatione
634 1523 745 1599 potest
774 1524 807 1581 et
833 1519 921 1601 perit
948 1519 1052 1600 ipsius
1080 1518 1163 1581 aciei
1191 1517 1274 1582 bene
1302 1518 1350 1580 in·

199 1632 332 1689 structae
361 1630 395 1688 et
423 1625 592 1707 dispositae
621 1624 709 1702 laus,
744 1647 816 1706 qum
845 1627 952 1689 omitti
982 1649 1046 1688 uon
1070 1625 1177 1690 debet.
1233 1625 1350 1709 Itaque

199 1733 314 1797 vellem
338 1733 495 1814 scriptum
518 1739 617 1796 esset:
648 1734 706 1796 ita
728 1735 925 1797 instruxit
948 1735 1090 1812 aciem,
1119 1733 1173 1795 lla
1195 1733 1285 1797 loco
1308 1755 1351 1797 ae

200 1832 414 1919 subsidiis,
449 1842 508 1905 ita
537 1843 642 1905 omni
671 1849 760 1905 arte
790 1842 942 1906 bellica
965 1842 1157 1906 firmavit.
1215 1840 1350 1906 Codices

199 1949 281 2014 nihil
303 1950 469 2013 adiuvant.
520 1949 654 2014 Poterat
682 1951 822 2014 fortasse
851 1952 949 2014 ctiam
979 1951 1148 2015 commode
1172 1950 1251 2013 diei:
1285 1949 1351 2014 Ita

198 2059 397 2123 instruxit
425 2058 550 2121 aciem
581 2058 685 2135 loco,
720 2059 779 2122 ita
803 2059 1016 2137 subsidiis,
1052 2061 1111 2123 ita
1134 2059 1238 2122 omni
1262 2066 1350 2122 arte

113 2167 355 2249 (lltlbellica
387 2166 578 2230 firmarit.
637 2152 733 2229 Nam*
755 2168 846 2231 locus
879 2174 955 2250 apte
989 2166 1136 2231 delectus
1170 2189 1244 2230 curn
1278 2166 1351 2249 ipsa

198 2275 280 2340 aciei
305 2282 472 2339 structura
495 2277 686 2339 coniunctus
709 2283 769 2339 est.
814 2274 917 2339 Paulo
941 2282 1017 2356 post
1039 2274 1070 2357 (ἓ
1094 2275 1127 2356 7)
1150 2276 1268 2338 mirum
1291 2281 1351 2352 est,

198 2384 251 2448 edi
285 2385 385 2448 etiam
418 2406 518 2447 nunc:
554 2385 645 2449 Rem
680 2405 748 2466 per
782 2405 822 2447 se
856 2383 1092 2466 popularem
1125 2382 1185 2447 ita
1208 2382 1350 2446 dexter

199 2493 296 2574 egit,
338 2515 437 2574 quum
476 2493 642 2573 geminata
681 2492 794 2556 littera
833 2491 1041 2555 scribendum
1076 2513 1147 2555 csse
1182 2490 1351 2555 dextere

199 2601 285 2682 egit
317 2601 382 2664 iam
411 2600 602 2664 emendator
631 2601 749 2682 aliquis
779 2600 970 2664 recentioris
1000 2599 1123 2664 codicis
1151 2597 1352 2664 intellexerit

200 2707 345 2790 (Portug.
369 2714 403 2772 et
431 2709 545 2791 fragm.
570 2708 730 2789 flavere).
787 2707 896 2784 Quum
929 2730 988 2791 per
1022 2729 1056 2772 se
1086 2708 1258 2771 Liuianum
1286 2728 1350 2770 non

199 2822 249 2879 est
284 2817 481 2880 adiectimm
514 2816 548 2879 in
582 2814 643 2879 liae
671 2817 829 2880 orationis
857 2816 979 2894 forma,
1012 2822 1083 2879 tum
1111 2815 1144 2878 iu
1173 2813 1236 2879 hac
1264 2836 1350 2878 conr-

198 2924 371 3007 paratione
400 2925 446 2987 rei
470 2925 574 3007 ipsius
598 2925 864 3008 (popularem)
889 2929 922 2987 et
944 2924 1032 2987 modi
1055 2922 1172 3005 agendi
1195 2922 1350 2986 intolera-

198 3031 273 3096 bile.
320 3032 388 3112 (IX,
416 3038 463 3111 12,
491 3036 504 3093 l
530 3033 618 3097 recte
641 3054 727 3096 nunc
751 3032 860 3096 editur
883 3031 1029 3094 deinde
1053 3036 1287 3110 evenerunt3
1316 3031 1350 3094 in

198 3139 375 3223 archetypo
398 3141 460 3204 l'uit
484 3141 629 3205 deinde
653 3140 876 3220 venerunt.)

284 3246 362 3332 Cap.
394 3253 448 3328 38,
486 3255 522 3313 15
559 3250 605 3328 (in
635 3249 741 3313 verbis
771 3249 808 3312 A.
838 3246 980 3312 Cornelii
1008 3247 1135 3310 Arvina
1170 3246 1350 3324 dictatorio,

197 3356 317 3438 quibus
339 3357 382 3422 M.
405 3357 431 3420 F
434 3357 553 3434 abiam,
576 3378 661 3439 arag.
686 3357 798 3441 equit,
822 3356 914 3421 iubet
937 3377 1010 3419 cum
1033 3355 1182 3436 equitatu
1207 3354 1350 3419 hostium

197 3466 325 3547 equites
354 3466 590 3549 impedimenta
618 3466 840 3530 Romanorum
870 3462 1056 3546 diripiendo
1086 3462 1266 3545 dissipatos
1294 3484 1350 3546 ag-

197 3573 319 3655 gredi):
359 3595 475 3637 raros
504 3574 619 3654 equis
649 3572 895 3650 insidentes,
929 3592 1060 3647 raros,
1095 3571 1240 3651 quibus
1269 3569 1350 3634 fer·
1439 3638 1443 3643 ,

197 3703 279 3746 runi
314 3683 353 3745 in
383 3698 499 3744 manu
530 3682 598 3759 sit,
632 3681 830 3758 invenies;
864 3682 1068 3762 equosque
1099 3676 1189 3742 dum
1218 3678 1351 3762 praeda

197 3796 382 3865 onerant,
417 3788 521 3852 caede
545 3789 727 3866 inermea
751 3793 1043 3869 cruentamque
1066 3786 1155 3851 illis
1177 3786 1349 3870 praedam

198 3897 331 3962 redde.
387 3897 480 3961 l'erri
510 3896 606 3980 plane
635 3897 749 3978 nequit
778 3895 847 3960 haec
874 3895 917 3959 ad
945 3896 993 3960 rei
1017 3901 1140 3960 statum
1164 3894 1350 3977 expositum

197 4006 325 4089 imperii
359 4011 393 4069 et
426 4005 667 4070 adhortationis
705 4003 782 4068 inde
816 4004 921 4068 ducta
955 4025 1014 4087 per
1047 4002 1243 4087 particulam
1276 4023 1349 4084 que

197 4112 367 4178 adiunctio
401 4114 616 4194 (invenies,
656 4130 859 4195 equosque
891 4147 935 4156 —
967 4111 1101 4194 eade);
1142 4131 1203 4175 nee
1243 4110 1349 4174 minus

198 4242 349 4306 perverse
384 4244 478 4288 omne
512 4222 671 4289 orationis
703 4220 832 4305 pondus
868 4221 902 4286 in
930 4240 1126 4305 equorum
1154 4240 1273 4286 nomen
1299 4219 1349 4284 in·
