<?xml version="1.0" encoding="UTF-8"?>
<!DOCTYPE html PUBLIC "-//W3C//DTD XHTML 1.0 Transitional//EN"
    "http://www.w3.org/TR/xhtml1/DTD/xhtml1-transitional.dtd">
<html xmlns="http://www.w3.org/1999/xhtml" xml:lang="en" lang="en">
 <head>
  <title>
</title>
<meta http-equiv="Content-Type" content="text/html;charset=utf-8" />
  <meta name='ocr-system' content='tesseract 3.04.00' />
  <meta name='ocr-capabilities' content='ocr_page ocr_carea ocr_par ocr_line ocrx_word'/>
</head>
<body>
  <div class='ocr_page' id='page_1' title='image "./emendationesliv01madvgoog_0167.png"; bbox 0 0 3060 5272; ppageno 0'>
   <div class='ocr_carea' id='block_1_1' title="bbox 271 327 881 397">
    <p class='ocr_par' dir='ltr' id='par_1_1' title="bbox 271 327 881 397">
     <span class='ocr_line' id='line_1_1' title="bbox 271 327 881 397; baseline -0.016 0"><span class='ocrx_word' id='word_1_1' title='bbox 271 342 334 397; x_wconf 88' lang='lat' dir='ltr'>Lib.</span> <span class='ocrx_word' id='word_1_2' title='bbox 352 341 400 397; x_wconf 88' lang='lat' dir='ltr'>VL</span> <span class='ocrx_word' id='word_1_3' title='bbox 821 327 881 388; x_wconf 88' lang='lat'>158</span> 
     </span>
    </p>
   </div>
   <div class='ocr_carea' id='block_1_2' title="bbox 268 511 1434 4266">
    <p class='ocr_par' dir='ltr' id='par_1_2' title="bbox 271 511 1432 1465">
     <span class='ocr_line' id='line_1_2' title="bbox 272 511 1430 598; baseline 0 -19"><span class='ocrx_word' id='word_1_4' title='bbox 272 514 381 596; x_wconf 88' lang='lat' dir='ltr'>XXX,</span> <span class='ocrx_word' id='word_1_5' title='bbox 415 519 468 594; x_wconf 82' lang='lat'>12,</span> <span class='ocrx_word' id='word_1_6' title='bbox 500 518 538 578; x_wconf 88' lang='lat'>15</span> <span class='ocrx_word' id='word_1_7' title='bbox 562 519 596 577; x_wconf 91' lang='lat' dir='ltr'>et</span> <span class='ocrx_word' id='word_1_8' title='bbox 619 517 668 592; x_wconf 87' lang='lat'>16,</span> <span class='ocrx_word' id='word_1_9' title='bbox 691 513 732 577; x_wconf 92' lang='lat' dir='ltr'>al.</span> <span class='ocrx_word' id='word_1_10' title='bbox 778 511 872 577; x_wconf 86' lang='lat' dir='ltr'><strong>Unde</strong></span> <span class='ocrx_word' id='word_1_11' title='bbox 900 518 1011 577; x_wconf 89' lang='lat' dir='ltr'>tamen</span> <span class='ocrx_word' id='word_1_12' title='bbox 1039 513 1143 577; x_wconf 91' lang='lat' dir='ltr'>enim</span> <span class='ocrx_word' id='word_1_13' title='bbox 1166 518 1274 579; x_wconf 91' lang='lat' dir='ltr'>ortum</span> <span class='ocrx_word' id='word_1_14' title='bbox 1297 513 1430 598; x_wconf 89' lang='lat' dir='ltr'>putabi-</span> 
     </span>
     <span class='ocr_line' id='line_1_3' title="bbox 272 620 1431 705; baseline 0 -17"><span class='ocrx_word' id='word_1_15' title='bbox 272 624 368 688; x_wconf 81' lang='lat' dir='ltr'>mus?</span> <span class='ocrx_word' id='word_1_16' title='bbox 403 622 542 687; x_wconf 81' lang='lat' dir='ltr'>Poterat</span> <span class='ocrx_word' id='word_1_17' title='bbox 574 628 733 704; x_wconf 88' lang='lat' dir='ltr'>suspecta</span> <span class='ocrx_word' id='word_1_18' title='bbox 765 642 838 685; x_wconf 89' lang='lat' dir='ltr'>esse</span> <span class='ocrx_word' id='word_1_19' title='bbox 871 641 973 704; x_wconf 90' lang='lat' dir='ltr'>prava</span> <span class='ocrx_word' id='word_1_20' title='bbox 1000 620 1130 686; x_wconf 90' lang='lat' dir='ltr'>librarii</span> <span class='ocrx_word' id='word_1_21' title='bbox 1158 620 1331 705; x_wconf 82' lang='lat' dir='ltr'>diligentia</span> <span class='ocrx_word' id='word_1_22' title='bbox 1358 644 1431 688; x_wconf 91' lang='lat' dir='ltr'>sen·</span> 
     </span>
     <span class='ocr_line' id='line_1_4' title="bbox 272 728 1431 809; baseline -0.001 -12"><span class='ocrx_word' id='word_1_23' title='bbox 272 732 395 797; x_wconf 81' lang='lat' dir='ltr'>tentiae</span> <span class='ocrx_word' id='word_1_24' title='bbox 429 737 562 795; x_wconf 83' lang='lat' dir='ltr'>nectere</span> <span class='ocrx_word' id='word_1_25' title='bbox 593 729 757 796; x_wconf 86' lang='lat' dir='ltr'>studentis</span> <span class='ocrx_word' id='word_1_26' title='bbox 787 736 820 793; x_wconf 91' lang='lat' dir='ltr'>et</span> <span class='ocrx_word' id='word_1_27' title='bbox 849 730 883 793; x_wconf 92' lang='lat' dir='ltr'>in</span> <span class='ocrx_word' id='word_1_28' title='bbox 912 750 950 794; x_wconf 94' lang='lat' dir='ltr'>eo</span> <span class='ocrx_word' id='word_1_29' title='bbox 979 728 1179 809; x_wconf 91' lang='lat' dir='ltr'>aberrantis,</span> <span class='ocrx_word' id='word_1_30' title='bbox 1212 730 1276 794; x_wconf 91' lang='lat' dir='ltr'>nisi</span> <span class='ocrx_word' id='word_1_31' title='bbox 1307 737 1431 796; x_wconf 87' lang='lat' dir='ltr'>certam</span> 
     </span>
     <span class='ocr_line' id='line_1_5' title="bbox 271 836 1431 921; baseline -0.001 -16"><span class='ocrx_word' id='word_1_32' title='bbox 271 838 383 906; x_wconf 90' lang='lat' dir='ltr'>mendi</span> <span class='ocrx_word' id='word_1_33' title='bbox 422 839 582 921; x_wconf 86' lang='lat' dir='ltr'>originem</span> <span class='ocrx_word' id='word_1_34' title='bbox 621 837 811 903; x_wconf 88' lang='lat' dir='ltr'>ostenderet</span> <span class='ocrx_word' id='word_1_35' title='bbox 845 836 1057 902; x_wconf 87' lang='lat' dir='ltr'>distributiva</span> <span class='ocrx_word' id='word_1_36' title='bbox 1091 839 1295 921; x_wconf 85' lang='lat' dir='ltr'>pronominis</span> <span class='ocrx_word' id='word_1_37' title='bbox 1322 838 1431 904; x_wconf 88' lang='lat' dir='ltr'>forma</span> 
     </span>
     <span class='ocr_line' id='line_1_6' title="bbox 271 944 1430 1031; baseline -0.001 -17"><span class='ocrx_word' id='word_1_38' title='bbox 271 950 389 1026; x_wconf 89' lang='lat' dir='ltr'>rarior,</span> <span class='ocrx_word' id='word_1_39' title='bbox 413 968 511 1031; x_wconf 91' lang='lat' dir='ltr'>quam</span> <span class='ocrx_word' id='word_1_40' title='bbox 523 944 637 1011; x_wconf 86' lang='lat' dir='ltr'>Cicero</span> <span class='ocrx_word' id='word_1_41' title='bbox 661 946 760 1010; x_wconf 88' lang='lat' dir='ltr'>semel</span> <span class='ocrx_word' id='word_1_42' title='bbox 782 945 884 1010; x_wconf 89' lang='lat' dir='ltr'>habet</span> <span class='ocrx_word' id='word_1_43' title='bbox 906 944 963 1026; x_wconf 90' lang='lat' dir='ltr'>(ad</span> <span class='ocrx_word' id='word_1_44' title='bbox 974 945 1074 1010; x_wconf 79' lang='lat' dir='ltr'>Attio.</span> <span class='ocrx_word' id='word_1_45' title='bbox 1086 945 1159 1025; x_wconf 92' lang='lat' dir='ltr'>XII,</span> <span class='ocrx_word' id='word_1_46' title='bbox 1184 944 1248 1027; x_wconf 90' lang='lat'>33).</span> <span class='ocrx_word' id='word_1_47' title='bbox 1283 945 1430 1030; x_wconf 80' lang='lat' dir='ltr'>Scripse-</span> 
     </span>
     <span class='ocr_line' id='line_1_7' title="bbox 271 1053 1431 1137; baseline -0.001 -15"><span class='ocrx_word' id='word_1_48' title='bbox 271 1062 325 1122; x_wconf 92' lang='lat' dir='ltr'>rat</span> <span class='ocrx_word' id='word_1_49' title='bbox 342 1056 429 1120; x_wconf 92' lang='lat' dir='ltr'>enim</span> <span class='ocrx_word' id='word_1_50' title='bbox 440 1055 567 1119; x_wconf 91' lang='lat' dir='ltr'>Livius:</span> <span class='ocrx_word' id='word_1_51' title='bbox 591 1053 752 1124; x_wconf 72' lang='lat' dir='ltr'>tuorem</span> <span class='ocrx_word' id='word_1_52' title='bbox 769 1054 942 1118; x_wconf 87' lang='lat' dir='ltr'>clientes</span> <span class='ocrx_word' id='word_1_53' title='bbox 960 1054 1072 1118; x_wconf 89' lang='lat' dir='ltr'>circa</span> <span class='ocrx_word' id='word_1_54' title='bbox 1090 1054 1273 1137; x_wconf 87' lang='lat' dir='ltr'>singulos</span> <span class='ocrx_word' id='word_1_55' title='bbox 1290 1053 1431 1121; x_wconf 87' lang='lat' dir='ltr'>fuistis</span> 
     </span>
     <span class='ocr_line' id='line_1_8' title="bbox 271 1161 1429 1249; baseline -0.003 -20"><span class='ocrx_word' id='word_1_56' title='bbox 271 1171 485 1249; x_wconf 89' lang='lat' dir='ltr'>patronos,</span> <span class='ocrx_word' id='word_1_57' title='bbox 518 1168 581 1227; x_wconf 89' lang='lat' dir='ltr'>tot</span> <span class='ocrx_word' id='word_1_58' title='bbox 611 1183 713 1226; x_wconf 91' lang='lat' dir='ltr'>nunc</span> <span class='ocrx_word' id='word_1_59' title='bbox 742 1162 940 1226; x_wconf 89' lang='lat' dir='ltr'>adversus</span> <span class='ocrx_word' id='word_1_60' title='bbox 968 1184 1087 1225; x_wconf 92' lang='lat' dir='ltr'>unum</span> <span class='ocrx_word' id='word_1_61' title='bbox 1116 1161 1276 1227; x_wconf 84' lang='lat' dir='ltr'>hostem</span> <span class='ocrx_word' id='word_1_62' title='bbox 1298 1164 1429 1228; x_wconf 89' lang='lat' dir='ltr'>eritis.</span> 
     </span>
     <span class='ocr_line' id='line_1_9' title="bbox 273 1269 1432 1353; baseline 0.001 -18"><span class='ocrx_word' id='word_1_63' title='bbox 273 1270 466 1353; x_wconf 85' lang='lat' dir='ltr'>(Quateni</span> <span class='ocrx_word' id='word_1_64' title='bbox 487 1306 531 1314; x_wconf 95' lang='lat'>—</span> <span class='ocrx_word' id='word_1_65' title='bbox 554 1270 751 1352; x_wconf 84' lang='lat' dir='ltr'>singulos,</span> <span class='ocrx_word' id='word_1_66' title='bbox 778 1275 907 1334; x_wconf 92' lang='lat' dir='ltr'>tot-</span> <span class='ocrx_word' id='word_1_67' title='bbox 928 1269 1069 1351; x_wconf 87' lang='lat' dir='ltr'>unum.)</span> <span class='ocrx_word' id='word_1_68' title='bbox 1109 1269 1160 1333; x_wconf 84' lang='lat' dir='ltr'>Ex</span> <span class='ocrx_word' id='word_1_69' title='bbox 1182 1271 1248 1335; x_wconf 89' lang='lat' dir='ltr'>eni</span> <span class='ocrx_word' id='word_1_70' title='bbox 1268 1270 1388 1336; x_wconf 88' lang='lat' dir='ltr'>litteris</span> <span class='ocrx_word' id='word_1_71' title='bbox 1410 1292 1432 1336; x_wconf 90' lang='lat' dir='ltr'>a</span> 
     </span>
     <span class='ocr_line' id='line_1_10' title="bbox 271 1376 1408 1465; baseline -0.003 -20"><span class='ocrx_word' id='word_1_72' title='bbox 271 1386 375 1465; x_wconf 89' lang='lat' dir='ltr'>quot</span> <span class='ocrx_word' id='word_1_73' title='bbox 397 1378 567 1444; x_wconf 78' lang='lat' dir='ltr'>distractis</span> <span class='ocrx_word' id='word_1_74' title='bbox 589 1377 714 1442; x_wconf 90' lang='lat' dir='ltr'>factum</span> <span class='ocrx_word' id='word_1_75' title='bbox 737 1384 789 1442; x_wconf 89' lang='lat' dir='ltr'>est</span> <span class='ocrx_word' id='word_1_76' title='bbox 812 1379 924 1441; x_wconf 88' lang='lat' dir='ltr'>enim.</span> <span class='ocrx_word' id='word_1_77' title='bbox 970 1376 1165 1460; x_wconf 70' lang='lat' dir='ltr'>[senserant</span> <span class='ocrx_word' id='word_1_78' title='bbox 1187 1379 1303 1442; x_wconf 89' lang='lat' dir='ltr'>vitium</span> <span class='ocrx_word' id='word_1_79' title='bbox 1325 1376 1408 1460; x_wconf 82' lang='lat' dir='ltr'>alii]</span> 
     </span>
    </p>

    <p class='ocr_par' dir='ltr' id='par_1_3' title="bbox 268 1484 1434 4266">
     <span class='ocr_line' id='line_1_11' title="bbox 358 1484 1431 1570; baseline 0.001 -19"><span class='ocrx_word' id='word_1_80' title='bbox 358 1485 437 1570; x_wconf 86' lang='lat' dir='ltr'>Cap.</span> <span class='ocrx_word' id='word_1_81' title='bbox 461 1491 518 1565; x_wconf 78' lang='lat'>20,</span> <span class='ocrx_word' id='word_1_82' title='bbox 549 1490 567 1549; x_wconf 90' lang='lat'>6</span> <span class='ocrx_word' id='word_1_83' title='bbox 596 1484 636 1548; x_wconf 92' lang='lat' dir='ltr'>de</span> <span class='ocrx_word' id='word_1_84' title='bbox 666 1484 709 1548; x_wconf 91' lang='lat' dir='ltr'>M.</span> <span class='ocrx_word' id='word_1_85' title='bbox 732 1485 856 1550; x_wconf 86' lang='lat' dir='ltr'>Manlio</span> <span class='ocrx_word' id='word_1_86' title='bbox 877 1492 1037 1550; x_wconf 87' lang='lat' dir='ltr'>accusato</span> <span class='ocrx_word' id='word_1_87' title='bbox 1071 1487 1119 1551; x_wconf 90' lang='lat' dir='ltr'>sic</span> <span class='ocrx_word' id='word_1_88' title='bbox 1147 1486 1317 1551; x_wconf 84' lang='lat' dir='ltr'>scribitur:</span> <span class='ocrx_word' id='word_1_89' title='bbox 1352 1485 1431 1552; x_wconf 90' lang='lat' dir='ltr'>Ho-</span> 
     </span>
     <span class='ocr_line' id='line_1_12' title="bbox 270 1574 1431 1679; baseline -0.002 -19"><span class='ocrx_word' id='word_1_90' title='bbox 270 1574 396 1660; x_wconf 83' lang='lat' dir='ltr'>mines</span> <span class='ocrx_word' id='word_1_91' title='bbox 435 1614 562 1679; x_wconf 85' lang='lat' dir='ltr'>prope</span> <span class='ocrx_word' id='word_1_92' title='bbox 604 1592 932 1676; x_wconf 84' lang='lat' dir='ltr'>quadringentos</span> <span class='ocrx_word' id='word_1_93' title='bbox 982 1593 1227 1677; x_wconf 86' lang='lat' dir='ltr'>produxisse</span> <span class='ocrx_word' id='word_1_94' title='bbox 1267 1593 1431 1674; x_wconf 88' lang='lat' dir='ltr'>dicitur,</span> 
     </span>
     <span class='ocr_line' id='line_1_13' title="bbox 273 1700 1432 1788; baseline -0.001 -21"><span class='ocrx_word' id='word_1_95' title='bbox 273 1703 424 1788; x_wconf 91' lang='lat' dir='ltr'>quibus</span> <span class='ocrx_word' id='word_1_96' title='bbox 456 1702 542 1766; x_wconf 89' lang='lat' dir='ltr'>sine</span> <span class='ocrx_word' id='word_1_97' title='bbox 570 1700 710 1765; x_wconf 87' lang='lat' dir='ltr'>fenore</span> <span class='ocrx_word' id='word_1_98' title='bbox 741 1722 942 1783; x_wconf 85' lang='lat' dir='ltr'>expensas</span> <span class='ocrx_word' id='word_1_99' title='bbox 964 1701 1158 1784; x_wconf 89' lang='lat' dir='ltr'>pecunias</span> <span class='ocrx_word' id='word_1_100' title='bbox 1181 1701 1351 1767; x_wconf 89' lang='lat' dir='ltr'>tulisset</span> <span class='ocrx_word' id='word_1_101' title='bbox 1373 1727 1432 1783; x_wconf 89' lang='lat'>-;</span> 
     </span>
     <span class='ocr_line' id='line_1_14' title="bbox 272 1807 1431 1893; baseline 0 -18"><span class='ocrx_word' id='word_1_102' title='bbox 272 1811 321 1876; x_wconf 93' lang='lat' dir='ltr'>ad</span> <span class='ocrx_word' id='word_1_103' title='bbox 362 1809 443 1874; x_wconf 87' lang='lat' dir='ltr'>hacc</span> <span class='ocrx_word' id='word_1_104' title='bbox 476 1809 624 1874; x_wconf 90' lang='lat' dir='ltr'>decora</span> <span class='ocrx_word' id='word_1_105' title='bbox 659 1829 816 1893; x_wconf 92' lang='lat' dir='ltr'>quoque</span> <span class='ocrx_word' id='word_1_106' title='bbox 850 1807 952 1873; x_wconf 89' lang='lat' dir='ltr'>belli</span> <span class='ocrx_word' id='word_1_107' title='bbox 987 1830 1064 1873; x_wconf 93' lang='lat' dir='ltr'>non</span> <span class='ocrx_word' id='word_1_108' title='bbox 1098 1830 1431 1876; x_wconf 86' lang='lat' dir='ltr'>commemorasse</span> 
     </span>
     <span class='ocr_line' id='line_1_15' title="bbox 271 1916 1433 2002; baseline 0 -19"><span class='ocrx_word' id='word_1_109' title='bbox 271 1924 441 1995; x_wconf 88' lang='lat' dir='ltr'>tantum,</span> <span class='ocrx_word' id='word_1_110' title='bbox 472 1917 540 1981; x_wconf 91' lang='lat' dir='ltr'>sed</span> <span class='ocrx_word' id='word_1_111' title='bbox 563 1916 794 2000; x_wconf 90' lang='lat' dir='ltr'>protulisse</span> <span class='ocrx_word' id='word_1_112' title='bbox 817 1917 940 1980; x_wconf 91' lang='lat' dir='ltr'>etiam</span> <span class='ocrx_word' id='word_1_113' title='bbox 964 1916 1267 2000; x_wconf 88' lang='lat' dir='ltr'>conspicienda,</span> <span class='ocrx_word' id='word_1_114' title='bbox 1297 1917 1433 2002; x_wconf 88' lang='lat' dir='ltr'>spolia</span> 
     </span>
     <span class='ocr_line' id='line_1_16' title="bbox 270 2024 1431 2104; baseline 0 -14"><span class='ocrx_word' id='word_1_115' title='bbox 270 2026 451 2091; x_wconf 88' lang='lat' dir='ltr'>hostium</span> <span class='ocrx_word' id='word_1_116' title='bbox 474 2046 663 2089; x_wconf 86' lang='lat' dir='ltr'>caesorum</span> <span class='ocrx_word' id='word_1_117' title='bbox 686 2025 734 2088; x_wconf 95' lang='lat' dir='ltr'>ad</span> <span class='ocrx_word' id='word_1_118' title='bbox 757 2024 946 2104; x_wconf 84' lang='lat' dir='ltr'>triginta,</span> <span class='ocrx_word' id='word_1_119' title='bbox 972 2048 1030 2103; x_wconf 91' lang='lat'>—;</span> <span class='ocrx_word' id='word_1_120' title='bbox 1060 2024 1108 2089; x_wconf 90' lang='lat' dir='ltr'>ad</span> <span class='ocrx_word' id='word_1_121' title='bbox 1136 2024 1211 2090; x_wconf 89' lang='lat' dir='ltr'>hoc</span> <span class='ocrx_word' id='word_1_122' title='bbox 1241 2031 1431 2090; x_wconf 89' lang='lat' dir='ltr'>servatos</span> 
     </span>
     <span class='ocr_line' id='line_1_17' title="bbox 272 2129 1432 2220; baseline -0.001 -22"><span class='ocrx_word' id='word_1_123' title='bbox 272 2155 323 2198; x_wconf 85' lang='lat' dir='ltr'>ex</span> <span class='ocrx_word' id='word_1_124' title='bbox 363 2133 554 2199; x_wconf 91' lang='lat' dir='ltr'>hostibus</span> <span class='ocrx_word' id='word_1_125' title='bbox 594 2134 702 2197; x_wconf 89' lang='lat' dir='ltr'>cives</span> <span class='ocrx_word' id='word_1_126' title='bbox 736 2132 946 2220; x_wconf 72' lang='lat' dir='ltr'>produuit,</span> <span class='ocrx_word' id='word_1_127' title='bbox 985 2133 1094 2196; x_wconf 89' lang='lat' dir='ltr'>inter</span> <span class='ocrx_word' id='word_1_128' title='bbox 1133 2154 1235 2216; x_wconf 92' lang='lat' dir='ltr'>quos</span> <span class='ocrx_word' id='word_1_129' title='bbox 1269 2129 1305 2196; x_wconf 83' lang='grc' dir='ltr'>Ο.</span> <span class='ocrx_word' id='word_1_130' title='bbox 1338 2131 1432 2198; x_wconf 89' lang='lat' dir='ltr'>Ser·</span> 
     </span>
     <span class='ocr_line' id='line_1_18' title="bbox 270 2239 1431 2322; baseline -0.003 -15"><span class='ocrx_word' id='word_1_131' title='bbox 270 2242 417 2307; x_wconf 91' lang='lat' dir='ltr'>vilium</span> <span class='ocrx_word' id='word_1_132' title='bbox 450 2242 688 2322; x_wconf 86' lang='lat' dir='ltr'>magistrum</span> <span class='ocrx_word' id='word_1_133' title='bbox 721 2240 898 2321; x_wconf 90' lang='lat' dir='ltr'>equitum</span> <span class='ocrx_word' id='word_1_134' title='bbox 927 2240 1136 2305; x_wconf 84' lang='lat' dir='ltr'>absentem</span> <span class='ocrx_word' id='word_1_135' title='bbox 1164 2239 1431 2321; x_wconf 68' lang='lat' dir='ltr'>nominatum</span> 
     </span>
     <span class='ocr_line' id='line_1_19' title="bbox 272 2347 1430 2433; baseline -0.003 -18"><span class='ocrx_word' id='word_1_136' title='bbox 272 2356 312 2415; x_wconf 89' lang='lat' dir='ltr'>et</span> <span class='ocrx_word' id='word_1_137' title='bbox 332 2371 450 2433; x_wconf 88' lang='lat' dir='ltr'>quum</span> <span class='ocrx_word' id='word_1_138' title='bbox 469 2369 516 2414; x_wconf 92' lang='lat' dir='ltr'>ea</span> <span class='ocrx_word' id='word_1_139' title='bbox 534 2369 704 2432; x_wconf 88' lang='lat' dir='ltr'>quoque,</span> <span class='ocrx_word' id='word_1_140' title='bbox 728 2369 811 2430; x_wconf 88' lang='lat' dir='ltr'>quae</span> <span class='ocrx_word' id='word_1_141' title='bbox 828 2347 938 2413; x_wconf 87' lang='lat' dir='ltr'>bello</span> <span class='ocrx_word' id='word_1_142' title='bbox 956 2353 1073 2431; x_wconf 87' lang='lat' dir='ltr'>gesta</span> <span class='ocrx_word' id='word_1_143' title='bbox 1096 2354 1249 2427; x_wconf 90' lang='lat' dir='ltr'>essent,</span> <span class='ocrx_word' id='word_1_144' title='bbox 1277 2368 1430 2412; x_wconf 89' lang='lat' dir='ltr'>-ora-</span> 
     </span>
     <span class='ocr_line' id='line_1_20' title="bbox 268 2455 1432 2549; baseline -0.002 -27"><span class='ocrx_word' id='word_1_145' title='bbox 268 2458 382 2523; x_wconf 92' lang='lat' dir='ltr'>tione</span> <span class='ocrx_word' id='word_1_146' title='bbox 406 2457 529 2521; x_wconf 89' lang='lat' dir='ltr'>etiam</span> <span class='ocrx_word' id='word_1_147' title='bbox 545 2455 1116 2549; x_wconf 84' lang='lat' dir='ltr'>magnifica—memorasset,</span> <span class='ocrx_word' id='word_1_148' title='bbox 1139 2455 1318 2521; x_wconf 86' lang='lat' dir='ltr'>nudasse</span> <span class='ocrx_word' id='word_1_149' title='bbox 1343 2476 1432 2539; x_wconf 89' lang='lat' dir='ltr'>pec·</span> 
     </span>
     <span class='ocr_line' id='line_1_21' title="bbox 268 2563 1432 2648; baseline -0.002 -19"><span class='ocrx_word' id='word_1_150' title='bbox 268 2571 333 2629; x_wconf 92' lang='lat' dir='ltr'>tus</span> <span class='ocrx_word' id='word_1_151' title='bbox 358 2599 396 2608; x_wconf 92' lang='lat'>—</span> <span class='ocrx_word' id='word_1_152' title='bbox 421 2570 461 2628; x_wconf 91' lang='lat' dir='ltr'>et</span> <span class='ocrx_word' id='word_1_153' title='bbox 489 2563 621 2628; x_wconf 92' lang='lat' dir='ltr'>Iovem</span> <span class='ocrx_word' id='word_1_154' title='bbox 642 2598 685 2607; x_wconf 89' lang='lat'>—</span> <span class='ocrx_word' id='word_1_155' title='bbox 715 2563 936 2628; x_wconf 87' lang='lat' dir='ltr'>devocasse</span> <span class='ocrx_word' id='word_1_156' title='bbox 963 2599 1006 2608; x_wconf 90' lang='lat'><em>-</em></span> <span class='ocrx_word' id='word_1_157' title='bbox 1035 2570 1313 2648; x_wconf 88' lang='lat' dir='ltr'>precatusque</span> <span class='ocrx_word' id='word_1_158' title='bbox 1343 2584 1432 2628; x_wconf 88' lang='lat' dir='ltr'>esse</span> 
     </span>
     <span class='ocr_line' id='line_1_22' title="bbox 270 2670 1432 2753; baseline -0.001 -17"><span class='ocrx_word' id='word_1_159' title='bbox 270 2678 331 2736; x_wconf 89' lang='lat' dir='ltr'>cet.</span> <span class='ocrx_word' id='word_1_160' title='bbox 362 2670 529 2736; x_wconf 92' lang='lat' dir='ltr'>Orationis</span> <span class='ocrx_word' id='word_1_161' title='bbox 548 2677 749 2736; x_wconf 89' lang='lat' dir='ltr'>structuram</span> <span class='ocrx_word' id='word_1_162' title='bbox 767 2678 800 2735; x_wconf 87' lang='lat' dir='ltr'>et</span> <span class='ocrx_word' id='word_1_163' title='bbox 814 2672 1051 2736; x_wconf 88' lang='lat' dir='ltr'>sententiarum</span> <span class='ocrx_word' id='word_1_164' title='bbox 1064 2671 1297 2736; x_wconf 81' lang='lat' dir='ltr'>cohaerentiam</span> <span class='ocrx_word' id='word_1_165' title='bbox 1308 2670 1432 2753; x_wconf 88' lang='lat' dir='ltr'>planis·</span> 
     </span>
     <span class='ocr_line' id='line_1_23' title="bbox 274 2778 1433 2863; baseline -0.002 -19"><span class='ocrx_word' id='word_1_166' title='bbox 274 2780 391 2844; x_wconf 90' lang='lat' dir='ltr'>simam</span> <span class='ocrx_word' id='word_1_167' title='bbox 426 2779 601 2863; x_wconf 87' lang='lat' dir='ltr'>perturbat</span> <span class='ocrx_word' id='word_1_168' title='bbox 636 2785 669 2844; x_wconf 88' lang='lat' dir='ltr'>et</span> <span class='ocrx_word' id='word_1_169' title='bbox 695 2778 844 2844; x_wconf 88' lang='lat' dir='ltr'>funditus</span> <span class='ocrx_word' id='word_1_170' title='bbox 873 2780 990 2843; x_wconf 87' lang='lat' dir='ltr'>evertit</span> <span class='ocrx_word' id='word_1_171' title='bbox 1018 2780 1210 2844; x_wconf 87' lang='lat' dir='ltr'>interiectus</span> <span class='ocrx_word' id='word_1_172' title='bbox 1238 2779 1354 2843; x_wconf 91' lang='lat' dir='ltr'>mediis</span> <span class='ocrx_word' id='word_1_173' title='bbox 1382 2778 1433 2842; x_wconf 93' lang='lat' dir='ltr'>in·</span> 
     </span>
     <span class='ocr_line' id='line_1_24' title="bbox 269 2885 1431 2971; baseline -0.001 -20"><span class='ocrx_word' id='word_1_174' title='bbox 269 2886 404 2951; x_wconf 87' lang='lat' dir='ltr'>finitivis</span> <span class='ocrx_word' id='word_1_175' title='bbox 439 2887 636 2952; x_wconf 86' lang='lat' dir='ltr'>indicativus</span> <span class='ocrx_word' id='word_1_176' title='bbox 665 2887 875 2971; x_wconf 84' lang='lat' dir='ltr'>produxit,</span> <span class='ocrx_word' id='word_1_177' title='bbox 909 2908 969 2968; x_wconf 92' lang='lat' dir='ltr'>pro</span> <span class='ocrx_word' id='word_1_178' title='bbox 999 2909 1065 2970; x_wconf 90' lang='lat' dir='ltr'>quo</span> <span class='ocrx_word' id='word_1_179' title='bbox 1095 2886 1239 2952; x_wconf 86' lang='lat' dir='ltr'>editores</span> <span class='ocrx_word' id='word_1_180' title='bbox 1269 2892 1346 2951; x_wconf 92' lang='lat' dir='ltr'>ante</span> <span class='ocrx_word' id='word_1_181' title='bbox 1373 2885 1431 2950; x_wconf 82' lang='lat' dir='ltr'>Al-</span> 
     </span>
     <span class='ocr_line' id='line_1_25' title="bbox 269 2992 1432 3078; baseline -0.001 -19"><span class='ocrx_word' id='word_1_182' title='bbox 269 2993 483 3076; x_wconf 86' lang='lat' dir='ltr'>schefskium,</span> <span class='ocrx_word' id='word_1_183' title='bbox 516 2995 666 3059; x_wconf 87' lang='lat' dir='ltr'>Rhenani</span> <span class='ocrx_word' id='word_1_184' title='bbox 695 2995 921 3059; x_wconf 89' lang='lat' dir='ltr'>coniecturam</span> <span class='ocrx_word' id='word_1_185' title='bbox 951 2995 1065 3073; x_wconf 87' lang='lat' dir='ltr'>secuti,</span> <span class='ocrx_word' id='word_1_186' title='bbox 1097 3016 1236 3078; x_wconf 89' lang='lat' dir='ltr'>prorsus</span> <span class='ocrx_word' id='word_1_187' title='bbox 1270 2992 1432 3060; x_wconf 87' lang='lat' dir='ltr'>violenter</span> 
     </span>
     <span class='ocr_line' id='line_1_26' title="bbox 269 3100 1434 3188; baseline -0.001 -22"><span class='ocrx_word' id='word_1_188' title='bbox 269 3103 515 3188; x_wconf 85' lang='lat' dir='ltr'>produxisse</span> <span class='ocrx_word' id='word_1_189' title='bbox 545 3103 800 3182; x_wconf 80' lang='lat' dir='ltr'>substitueram,</span> <span class='ocrx_word' id='word_1_190' title='bbox 834 3102 984 3186; x_wconf 85' lang='lat' dir='ltr'>neglecta</span> <span class='ocrx_word' id='word_1_191' title='bbox 1012 3123 1088 3166; x_wconf 84' lang='lat' dir='ltr'>vera</span> <span class='ocrx_word' id='word_1_192' title='bbox 1111 3101 1259 3166; x_wconf 91' lang='lat' dir='ltr'>eiusdem</span> <span class='ocrx_word' id='word_1_193' title='bbox 1280 3100 1434 3167; x_wconf 87' lang='lat' dir='ltr'>Rhenani</span> 
     </span>
     <span class='ocr_line' id='line_1_27' title="bbox 269 3209 1430 3295; baseline -0.003 -18"><span class='ocrx_word' id='word_1_194' title='bbox 269 3212 465 3295; x_wconf 87' lang='lat' dir='ltr'>suspicione,</span> <span class='ocrx_word' id='word_1_195' title='bbox 488 3211 522 3276; x_wconf 92' lang='lat' dir='ltr'>id</span> <span class='ocrx_word' id='word_1_196' title='bbox 544 3211 681 3276; x_wconf 89' lang='lat' dir='ltr'>verbum</span> <span class='ocrx_word' id='word_1_197' title='bbox 704 3211 746 3276; x_wconf 93' lang='lat' dir='ltr'>ab</span> <span class='ocrx_word' id='word_1_198' title='bbox 770 3210 1011 3295; x_wconf 89' lang='lat' dir='ltr'>interpolatore</span> <span class='ocrx_word' id='word_1_199' title='bbox 1033 3209 1200 3290; x_wconf 77' lang='lat' dir='ltr'>additum,</span> <span class='ocrx_word' id='word_1_200' title='bbox 1233 3231 1299 3275; x_wconf 92' lang='lat' dir='ltr'>non</span> <span class='ocrx_word' id='word_1_201' title='bbox 1322 3216 1430 3274; x_wconf 87' lang='lat' dir='ltr'>atten-</span> 
     </span>
     <span class='ocr_line' id='line_1_28' title="bbox 270 3315 1432 3403; baseline -0.001 -20"><span class='ocrx_word' id='word_1_202' title='bbox 270 3319 366 3384; x_wconf 89' lang='lat' dir='ltr'>derat</span> <span class='ocrx_word' id='word_1_203' title='bbox 399 3321 500 3399; x_wconf 90' lang='lat' dir='ltr'>enim,</span> <span class='ocrx_word' id='word_1_204' title='bbox 536 3320 592 3403; x_wconf 88' lang='lat' dir='ltr'>qui</span> <span class='ocrx_word' id='word_1_205' title='bbox 627 3318 771 3398; x_wconf 89' lang='lat' dir='ltr'>addidit,</span> <span class='ocrx_word' id='word_1_206' title='bbox 804 3318 892 3383; x_wconf 89' lang='lat' dir='ltr'>hunc</span> <span class='ocrx_word' id='word_1_207' title='bbox 926 3338 1058 3401; x_wconf 90' lang='lat' dir='ltr'>quoque</span> <span class='ocrx_word' id='word_1_208' title='bbox 1086 3318 1311 3383; x_wconf 80' lang='lat' dir='ltr'>accusativum</span> <span class='ocrx_word' id='word_1_209' title='bbox 1339 3315 1432 3399; x_wconf 89' lang='lat' dir='ltr'>(sar-</span> 
     </span>
     <span class='ocr_line' id='line_1_29' title="bbox 268 3425 1428 3509; baseline -0.001 -18"><span class='ocrx_word' id='word_1_210' title='bbox 268 3433 384 3492; x_wconf 88' lang='lat' dir='ltr'>vatos</span> <span class='ocrx_word' id='word_1_211' title='bbox 412 3463 456 3471; x_wconf 94' lang='lat'>—</span> <span class='ocrx_word' id='word_1_212' title='bbox 483 3426 605 3508; x_wconf 85' lang='lat' dir='ltr'>cives)</span> <span class='ocrx_word' id='word_1_213' title='bbox 639 3447 660 3492; x_wconf 91' lang='lat' dir='ltr'>a</span> <span class='ocrx_word' id='word_1_214' title='bbox 700 3446 1036 3494; x_wconf 89' lang='lat' dir='ltr'>commemorasse</span> <span class='ocrx_word' id='word_1_215' title='bbox 1069 3425 1228 3509; x_wconf 87' lang='lat' dir='ltr'>pendere,</span> <span class='ocrx_word' id='word_1_216' title='bbox 1270 3425 1362 3509; x_wconf 91' lang='lat' dir='ltr'>quod</span> <span class='ocrx_word' id='word_1_217' title='bbox 1399 3425 1428 3490; x_wconf 92' lang='lat' dir='ltr'>si</span> 
     </span>
     <span class='ocr_line' id='line_1_30' title="bbox 269 3530 1434 3618; baseline -0.002 -19"><span class='ocrx_word' id='word_1_218' title='bbox 269 3534 456 3600; x_wconf 88' lang='lat' dir='ltr'>confirmari</span> <span class='ocrx_word' id='word_1_219' title='bbox 491 3556 574 3618; x_wconf 90' lang='lat' dir='ltr'>opus</span> <span class='ocrx_word' id='word_1_220' title='bbox 603 3540 707 3613; x_wconf 89' lang='lat' dir='ltr'>esset,</span> <span class='ocrx_word' id='word_1_221' title='bbox 750 3535 833 3600; x_wconf 89' lang='lat' dir='ltr'>satis</span> <span class='ocrx_word' id='word_1_222' title='bbox 863 3533 1053 3600; x_wconf 91' lang='lat' dir='ltr'>ostenderet</span> <span class='ocrx_word' id='word_1_223' title='bbox 1080 3534 1204 3597; x_wconf 91' lang='lat' dir='ltr'>mentio</span> <span class='ocrx_word' id='word_1_224' title='bbox 1235 3530 1270 3597; x_wconf 82' lang='grc' dir='ltr'>Ο.</span> <span class='ocrx_word' id='word_1_225' title='bbox 1302 3532 1434 3604; x_wconf 80' lang='lat' dir='ltr'>Servilii</span> 
     </span>
     <span class='ocr_line' id='line_1_31' title="bbox 270 3639 1433 3724; baseline -0.002 -17"><span class='ocrx_word' id='word_1_226' title='bbox 270 3643 427 3708; x_wconf 89' lang='lat' dir='ltr'>absentis.</span> <span class='ocrx_word' id='word_1_227' title='bbox 479 3640 559 3724; x_wconf 85' lang='lat' dir='ltr'>(Sed</span> <span class='ocrx_word' id='word_1_228' title='bbox 588 3641 722 3707; x_wconf 89' lang='lat' dir='ltr'>sublato</span> <span class='ocrx_word' id='word_1_229' title='bbox 750 3641 1019 3707; x_wconf 82' lang='lat' dir='ltr'>manifestissimo</span> <span class='ocrx_word' id='word_1_230' title='bbox 1049 3639 1278 3708; x_wconf 90' lang='lat' dir='ltr'>additamento</span> <span class='ocrx_word' id='word_1_231' title='bbox 1306 3641 1433 3706; x_wconf 81' lang='lat' dir='ltr'>residet</span> 
     </span>
     <span class='ocr_line' id='line_1_32' title="bbox 269 3748 1432 3832; baseline -0.002 -17"><span class='ocrx_word' id='word_1_232' title='bbox 269 3756 382 3816; x_wconf 88' lang='lat' dir='ltr'>tamen</span> <span class='ocrx_word' id='word_1_233' title='bbox 411 3748 566 3814; x_wconf 92' lang='lat' dir='ltr'>mendum</span> <span class='ocrx_word' id='word_1_234' title='bbox 593 3772 661 3814; x_wconf 93' lang='lat' dir='ltr'>non</span> <span class='ocrx_word' id='word_1_235' title='bbox 689 3749 796 3814; x_wconf 89' lang='lat' dir='ltr'>minus</span> <span class='ocrx_word' id='word_1_236' title='bbox 823 3748 1051 3827; x_wconf 80' lang='lat' dir='ltr'>manifestum3</span> <span class='ocrx_word' id='word_1_237' title='bbox 1085 3770 1162 3813; x_wconf 92' lang='lat' dir='ltr'>nam</span> <span class='ocrx_word' id='word_1_238' title='bbox 1190 3769 1297 3832; x_wconf 91' lang='lat' dir='ltr'>neque</span> <span class='ocrx_word' id='word_1_239' title='bbox 1326 3749 1432 3832; x_wconf 88' lang='lat' dir='ltr'>passi·</span> 
     </span>
     <span class='ocr_line' id='line_1_33' title="bbox 268 3855 1433 3940; baseline -0.001 -17"><span class='ocrx_word' id='word_1_240' title='bbox 268 3880 328 3923; x_wconf 91' lang='lat' dir='ltr'>vus</span> <span class='ocrx_word' id='word_1_241' title='bbox 368 3856 546 3922; x_wconf 90' lang='lat' dir='ltr'>infinitivus</span> <span class='ocrx_word' id='word_1_242' title='bbox 581 3855 685 3940; x_wconf 89' lang='lat' dir='ltr'>(esse</span> <span class='ocrx_word' id='word_1_243' title='bbox 725 3858 811 3922; x_wconf 92' lang='lat' dir='ltr'>enim</span> <span class='ocrx_word' id='word_1_244' title='bbox 850 3857 1039 3923; x_wconf 87' lang='lat' dir='ltr'>necessario</span> <span class='ocrx_word' id='word_1_245' title='bbox 1075 3857 1224 3936; x_wconf 90' lang='lat' dir='ltr'>auditur,</span> <span class='ocrx_word' id='word_1_246' title='bbox 1263 3877 1304 3922; x_wconf 91' lang='lat' dir='ltr'>ne</span> <span class='ocrx_word' id='word_1_247' title='bbox 1331 3855 1433 3922; x_wconf 89' lang='lat' dir='ltr'>Man·</span> 
     </span>
     <span class='ocr_line' id='line_1_34' title="bbox 269 3963 1430 4046; baseline -0.002 -16"><span class='ocrx_word' id='word_1_248' title='bbox 269 3965 335 4030; x_wconf 90' lang='lat' dir='ltr'>lius</span> <span class='ocrx_word' id='word_1_249' title='bbox 376 3966 506 4031; x_wconf 87' lang='lat' dir='ltr'>dicatur</span> <span class='ocrx_word' id='word_1_250' title='bbox 543 3985 878 4031; x_wconf 87' lang='lat' dir='ltr'>commemorasse</span> <span class='ocrx_word' id='word_1_251' title='bbox 908 3963 1127 4029; x_wconf 85' lang='lat' dir='ltr'>Servilium</span> <span class='ocrx_word' id='word_1_252' title='bbox 1161 3964 1430 4046; x_wconf 87' lang='lat' dir='ltr'>nominatum)</span> 
     </span>
     <span class='ocr_line' id='line_1_35' title="bbox 270 4051 1433 4157; baseline -0.002 -20"><span class='ocrx_word' id='word_1_253' title='bbox 270 4094 377 4157; x_wconf 90' lang='lat' dir='ltr'>neque</span> <span class='ocrx_word' id='word_1_254' title='bbox 429 4051 637 4138; x_wconf 82' lang='lat' dir='ltr'>aecusativus</span> <span class='ocrx_word' id='word_1_255' title='bbox 688 4073 757 4139; x_wconf 91' lang='lat' dir='ltr'>ullo</span> <span class='ocrx_word' id='word_1_256' title='bbox 802 4072 902 4139; x_wconf 93' lang='lat' dir='ltr'>modo</span> <span class='ocrx_word' id='word_1_257' title='bbox 949 4072 983 4136; x_wconf 92' lang='lat' dir='ltr'>in</span> <span class='ocrx_word' id='word_1_258' title='bbox 1025 4074 1185 4139; x_wconf 89' lang='lat' dir='ltr'>orationis</span> <span class='ocrx_word' id='word_1_259' title='bbox 1230 4078 1433 4137; x_wconf 88' lang='lat' dir='ltr'>structuram</span> 
     </span>
     <span class='ocr_line' id='line_1_36' title="bbox 270 4178 1431 4266; baseline -0.003 -20"><span class='ocrx_word' id='word_1_260' title='bbox 270 4180 397 4247; x_wconf 89' lang='lat' dir='ltr'>includi</span> <span class='ocrx_word' id='word_1_261' title='bbox 436 4188 555 4266; x_wconf 90' lang='lat' dir='ltr'>potest.</span> <span class='ocrx_word' id='word_1_262' title='bbox 617 4180 693 4247; x_wconf 90' lang='lat' dir='ltr'>Una</span> <span class='ocrx_word' id='word_1_263' title='bbox 735 4180 850 4247; x_wconf 88' lang='lat' dir='ltr'>littera</span> <span class='ocrx_word' id='word_1_264' title='bbox 886 4186 1016 4247; x_wconf 87' lang='lat' dir='ltr'>mutata</span> <span class='ocrx_word' id='word_1_265' title='bbox 1053 4188 1146 4247; x_wconf 86' lang='lat' dir='ltr'>recta</span> <span class='ocrx_word' id='word_1_266' title='bbox 1185 4180 1294 4247; x_wconf 88' lang='lat' dir='ltr'>omnia</span> <span class='ocrx_word' id='word_1_267' title='bbox 1333 4178 1431 4244; x_wconf 89' lang='lat' dir='ltr'>fient:</span> 
     </span>
    </p>
   </div>
   <div class='ocr_carea' id='block_1_3' title="bbox 0 0 1534 5272">
    <p class='ocr_par' dir='ltr' id='par_1_4' title="bbox 0 0 1534 5272">
     <span class='ocr_line' id='line_1_37' title="bbox 0 0 1534 5272; baseline 0 0"><span class='ocrx_word' id='word_1_268' title='bbox 0 0 1534 5272; x_wconf 95' lang='lat' dir='ltr'> </span> 
     </span>
    </p>
   </div>
  </div>
 </body>
</html>
