3060 5272
236 357 400 414 namu
777 348 837 430 raa

148 545 222 614 (600)
241 529 414 616 Grynaeum
435 530 514 607 haec,
537 551 609 615 quae
633 534 830 598 sententiam
851 533 974 601 habent
996 557 1130 620 prorsus
1152 539 1286 619 nullam,
1309 561 1383 606 ora·

233 640 355 704 tionem
380 639 428 721 (in
450 640 570 719 esset)
592 640 759 705 vitiosam:
784 661 986 709 commuue
1009 646 1225 712 consilium
1248 650 1385 733 gentis

235 754 361 825 esset,
385 768 432 812 ne
455 747 680 831 improbum
703 748 846 833 vulgus
869 770 890 814 a
912 759 1059 818 senatu
1087 752 1312 832 aliquando
1339 751 1384 816 li·

233 855 434 920 bertatem
457 855 618 921 salubri
640 855 919 922 moderatione
943 859 1080 926 datam
1103 861 1151 927 ad
1169 860 1383 926 licentiam

234 962 497 1047 pestilentem
530 963 727 1030 traheret.
773 964 890 1048 Itaque
924 973 983 1032 aut
1015 968 1174 1034 nullum
1207 989 1296 1034 esse
1325 974 1385 1034 aut

232 1092 279 1136 ue
302 1077 413 1137 esset
435 1071 534 1137 scribi
557 1072 686 1151 iubent,
715 1072 750 1136 id
773 1093 839 1138 non
861 1074 1014 1140 videntur
1035 1077 1316 1155 animadvertisse,
1339 1077 1384 1141 ri·

232 1178 340 1244 dicule
363 1180 479 1263 vulgus
503 1178 609 1260 (ouius
631 1180 876 1265 improbitas
899 1182 932 1247 h.
955 1183 976 1248 l.
1000 1186 1081 1274 satis
1109 1186 1219 1269 inepte
1242 1206 1386 1252 comme·

233 1289 395 1369 moratur)
420 1288 484 1353 dioi
506 1308 526 1352 a
549 1293 692 1353 senatu
716 1287 788 1373 (qui
805 1291 878 1372 quis
897 1291 949 1369 sit,
967 1291 1098 1358 difficile
1116 1299 1165 1359 est
1183 1293 1382 1377 intellegere,

234 1420 335 1484 quum
367 1396 479 1463 nullus
506 1378 587 1461 ¹ante
618 1396 821 1479 significatus
850 1399 907 1481 sit)
934 1400 1122 1465 libertatem
1136 1401 1193 1467 ,ad
1214 1401 1385 1467 licentiam

232 1507 380 1586 trabere,
418 1526 493 1570 nam
526 1504 712 1570 libertatem
744 1507 778 1570 in
811 1506 978 1573 licentiam
1011 1508 1143 1575 trabere
1182 1530 1221 1574 ac
1254 1516 1382 1575 vertere

234 1615 314 1701 quid
336 1616 394 1694 sit,
423 1615 559 1693 scimus3
593 1612 635 1678 ab
658 1610 769 1696 aliquo
791 1615 981 1681 libertatem
1004 1617 1037 1680 in
1060 1616 1227 1684 licentiam
1248 1618 1382 1684 trahere

233 1724 315 1789 nihil
348 1730 400 1787 est
432 1723 574 1788 omnino.
632 1722 760 1802 Aderit,
794 1723 851 1805 qui
886 1745 937 1790 me
971 1746 1106 1809 prorsus
1139 1727 1292 1792 cecutire
1329 1747 1385 1792 oo·

235 1833 363 1910 clamet,
386 1832 444 1913 qui
466 1850 531 1895 non
553 1829 681 1895 videam
704 1831 874 1913 coniungi:
908 1853 929 1896 a
951 1842 1095 1899 senatu
1119 1834 1271 1913 datam,
1294 1833 1384 1915 quod

234 1948 273 2007 ut
294 1940 400 2024 magis
422 1937 581 2014 eluceret,
615 1938 915 2019 Weissenbomius,
950 1963 1051 2024 quum
1084 1944 1117 2007 in
1150 1942 1262 2007 codice
1296 1950 1385 2007 esset

235 2050 470 2125 adsenator,
504 2047 636 2130 scripsit
669 2046 717 2112 ab
752 2053 900 2112 senatu
933 2048 1119 2114 Romano.
1175 2049 1295 2115 Verum
1331 2050 1385 2131 (ut

234 2159 384 2224 omittam
412 2176 529 2239 parum
557 2161 634 2239 apte
662 2155 693 2220 h.
715 2154 747 2234 l.,
770 2156 843 2240 quis
871 2156 1058 2223 libertatem
1086 2157 1227 2237 dederit,
1255 2160 1290 2222 in
1317 2180 1386 2223 me·

234 2264 543 2345 moriamrevooari)
556 2264 751 2357 interposita
768 2271 844 2330 ante
862 2264 1102 2331 libertatem
1119 2288 1180 2331 vox
1199 2266 1384 2348 aliquan·

235 2374 283 2442 do
307 2374 488 2440 certissime
506 2372 652 2456 pertinet
673 2371 715 2437 ad
739 2373 929 2439 traheret
951 2373 1131 2458 eodemque
1164 2382 1201 2439 ut
1221 2374 1388 2440 referatur

235 2502 256 2548 a
284 2488 441 2562 senatu,
471 2480 654 2546 inevitabili
686 2482 884 2545 necessitate
917 2482 1013 2563 cogit.
1059 2481 1177 2547 Videat
1198 2504 1286 2547 nunc
1306 2482 1387 2547 mihi

235 2591 355 2676 aliquis
378 2592 537 2672 integram
560 2587 683 2654 codicis
701 2589 908 2671 scripturam,
933 2609 949 2653 e
973 2609 1039 2670 qua
1057 2589 1263 2674 Kreyssigius
1285 2612 1386 2655 unum

234 2698 318 2764 illud
352 2698 574 2763 adsenator
607 2695 793 2774 adnotavit,
822 2702 873 2761 est
906 2703 1017 2762 autem
1045 2697 1248 2763 huiusmodi:
1284 2720 1386 2765 oom-

235 2828 347 2873 mune
370 2805 587 2871 consilium
609 2804 742 2887 gentis
766 2811 882 2870 esset
905 2804 1133 2888 improbum
1163 2808 1272 2889 vulgi
1306 2807 1386 2885 (non

236 2914 390 2998 vulgus)
431 2912 653 2978 adsonator
686 2911 908 2996 aliquando
947 2912 1188 2979 libertatem
1221 2914 1386 2980 salubri

235 3023 509 3090 moderationi
543 3022 678 3088 datum
700 3024 762 3085 cet.
809 3017 997 3104 Scripserat
1020 3020 1148 3086 Livius:
1184 3042 1386 3087 commune

152 3129 223 3198 (⁶⁰¹)
243 3133 460 3201 concilium
482 3131 616 3213 gentis
639 3148 746 3208 esse,
768 3127 1036 3209 improbatum,
1059 3148 1102 3192 re
1130 3131 1234 3211 ulgl
1256 3132 1389 3194 alsen-

235 3251 338 3308 tater
371 3238 596 3323 aliquando
634 3235 871 3301 libertatem
910 3236 1066 3301 salubri
1106 3238 1387 3304 moderatione

235 3352 370 3418 datam
404 3349 452 3414 ad
484 3344 697 3411 licentiam
731 3352 828 3427 pest.
863 3344 1058 3410 traheret.
1110 3343 1211 3412 (lavet
1243 3353 1388 3425 senatus,

234 3459 391 3528 benevole
414 3455 539 3523 seilicet
560 3450 761 3518 Macedoniae
783 3450 932 3517 libertati
956 3453 1145 3533 consulens,
1169 3476 1224 3534 ne,
1248 3456 1276 3520 si
1299 3476 1387 3522 com·

235 3591 331 3635 mune
354 3564 528 3633 concilium
550 3560 657 3644 gentis
681 3559 724 3624 sit
747 3559 893 3640 (comitia
916 3561 1179 3645 contionesque),
1203 3546 1387 3648 aliquando

235 3677 403 3763 popularis
424 3673 522 3738 homo
545 3669 661 3736 turbas
684 3668 837 3733 concitet.
887 3731 892 3740 ,

321 3781 399 3868 Gap.
426 3785 474 3858 19,
500 3783 536 3844 ll
563 3778 611 3860 (in
644 3777 793 3842 oratione
823 3773 939 3842 Stratii
966 3779 1086 3844 medici
1115 3778 1205 3863 apud
1227 3778 1386 3858 Attalum,

237 3978 464 3991 ——-———-

304 4060 430 4115 fuisset
447 4057 530 4125 suia,
550 4055 677 4110 exitum
696 4051 772 4106 eius
789 4053 975 4109 victoriam
992 4055 1154 4111 Romania
1173 4056 1385 4122 adlaturum,

305 4146 372 4201 sibi
389 4144 596 4198 libertatem.
624 4137 703 4207 (eod.
717 4137 880 4193 Romanis
899 4139 1095 4195 adlaturum
1114 4140 1300 4197 crederent
1318 4142 1388 4195 sibi

305 4230 504 4285 adlaturum
530 4227 599 4281 sibi
616 4226 822 4279 libertatem.
857 4224 990 4281 Metalli
1015 4231 1067 4281 oet
1103 4225 1291 4281 crederent
1309 4244 1324 4280 e
1342 4244 1389 4282 su·

304 4315 461 4387 petionibus
479 4313 628 4383 repetitum
646 4310 713 4365 uliae
731 4311 827 4365 turbae
844 4311 987 4381 peperisse
1005 4310 1135 4380 videtur.)
