3060 5272
780 329 840 390 592

236 522 272 580 et
295 517 357 597 34),
381 515 603 599 quaternionis
634 512 738 578 XXVI
766 512 845 579 folia
873 518 1029 596 quattuor
1050 510 1160 575 media
1178 509 1302 592 (XLIV,
1319 509 1390 592 35),

236 629 327 706 quat.
351 623 474 688 XXVII
508 623 571 687 duo
604 622 714 686 media
747 621 870 702 (XLIV,
899 620 964 701 40),
993 626 1082 703 quat.
1110 617 1250 683 XXVIII
1276 624 1390 684 extro-

239 754 327 801 mum
351 731 476 813 (XLIV,
500 731 564 812 46),
588 737 677 813 quad.
701 728 792 794 XXX
810 728 875 794 duo
894 735 1040 793 extrema
1058 725 1167 807 (XLV,
1193 731 1242 806 14,
1264 732 1297 791 et
1318 726 1389 807 21),

241 848 333 924 quat.
358 839 493 904 XXXIV
517 840 657 922 primum
680 837 788 917 (XLV,
812 837 881 925 39);
904 858 991 901 nunc
1015 836 1107 911 deest
1129 835 1229 900 etiam
1251 839 1388 918 quater-

237 950 293 1013 nio
318 949 416 1027 alter,
439 970 456 1013 e
479 969 544 1031 quo
567 947 725 1028 Grynaeus
754 946 904 1010 ediderat
932 945 1008 1009 libri
1030 944 1104 1008 XLI
1132 944 1242 1027 capita
1268 964 1387 1008 novem

235 1055 324 1138 (quae
348 1078 368 1120 a
390 1058 496 1140 primo
520 1054 748 1135 numerantur)
773 1076 875 1136 usque
898 1053 940 1117 ad
963 1053 1032 1117 haec
1050 1052 1149 1117 verba
1166 1053 1283 1136 capitis
1305 1052 1388 1117 noni

236 1166 374 1229 extremi
408 1161 760 1247 (§10):[edic]tum
797 1183 902 1226 cons.
933 1183 981 1227 sc.
1017 1161 1217 1225 adiectum
1251 1165 1329 1238 est,
1365 1180 1389 1225 a

235 1272 356 1355 quibus
379 1292 465 1337 nunc
487 1274 589 1337 codex
611 1273 734 1354 incipit.
780 1271 896 1353 Itaque
925 1270 958 1334 in
986 1269 1050 1333 illis
1078 1290 1193 1332 norem
1221 1266 1387 1351 capitibus

235 1382 402 1463 scriptura
425 1403 491 1445 una
513 1381 644 1464 Grynaei
674 1379 738 1444 fide
766 1377 928 1458 nititur1).
974 1377 1081 1460 Atque
1104 1375 1261 1459 Grynaeus
1284 1397 1387 1458 quum

234 1490 283 1553 sic
305 1489 365 1554 hos
388 1488 490 1554 libros
514 1489 685 1563 edidisset,
709 1495 747 1551 ut
771 1487 853 1550 Livii
881 1488 1063 1550 orationem
1091 1484 1305 1550 describendo
1329 1483 1387 1549 de·

235 1603 406 1680 pravatam
429 1598 578 1680 plurimis
601 1597 683 1662 locis
712 1597 902 1660 coniectura
925 1601 1066 1658 mutaret
1094 1594 1141 1673 (in
1165 1614 1229 1676 quo
1252 1593 1385 1675 negotio

236 1711 357 1788 praeter
389 1705 551 1768 minorum
585 1712 619 1768 et
651 1704 799 1767 facilium
828 1703 1019 1768 mendorum
1047 1723 1150 1785 prope
1183 1701 1386 1765 infinitorum

236 1814 472 1877 correctionem
503 1815 602 1878 etiam
630 1814 782 1894 graviora
810 1820 843 1876 et
871 1812 1059 1875 obscuriora
1087 1810 1227 1892 plurima
1254 1811 1386 1891 egregio

237 1923 384 1986 acumine
418 1928 452 1986 et
480 1923 660 2005 sagacitate
691 1920 839 1997 sustulit,
873 1922 905 1983 in
939 1921 1013 1983 aliis
1047 1919 1211 1983 aberravit
1239 1919 1386 1999 vitiaque

235 2030 467 2112 interpolando
491 2029 595 2110 auxit)
618 2050 678 2093 nec
701 2037 820 2106 tamen,
843 2029 930 2110 quod
954 2028 1040 2091 illius
1061 2027 1169 2092 aetatis
1187 2047 1257 2090 mos
1276 2026 1386 2091 minus

236 2138 443 2221 postulabat,
467 2138 544 2219 qnid
577 2139 610 2201 in
639 2137 750 2202 codice
773 2144 954 2220 repertum,
985 2135 1063 2216 quid
1092 2157 1112 2199 a
1140 2156 1173 2199 sc
1202 2134 1386 2217 profectum

237 2254 332 2325 esset,
357 2248 526 2323 indicaret,
551 2252 742 2328 oportuerat
759 2246 894 2328 pridem,
918 2252 1092 2327 postquam
1110 2242 1298 2325 diligentius
1315 2243 1387 2306 haec

236 2362 271 2418 et
294 2357 450 2420 minutius
468 2355 604 2418 tractari
624 2361 741 2437 coepta
758 2361 842 2427 sunt,
866 2353 1009 2417 codicem
1028 2373 1101 2416 cum
1120 2351 1216 2416 editis
1229 2351 1387 2415 collatum

238 2464 372 2543 eiusque
397 2465 595 2545 scripturam
614 2462 787 2543 diligenter
804 2462 997 2525 adnotatam
1016 2482 1097 2534 esse,
1120 2466 1157 2524 nt
1175 2466 1299 2524 certum
1320 2457 1391 2522 elfi-

239 2578 368 2634 ceretur
390 2570 579 2653 praesidium
598 2578 632 2633 et
649 2570 767 2632 veteris
785 2569 1020 2633 emendationis
1038 2568 1221 2633 iudicanda
1243 2573 1276 2631 et
1298 2588 1391 2630 nosse

239 2677 412 2742 tentaudae.
447 2677 486 2740 Ei
511 2679 556 2741 rei
582 2699 683 2759 quum
706 2698 809 2758 usque
833 2676 875 2740 ad
898 2685 1010 2741 nostra
1027 2698 1129 2759 prope
1147 2683 1296 2758 tempora
1314 2696 1390 2757 par·

239 2787 298 2850 tim
321 2785 489 2849 hominum
513 2786 646 2877 incuria*
663 2784 856 2857 obstItisset,
881 2787 1002 2869 partim
1025 2806 1138 2849 eorum
1161 2785 1308 2867 prauitas
1332 2789 1392 2846 aut

239 2893 375 2969 invidia,
400 2895 455 2977 qui
478 2893 664 2958 huiusmodi
694 2893 867 2957 thesauros
895 2894 1079 2958 litterarum
1109 2892 1247 2957 utilitati
1277 2890 1391 2955 deberi

240 3002 437 3083 ignorabant
460 3004 567 3086 iisqne
593 3002 861 3079 committendos
890 3004 944 3083 qui
968 3009 1057 3066 recte
1080 3003 1121 3065 iis
1145 3003 1193 3065 uti
1216 3006 1249 3065 et
1271 3000 1392 3064 vellent

241 3119 273 3175 et
296 3120 447 3195 possent.
478 3113 601 3194 primus
639 3110 683 3174 lc.
708 3110 850 3193 Tlreoph.
880 3111 1102 3193 Kreyssigius,
1137 3110 1258 3193 partim
1289 3130 1392 3190 quum

241 3220 419 3284 editionem
440 3220 522 3284 Livii
544 3219 774 3283 Ernestianam
793 3225 946 3299 quartum
970 3219 1069 3300 (Lips.
1091 3217 1314 3300 less—1827)
1338 3238 1384 3281 re·

240 3329 415 3412 petendam
439 3335 579 3406 curaret,
602 3328 724 3410 partim
747 3349 848 3410 quum
871 3327 1028 3390 minorem
1052 3325 1133 3388 Livii
1156 3326 1334 3391 edItionem
1356 3325 1392 3407 (a

241 3435 453 3501 Tauchnitzio
477 3457 505 3499 a.
532 3438 613 3498 1828
636 3435 842 3519 Impressam)
860 3435 1046 3511 adornaret,
1070 3455 1150 3498 usus
1170 3441 1220 3499 est
1237 3435 1391 3518 scipturis

242 3544 365 3609 codicis
398 3566 419 3608 a
451 3543 624 3626 Kopitario
664 3542 753 3607 lacta
787 3543 963 3609 collatione
993 3546 1133 3608 enotatis
1163 3545 1392 3629 permultaque

240 3673 352 3718 earum
376 3674 447 3735 ope,
471 3650 622 3715 adhibita
645 3653 745 3716 etiam
768 3651 810 3715 ad
832 3651 953 3715 codicis
977 3653 1112 3733 vestigia
1136 3654 1246 3735 sagaci
1264 3652 1393 3717 coniec-

152 3774 226 3845 (lec)
244 3767 319 3826 tura
338 3761 465 3843 egregie
482 3760 641 3839 restituit,
665 3759 793 3823 addidit
810 3759 958 3840 quaedam
975 3760 1065 3824 Imm.
1090 3759 1258 3826 Bekkerus
1276 3761 1393 3826 eadem

264 4032 289 4098 ¹)
307 4031 441 4086 Extrema
460 4050 523 4102 pars
543 4032 606 4085 libri
624 4030 688 4084 XLI
706 4031 762 4084 iam
780 4036 846 4086 ants
864 4032 1055 4096 interciderat,
1075 4050 1156 4100 quaro
1175 4035 1264 4089 codex
1281 4033 1388 4089 Vindo-

308 4120 442 4173 boncnsis
461 4119 583 4187 scriptus
603 4127 653 4183 ost,
673 4117 701 4170 in
720 4135 775 4186 quo
793 4119 841 4172 illo
860 4118 924 4172 loco
948 4136 1040 4185 neque
1062 4116 1129 4171 lolia
1152 4120 1254 4174 desunt
1277 4126 1306 4174 et
1329 4121 1392 4175 sub-

309 4205 426 4272 scriptio
453 4204 540 4258 solits
557 4204 678 4273 ponitur.
