3060 5272
814 266 854 329 32

258 452 392 536 aliquod
414 453 448 516 in
471 452 637 519 veteribus
661 451 862 519 editionibus
884 472 924 517 ex
947 449 1088 517 obscuro
1110 449 1168 515 illo
1191 450 1291 531 fonte,
1313 470 1411 533 quem

258 561 358 644 paulo
391 568 468 626 ante
502 560 752 644 demonstravi);
785 560 843 626 sed
875 559 966 625 solus
993 559 1028 624 M
1051 558 1129 641 (Rc)
1162 560 1286 625 omissa
1318 559 1412 643 prius

257 668 358 735 rerba
391 676 507 752 postea
539 671 685 751 illorum,
718 692 791 755 quae
825 692 865 737 ex
893 668 909 752 ἓ
939 668 1186 752 'ltransposita
1213 674 1305 748 sunt,
1339 668 1412 733 loco

257 777 382 857 inserit,
405 777 430 841 P
454 785 488 843 et
509 778 623 844 Klock.
647 801 784 863 prorsus
807 779 973 845 omittunt.
1024 775 1178 842 Ceterum
1201 783 1235 841 et
1256 776 1299 842 ab
1322 775 1357 841 M
1379 782 1413 841 et

259 885 301 950 ab
329 884 379 950 Hl
409 885 455 950 Ll
485 888 669 972 seiungitur
691 888 716 952 P
739 909 804 953 nou
832 886 955 966 solum,
984 886 1073 969 quod
1100 885 1134 950 in
1163 905 1202 951 eo
1230 906 1294 949 non
1325 891 1413 962 sunt,

258 1014 333 1076 quse
354 993 405 1058 illi
426 993 460 1058 in
483 995 626 1076 lacunis,
660 995 989 1080 transpositionibus,
1021 994 1205 1079 duplicibus
1231 993 1414 1078 scripturis

243 1101 526 1169 adnotationibus
549 1125 567 1169 e
589 1105 735 1189 margine
758 1104 900 1188 receptis
921 1104 1057 1188 propria
1077 1102 1210 1183 habent,
1233 1101 1291 1167 sed
1314 1102 1415 1167 etiam

260 1210 345 1275 suis.
366 1211 655 1296 peculiaribusque
694 1212 858 1278 erroribus
898 1211 937 1277 ad
973 1211 1130 1277 indicium
1162 1211 1346 1295 perspicuis
1381 1215 1415 1275 et

258 1319 365 1398 certis,
389 1320 445 1400 qui
468 1322 622 1403 quoniam
645 1322 678 1385 in
702 1321 880 1387 deteriores
902 1342 968 1385 non
989 1319 1203 1398 transierunt,
1224 1318 1259 1382 hi
1282 1338 1414 1401 quoque

260 1426 302 1491 ab
324 1426 414 1492 illius
437 1430 540 1512 stirpe
563 1435 786 1514 segregantur.
829 1428 1002 1512 (Exempla
1024 1448 1041 1491 e
1063 1427 1148 1492 libro
1172 1426 1201 1490 X
1225 1433 1415 1506 sumantur3

259 1536 293 1598 in
316 1555 343 1599 c.
368 1539 423 1616 37,
460 1542 498 1600 10
527 1544 561 1602 61
592 1541 628 1600 11
659 1545 784 1623 septem
812 1537 912 1603 verba
939 1535 991 1602 bis
1015 1520 1219 1615 scribuntur3
1254 1556 1280 1600 c.
1303 1540 1360 1614 40,
1396 1541 1414 1598 5

259 1664 375 1707 novem
403 1643 504 1708 verba
531 1647 745 1726 omittuntur3
775 1666 802 1710 o.
826 1651 877 1725 45,
907 1650 984 1710 961
1008 1649 1047 1707 10
1071 1644 1256 1728 quindecim
1277 1651 1416 1729 propter

260 1750 557 1817 Herculaneum
591 1754 641 1819 bis
670 1755 829 1838 positum,
863 1774 892 1817 c.
915 1758 1027 1818 autem
1057 1757 1111 1832 14,
1141 1756 1246 1817 6-10
1274 1761 1416 1837 apparet

191 1855 245 1921 (30)
265 1867 324 1923 aut
346 1858 491 1925 defuisse
513 1862 546 1926 in
570 1883 608 1927 eo
631 1862 758 1942 codice,
792 1861 878 1926 unde
901 1861 1084 1945 descriptus
1107 1860 1159 1925 hic
1182 1867 1250 1940 est,
1284 1867 1343 1925 aut
1364 1882 1415 1927 er·

259 1989 334 2033 rore
357 1971 614 2052 praetermissum
635 1970 737 2036 fuisse
759 1969 874 2035 folium
895 1969 964 2034 fere
984 1969 1253 2034 5801itterarum.
1286 1969 1415 2033 Horum

261 2076 405 2141 omnium
439 2078 472 2141 in
506 2079 625 2143 ceteris
659 2078 827 2144 codicibus
857 2076 1015 2161 [exceptis
1044 2079 1100 2157 iis,
1134 2078 1190 2160 qui
1212 2098 1317 2160 nuper
1339 2098 1415 2161 pro-

259 2186 360 2250 tracti
401 2193 479 2251 sunt
517 2208 556 2251 ex
594 2188 728 2271 propria
754 2186 950 2251 Parisiensis
985 2184 1098 2268 secta]
1134 2206 1199 2250 non
1229 2185 1333 2268 magis
1361 2207 1416 2250 ve·

264 2295 397 2377 stigium
421 2302 471 2359 est
493 2316 592 2378 quam
615 2347 622 2374 ,
646 2303 683 2361 ut
705 2293 790 2360 alius
813 2295 940 2378 generis
961 2316 1062 2359 unum
1084 2292 1267 2377 exemplum
1284 2314 1415 2377 ponam,

264 2403 333 2467 eius
367 2403 508 2481 erroris,
536 2424 601 2485 quo
629 2403 687 2482 IV,
725 2408 763 2466 10
791 2410 873 2467 extr.
902 2424 962 2487 pro
995 2401 1108 2467 nulla
1140 2401 1292 2466 mentio
1326 2403 1360 2466 in
1389 2402 1414 2466 P

263 2509 418 2575 scribitur
450 2493 556 2576 'nunc
595 2509 863 2591 lamentatio.)
922 2510 1161 2575 adnotationes
1200 2510 1233 2575 in
1268 2511 1414 2594 margine

264 2618 385 2683 codicis
419 2618 588 2702 archetypi
619 2621 760 2703 scriptas
790 2618 962 2683 librarium
992 2619 1112 2683 codicis
1134 2618 1160 2682 P
1183 2617 1255 2699 (aut
1277 2619 1363 2698 eius,
1397 2640 1415 2684 e

263 2748 329 2810 quo
352 2725 405 2790 hic
428 2727 610 2810 descriptus
636 2727 699 2809 est)
717 2727 897 2812 prudenter
914 2747 1016 2811 prope
1033 2747 1144 2791 omues
1161 2727 1291 2805 vitasse,
1315 2748 1416 2810 supra

264 2834 443 2916 significavi
467 2836 576 2919 posito
600 2857 664 2900 uno
687 2835 886 2900 brevissimae
908 2834 1131 2899 adnotationis
1155 2834 1313 2919 exemplo,
1342 2857 1415 2917 quse

263 2942 297 3004 in
319 2941 405 3005 hunc
429 2964 559 3026 quoque
583 2945 685 3023 venit,
719 2942 784 3023 III,
812 2948 868 3022 49,
897 2948 925 3007 5,
981 2941 1020 3052 Id
1042 2963 1173 3026 quoque
1196 2942 1415 3025 significatum

263 3050 329 3113 iam
360 3057 412 3114 est
440 3057 472 3114 61
500 3050 576 3115 libri
605 3051 694 3116 tertii
723 3050 880 3135 exemplis
909 3050 1128 3131 declaratum,
1161 3050 1219 3115 ubi
1247 3051 1280 3115 in
1303 3051 1415 3115 codice

263 3156 440 3242 archetypo
474 3158 599 3243 aliquid
633 3179 733 3243 supra
767 3160 927 3243 scriptum
960 3166 1064 3239 esset,
1097 3161 1130 3224 in
1164 3158 1189 3222 P
1222 3158 1415 3243 plerumque

262 3266 511 3331 alteramutram
544 3273 675 3332 tantum
711 3267 909 3352 scripturam
943 3275 1105 3333 retentam
1134 3288 1218 3346 esse,
1251 3266 1415 3331 interdum

263 3374 476 3455 deteriorem,
510 3374 591 3440 alibi
614 3376 789 3456 veriorem3
824 3376 988 3459 exempla,
1022 3383 1141 3460 praeter
1164 3395 1219 3456 ea,
1253 3395 1326 3459 quae
1349 3375 1415 3439 iam

263 3504 365 3566 supra
393 3484 504 3566 posita
532 3490 611 3547 sunt
638 3483 684 3564 (in
714 3484 909 3548 deteriorem
932 3489 1060 3567 partem
1083 3482 1146 3562 III,
1182 3486 1232 3562 31,
1266 3487 1285 3546 5
1308 3489 1342 3547 et
1364 3488 1415 3563 41,

263 3597 283 3655 4
306 3599 339 3656 61
363 3596 412 3669 51,
438 3595 466 3669 7,
489 3590 523 3654 in
545 3590 712 3654 meliorem
729 3590 787 3668 ΙΙΙ,
811 3594 861 3668 34,
885 3595 902 3653 5
922 3594 1022 3668 6144,
1041 3588 1084 3670 4),
1103 3590 1415 3672 paucasubiiciam3

263 3719 339 3763 nam
367 3698 426 3777 lV,
456 3702 490 3776 6,
523 3700 552 3776 3,
582 3697 638 3761 ubi
665 3698 700 3761 in
723 3697 787 3762 MR
814 3702 866 3761 est
895 3713 1140 3761 consensere
1169 3696 1216 3779 (M
1246 3719 1415 3764 consen·

264 3805 415 3887 serere)
449 3824 707 3884 concessere,
741 3804 766 3868 P
794 3825 868 3868 cum
896 3803 942 3868 Ll
972 3802 1021 3867 Hl
1053 3805 1236 3890 ceterisque
1265 3806 1414 3871 omnibus

264 3912 410 3980 deterius
433 3914 553 3993 tenuit,
584 3933 841 3992 consensere,
870 3917 904 3977 61
925 3911 985 3993 IV,
1019 3916 1066 3992 15,
1096 3916 1125 3993 6,
1155 3912 1212 3977 ubi
1236 3915 1268 3978 in
1290 3913 1325 3978 M
1348 3906 1435 3979 est:'

263 4021 414 4088 bilibre
437 4021 559 4089 libris
582 4019 717 4101 farris,
740 4042 814 4087 cum
831 4020 949 4086 iisdem
965 4019 1115 4087 bilibre
1132 4019 1275 4103 farris3
1298 4029 1415 4089 contra

264 4128 341 4209 VII,
375 4134 429 4209 14,
466 4131 646 4196 lPrecte
674 4128 775 4195 habet
802 4128 996 4195 censebat
1024 4150 1098 4194 cum
1125 4127 1202 4194 Lov.
1229 4136 1261 4208 1,
1295 4129 1352 4195 ubi
1379 4129 1414 4195 in
