<?xml version="1.0" encoding="UTF-8"?>
<!DOCTYPE html PUBLIC "-//W3C//DTD XHTML 1.0 Transitional//EN"
    "http://www.w3.org/TR/xhtml1/DTD/xhtml1-transitional.dtd">
<html xmlns="http://www.w3.org/1999/xhtml" xml:lang="en" lang="en">
 <head>
  <title>
</title>
<meta http-equiv="Content-Type" content="text/html;charset=utf-8" />
  <meta name='ocr-system' content='tesseract 3.04.00' />
  <meta name='ocr-capabilities' content='ocr_page ocr_carea ocr_par ocr_line ocrx_word'/>
</head>
<body>
  <div class='ocr_page' id='page_1' title='image "./emendationesliv01madvgoog_0249.png"; bbox 0 0 3060 5272; ppageno 0'>
   <div class='ocr_carea' id='block_1_1' title="bbox 208 307 821 375">
    <p class='ocr_par' dir='ltr' id='par_1_1' title="bbox 208 307 821 375">
     <span class='ocr_line' id='line_1_1' title="bbox 208 307 821 375; baseline -0.01 0"><span class='ocrx_word' id='word_1_1' title='bbox 208 320 271 375; x_wconf 87' lang='lat' dir='ltr'>Lib.</span> <span class='ocrx_word' id='word_1_2' title='bbox 290 320 324 375; x_wconf 80' lang='lat' dir='ltr'><strong>x.</strong></span> <span class='ocrx_word' id='word_1_3' title='bbox 758 307 821 369; x_wconf 75' lang='lat'><strong>240</strong></span> 
     </span>
    </p>
   </div>
   <div class='ocr_carea' id='block_1_2' title="bbox 208 490 1395 1007">
    <p class='ocr_par' dir='ltr' id='par_1_2' title="bbox 208 490 1395 1007">
     <span class='ocr_line' id='line_1_2' title="bbox 208 490 1371 576; baseline 0 -18"><span class='ocrx_word' id='word_1_4' title='bbox 208 513 350 558; x_wconf 82' lang='lat' dir='ltr'><strong>munna</strong></span> <span class='ocrx_word' id='word_1_5' title='bbox 378 513 450 559; x_wconf 81' lang='lat' dir='ltr'>esse</span> <span class='ocrx_word' id='word_1_6' title='bbox 477 498 605 576; x_wconf 80' lang='lat' dir='ltr'>potest:</span> <span class='ocrx_word' id='word_1_7' title='bbox 639 495 679 557; x_wconf 75' lang='lat' dir='ltr'><strong>et</strong></span> <span class='ocrx_word' id='word_1_8' title='bbox 705 490 833 556; x_wconf 79' lang='lat' dir='ltr'><strong>militi</strong></span> <span class='ocrx_word' id='word_1_9' title='bbox 863 491 1009 558; x_wconf 86' lang='lat' dir='ltr'><strong>donum</strong></span> <span class='ocrx_word' id='word_1_10' title='bbox 1039 490 1130 556; x_wconf 87' lang='lat' dir='ltr'><strong>dari</strong></span> <span class='ocrx_word' id='word_1_11' title='bbox 1157 512 1205 557; x_wconf 84' lang='lat' dir='ltr'><strong>ex</strong></span> <span class='ocrx_word' id='word_1_12' title='bbox 1230 490 1371 576; x_wconf 74' lang='lat' dir='ltr'>prada</span> 
     </span>
     <span class='ocr_line' id='line_1_3' title="bbox 209 598 1370 685; baseline 0 -20"><span class='ocrx_word' id='word_1_13' title='bbox 209 607 250 665; x_wconf 85' lang='lat' dir='ltr'><strong>et</strong></span> <span class='ocrx_word' id='word_1_14' title='bbox 272 600 526 684; x_wconf 78' lang='lat' dir='ltr'>stipendium</span> <span class='ocrx_word' id='word_1_15' title='bbox 547 599 736 665; x_wconf 81' lang='lat' dir='ltr'><strong>militare</strong></span> <span class='ocrx_word' id='word_1_16' title='bbox 758 600 954 684; x_wconf 78' lang='lat' dir='ltr'>praestari</span> <span class='ocrx_word' id='word_1_17' title='bbox 975 598 1231 685; x_wconf 57' lang='lat' dir='ltr'><strong>potuissem)</strong></span> <span class='ocrx_word' id='word_1_18' title='bbox 1264 598 1370 665; x_wconf 87' lang='lat' dir='ltr'><strong>Paulo</strong></span> 
     </span>
     <span class='ocr_line' id='line_1_4' title="bbox 209 706 1395 794; baseline -0.001 -20"><span class='ocrx_word' id='word_1_19' title='bbox 209 715 286 794; x_wconf 81' lang='lat' dir='ltr'>post</span> <span class='ocrx_word' id='word_1_20' title='bbox 313 707 345 792; x_wconf 68' lang='grc' dir='ltr'><strong>(ξ</strong></span> <span class='ocrx_word' id='word_1_21' title='bbox 368 707 402 791; x_wconf 88' lang='grc'><strong>8)</strong></span> <span class='ocrx_word' id='word_1_22' title='bbox 425 707 637 774; x_wconf 83' lang='lat' dir='ltr'><strong>scribendum</strong></span> <span class='ocrx_word' id='word_1_23' title='bbox 665 714 732 773; x_wconf 80' lang='lat' dir='ltr'><strong>ost:</strong></span> <span class='ocrx_word' id='word_1_24' title='bbox 767 707 837 773; x_wconf 83' lang='lat' dir='ltr'><strong>sed</strong></span> <span class='ocrx_word' id='word_1_25' title='bbox 865 708 989 774; x_wconf 82' lang='lat' dir='ltr'><strong>sociis</strong></span> <span class='ocrx_word' id='word_1_26' title='bbox 1018 707 1139 773; x_wconf 80' lang='lat' dir='ltr'><strong>etiam</strong></span> <span class='ocrx_word' id='word_1_27' title='bbox 1167 706 1395 773; x_wconf 80' lang='lat' dir='ltr'><strong>coloniis·.</strong></span> 
     </span>
     <span class='ocr_line' id='line_1_5' title="bbox 208 812 1369 901; baseline 0 -21"><span class='ocrx_word' id='word_1_28' title='bbox 208 837 284 901; x_wconf 79' lang='lat' dir='ltr'><strong>qua</strong></span> <span class='ocrx_word' id='word_1_29' title='bbox 307 815 382 900; x_wconf 88' lang='lat' dir='ltr'>(pro</span> <span class='ocrx_word' id='word_1_30' title='bbox 406 813 665 898; x_wconf 77' lang='lat' dir='ltr'><strong>colonisque)</strong></span> <span class='ocrx_word' id='word_1_31' title='bbox 688 812 894 893; x_wconf 79' lang='lat' dir='ltr'><strong>finitimis,</strong></span> <span class='ocrx_word' id='word_1_32' title='bbox 925 813 1203 900; x_wconf 83' lang='lat' dir='ltr'>quemadmodum</span> <span class='ocrx_word' id='word_1_33' title='bbox 1224 814 1250 892; x_wconf 88' lang='lat' dir='ltr'><strong>I,</strong></span> <span class='ocrx_word' id='word_1_34' title='bbox 1273 817 1324 895; x_wconf 75' lang='lat'><strong>52,</strong></span> <span class='ocrx_word' id='word_1_35' title='bbox 1347 818 1369 880; x_wconf 77' lang='lat'>2</span> 
     </span>
     <span class='ocr_line' id='line_1_6' title="bbox 208 920 1369 1007; baseline -0.003 -17"><span class='ocrx_word' id='word_1_36' title='bbox 208 923 305 990; x_wconf 83' lang='lat' dir='ltr'><strong>video</strong></span> <span class='ocrx_word' id='word_1_37' title='bbox 340 945 428 989; x_wconf 83' lang='lat' dir='ltr'><strong>nnnc</strong></span> <span class='ocrx_word' id='word_1_38' title='bbox 460 930 550 989; x_wconf 82' lang='lat' dir='ltr'><strong>recte</strong></span> <span class='ocrx_word' id='word_1_39' title='bbox 586 923 656 1003; x_wconf 83' lang='lat' dir='ltr'><strong>edi3</strong></span> <span class='ocrx_word' id='word_1_40' title='bbox 690 944 767 988; x_wconf 90' lang='lat' dir='ltr'><strong>nam</strong></span> <span class='ocrx_word' id='word_1_41' title='bbox 797 923 885 1007; x_wconf 90' lang='lat' dir='ltr'>apud</span> <span class='ocrx_word' id='word_1_42' title='bbox 914 923 1053 989; x_wconf 81' lang='lat' dir='ltr'><strong>Latinos</strong></span> <span class='ocrx_word' id='word_1_43' title='bbox 1082 920 1219 989; x_wconf 80' lang='lat' dir='ltr'><strong>coloni</strong></span> <span class='ocrx_word' id='word_1_44' title='bbox 1246 921 1369 1007; x_wconf 77' lang='lat' dir='ltr'><strong>singuli</strong></span> 
     </span>
    </p>
   </div>
   <div class='ocr_carea' id='block_1_3' title="bbox 209 1030 1369 1222">
    <p class='ocr_par' dir='ltr' id='par_1_3' title="bbox 209 1030 1369 1222">
     <span class='ocr_line' id='line_1_7' title="bbox 209 1030 1369 1116; baseline -0.001 -20"><span class='ocrx_word' id='word_1_45' title='bbox 209 1031 437 1116; x_wconf 79' lang='lat' dir='ltr'>appellantur,</span> <span class='ocrx_word' id='word_1_46' title='bbox 477 1030 592 1116; x_wconf 90' lang='lat' dir='ltr'><strong>populi</strong></span> <span class='ocrx_word' id='word_1_47' title='bbox 625 1031 842 1115; x_wconf 77' lang='lat' dir='ltr'><strong>civitatesque</strong></span> <span class='ocrx_word' id='word_1_48' title='bbox 876 1031 1080 1098; x_wconf 82' lang='lat' dir='ltr'><strong>coloniarum</strong></span> <span class='ocrx_word' id='word_1_49' title='bbox 1113 1030 1261 1110; x_wconf 84' lang='lat' dir='ltr'><strong>nomine,</strong></span> <span class='ocrx_word' id='word_1_50' title='bbox 1298 1051 1369 1098; x_wconf 90' lang='lat' dir='ltr'><strong>non</strong></span> 
     </span>
     <span class='ocr_line' id='line_1_8' title="bbox 209 1138 672 1222; baseline -0.002 -18"><span class='ocrx_word' id='word_1_51' title='bbox 209 1139 414 1219; x_wconf 82' lang='lat' dir='ltr'><strong>colonorum,</strong></span> <span class='ocrx_word' id='word_1_52' title='bbox 437 1138 672 1222; x_wconf 78' lang='lat' dir='ltr'><strong>significantur.</strong></span> 
     </span>
    </p>
   </div>
   <div class='ocr_carea' id='block_1_4' title="bbox 240 1338 1369 1838">
    <p class='ocr_par' dir='ltr' id='par_1_4' title="bbox 240 1338 1369 1838">
     <span class='ocr_line' id='line_1_9' title="bbox 240 1338 1369 1415; baseline 0.006 -21"><span class='ocrx_word' id='word_1_53' title='bbox 240 1342 266 1409; x_wconf 91' lang='lat'><strong>¹)</strong></span> <span class='ocrx_word' id='word_1_54' title='bbox 284 1338 365 1409; x_wconf 82' lang='lat' dir='ltr'><strong>[Fuit</strong></span> <span class='ocrx_word' id='word_1_55' title='bbox 382 1357 480 1411; x_wconf 82' lang='lat' dir='ltr'>nuper,</span> <span class='ocrx_word' id='word_1_56' title='bbox 498 1341 546 1410; x_wconf 86' lang='lat' dir='ltr'><strong>qui</strong></span> <span class='ocrx_word' id='word_1_57' title='bbox 564 1346 734 1411; x_wconf 81' lang='lat' dir='ltr'>praeatare</span> <span class='ocrx_word' id='word_1_58' title='bbox 752 1342 787 1397; x_wconf 80' lang='lat' dir='ltr'><strong>de</strong></span> <span class='ocrx_word' id='word_1_59' title='bbox 805 1344 938 1398; x_wconf 73' lang='lat' dir='ltr'><strong>cautione</strong></span> <span class='ocrx_word' id='word_1_60' title='bbox 956 1344 986 1398; x_wconf 90' lang='lat' dir='ltr'><strong>in</strong></span> <span class='ocrx_word' id='word_1_61' title='bbox 1003 1347 1148 1412; x_wconf 70' lang='lat' dir='ltr'>posterum</span> <span class='ocrx_word' id='word_1_62' title='bbox 1166 1345 1256 1415; x_wconf 80' lang='lat' dir='ltr'><strong>annipi</strong></span> <span class='ocrx_word' id='word_1_63' title='bbox 1272 1344 1369 1411; x_wconf 69' lang='lat' dir='ltr'><strong>vellat,</strong></span> 
     </span>
     <span class='ocr_line' id='line_1_10' title="bbox 278 1426 1368 1501; baseline 0.004 -20"><span class='ocrx_word' id='word_1_64' title='bbox 278 1443 340 1495; x_wconf 82' lang='lat' dir='ltr'><strong>quoe</strong></span> <span class='ocrx_word' id='word_1_65' title='bbox 359 1427 454 1482; x_wconf 80' lang='lat' dir='ltr'>cautio</span> <span class='ocrx_word' id='word_1_66' title='bbox 473 1426 563 1494; x_wconf 80' lang='lat' dir='ltr'><strong>qualis</strong></span> <span class='ocrx_word' id='word_1_67' title='bbox 581 1427 702 1495; x_wconf 73' lang='lat' dir='ltr'><strong>cogitari</strong></span> <span class='ocrx_word' id='word_1_68' title='bbox 720 1429 813 1497; x_wconf 81' lang='lat' dir='ltr'>poaait</span> <span class='ocrx_word' id='word_1_69' title='bbox 830 1433 859 1483; x_wconf 83' lang='lat' dir='ltr'><strong>et</strong></span> <span class='ocrx_word' id='word_1_70' title='bbox 877 1446 894 1482; x_wconf 83' lang='lat' dir='ltr'>a</span> <span class='ocrx_word' id='word_1_71' title='bbox 911 1445 967 1497; x_wconf 91' lang='lat' dir='ltr'><strong>qno</strong></span> <span class='ocrx_word' id='word_1_72' title='bbox 981 1430 1132 1499; x_wconf 76' lang='lat' dir='ltr'>postulata,</span> <span class='ocrx_word' id='word_1_73' title='bbox 1150 1447 1208 1485; x_wconf 89' lang='lat' dir='ltr'><strong>non</strong></span> <span class='ocrx_word' id='word_1_74' title='bbox 1221 1430 1368 1501; x_wconf 73' lang='lat' dir='ltr'><strong>intellego.</strong></span> 
     </span>
     <span class='ocr_line' id='line_1_11' title="bbox 277 1511 1368 1583; baseline 0.004 -18"><span class='ocrx_word' id='word_1_75' title='bbox 277 1514 413 1581; x_wconf 75' lang='lat' dir='ltr'>Apparet,</span> <span class='ocrx_word' id='word_1_76' title='bbox 431 1515 492 1565; x_wconf 80' lang='lat' dir='ltr'><strong>tum</strong></span> <span class='ocrx_word' id='word_1_77' title='bbox 510 1512 692 1567; x_wconf 78' lang='lat' dir='ltr'><strong>scribendum</strong></span> <span class='ocrx_word' id='word_1_78' title='bbox 710 1511 808 1567; x_wconf 77' lang='lat' dir='ltr'><strong>luisse:</strong></span> <span class='ocrx_word' id='word_1_79' title='bbox 834 1514 1049 1583; x_wconf 65' lang='lat' dir='ltr'><strong>stipendium</strong></span> <span class='ocrx_word' id='word_1_80' title='bbox 1072 1515 1228 1573; x_wconf 80' lang='lat' dir='ltr'><strong>militaro</strong></span> <span class='ocrx_word' id='word_1_81' title='bbox 1246 1520 1280 1571; x_wconf 79' lang='lat' dir='ltr'><strong>al</strong></span> <span class='ocrx_word' id='word_1_82' title='bbox 1295 1521 1368 1570; x_wconf 78' lang='lat' dir='ltr'><strong>tam</strong></span> 
     </span>
     <span class='ocr_line' id='line_1_12' title="bbox 278 1596 1367 1669; baseline 0.006 -19"><span class='ocrx_word' id='word_1_83' title='bbox 278 1596 355 1650; x_wconf 88' lang='lat' dir='ltr'><strong>dari</strong></span> <span class='ocrx_word' id='word_1_84' title='bbox 382 1596 489 1650; x_wconf 79' lang='lat' dir='ltr'><strong>militi</strong></span> <span class='ocrx_word' id='word_1_85' title='bbox 518 1601 553 1650; x_wconf 79' lang='lat' dir='ltr'><strong>at</strong></span> <span class='ocrx_word' id='word_1_86' title='bbox 581 1597 615 1651; x_wconf 88' lang='lat' dir='ltr'><strong>in</strong></span> <span class='ocrx_word' id='word_1_87' title='bbox 642 1603 822 1667; x_wconf 74' lang='lat' dir='ltr'>posterum</span> <span class='ocrx_word' id='word_1_88' title='bbox 845 1600 1024 1669; x_wconf 78' lang='lat' dir='ltr'>praeatari3</span> <span class='ocrx_word' id='word_1_89' title='bbox 1051 1601 1105 1655; x_wconf 74' lang='lat' dir='ltr'><strong>etsi</strong></span> <span class='ocrx_word' id='word_1_90' title='bbox 1127 1617 1163 1655; x_wconf 80' lang='lat' dir='ltr'><strong>ne</strong></span> <span class='ocrx_word' id='word_1_91' title='bbox 1186 1601 1228 1655; x_wconf 79' lang='lat' dir='ltr'><strong>ain</strong></span> <span class='ocrx_word' id='word_1_92' title='bbox 1251 1600 1367 1669; x_wconf 78' lang='lat' dir='ltr'><strong>quidem</strong></span> 
     </span>
     <span class='ocr_line' id='line_1_13' title="bbox 278 1680 1367 1755; baseline 0.006 -21"><span class='ocrx_word' id='word_1_93' title='bbox 278 1687 357 1736; x_wconf 73' lang='lat' dir='ltr'>reeta</span> <span class='ocrx_word' id='word_1_94' title='bbox 384 1680 529 1736; x_wconf 74' lang='lat' dir='ltr'><strong>diceretur</strong></span> <span class='ocrx_word' id='word_1_95' title='bbox 554 1688 725 1751; x_wconf 76' lang='lat' dir='ltr'>praestare</span> <span class='ocrx_word' id='word_1_96' title='bbox 752 1685 984 1754; x_wconf 68' lang='lat' dir='ltr'><strong>stipendium</strong></span> <span class='ocrx_word' id='word_1_97' title='bbox 1012 1686 1096 1742; x_wconf 82' lang='lat' dir='ltr'><strong>aliter</strong></span> <span class='ocrx_word' id='word_1_98' title='bbox 1121 1686 1196 1741; x_wconf 84' lang='lat' dir='ltr'><strong>enim</strong></span> <span class='ocrx_word' id='word_1_99' title='bbox 1222 1684 1367 1755; x_wconf 84' lang='lat' dir='ltr'><strong>damnum,</strong></span> 
     </span>
     <span class='ocr_line' id='line_1_14' title="bbox 276 1766 623 1838; baseline 0.003 -18"><span class='ocrx_word' id='word_1_100' title='bbox 276 1766 432 1835; x_wconf 80' lang='lat' dir='ltr'><strong>periculum</strong></span> <span class='ocrx_word' id='word_1_101' title='bbox 449 1767 623 1838; x_wconf 66' lang='lat' dir='ltr'>praestatur]</span> 
     </span>
    </p>
   </div>
   <div class='ocr_carea' id='block_1_5' title="bbox 0 0 1534 5272">
    <p class='ocr_par' dir='ltr' id='par_1_5' title="bbox 0 0 1534 5272">
     <span class='ocr_line' id='line_1_15' title="bbox 0 0 1534 5272; baseline 0 0"><span class='ocrx_word' id='word_1_102' title='bbox 0 0 1534 5272; x_wconf 95' lang='lat' dir='ltr'><strong> </strong></span> 
     </span>
    </p>
   </div>
  </div>
 </body>
</html>
