3060 5272
727 858 768 922 63
1221 873 1283 929 Lib.
1302 875 1324 929 Ι.

166 1045 377 1129 superiorum
410 1042 584 1111 annalibus
616 1043 822 1128 excerpenda
855 1052 890 1111 et
921 1045 1095 1111 verborum
1123 1051 1242 1112 ornatu
1269 1067 1323 1112 ve·

168 1153 300 1220 stienda
321 1152 490 1220 festinatio
512 1151 696 1236 levitasque
718 1158 866 1237 apparet,
894 1152 982 1236 quod
1004 1153 1042 1234 V,
1074 1159 1123 1234 12,
1149 1159 1188 1219 10
1210 1176 1323 1222 omnes

168 1261 322 1328 tribunos
341 1262 482 1328 militum
505 1266 625 1346 114141
646 1280 747 1326 unum
767 1261 803 1326 P.
823 1261 985 1327 Licinium
1007 1261 1142 1328 Calvum
1164 1263 1323 1348 patricios

169 1376 298 1437 creatos
319 1369 446 1451 scribit,
469 1370 602 1437 nomina
623 1374 744 1455 praeter
764 1389 865 1436 unum
882 1369 1050 1453 (LFurii)
1069 1370 1322 1456 114141414111,

168 1500 194 1544 4.
217 1484 328 1544 antem
353 1481 404 1559 18,
427 1477 698 1561 2,(11111111411,
722 1477 929 1563 (1114(14.12,
952 1478 1159 1545 tribunorum
1181 1469 1323 1545 militum

165 1584 339 1669 collegium
363 1607 617 1654 commemorare
639 1584 748 1666 141141,
778 1584 860 1652 duos
883 1585 954 1668 (Cn.
978 1586 1168 1667 Genucium,
1192 1587 1227 1652 L.
1251 1588 1322 1652 Ati·

162 1693 258 1777 lium)
292 1715 334 1762 ex
367 1695 434 1762 alio
467 1714 554 1760 anno
587 1694 773 1760 immiscuit.
829 1695 889 1775 VI,
924 1700 958 1775 9,
992 1699 1011 1760 5
1045 1694 1083 1774 Q.
1112 1694 1320 1761 Servilius

162 1803 327 1870 nominari
349 1802 473 1883 debuit,
496 1803 554 1888 qui
576 1803 757 1869 exercitum
773 1802 964 1885 (iuniorum)
983 1803 1026 1869 ad
1045 1804 1158 1871 urbem
1175 1803 1321 1870 habebat

164 1912 207 1993 (4
230 1915 263 1991 t,
285 1910 357 1994 13),
385 1912 575 1978 nominatur
597 1932 710 1978 errore
733 1913 898 1978 memoria
920 1910 984 1993 (L.)
1009 1910 1235 1992 Quinctius,
1264 1913 1320 1996 qui

167 2019 337 2087 4411441144
356 2021 571 2103 senioresque
593 2020 773 2105 scripserat
794 2019 835 2102 (c.
859 2024 888 2100 6,
914 2019 977 2103 14).
1025 2001 1096 2098 Lib.
1115 2020 1213 2100 XXV,
1233 2026 1260 2100 l,
1280 2025 1316 2085 11

166 2131 260 2208 413,
294 2131 332 2193 12
360 2132 473 2209 4112,
509 2132 528 2192 3
556 2127 598 2194 M.
621 2127 788 2193 AEmilium
818 2129 929 2194 Livius
956 2135 1129 2213 praetorem
1157 2128 1319 2194 urbanum

164 2256 195 2301 a.
220 2240 279 2302 541
303 2258 336 2321 p.
359 2255 391 2302 1.
414 2257 442 2302 4.
465 2236 563 2318 14411;
598 2235 719 2317 XXIV,
753 2242 811 2317 44,
846 2241 865 2301 2
895 2258 968 2302 eam
991 2237 1252 2303 iurisdictionem
1273 2236 1317 2302 M.

162 2343 264 2410 Atilio
298 2346 447 2439 41411444
474 2344 590 2410 scribit
618 2343 729 2430 (eique
756 2345 852 2410 simul
881 2346 1089 2430 peregrinam
1117 2345 1318 2424 mandatnm,

160 2472 234 2536 quae
261 2459 353 2519 sorte
375 2453 508 2519 AEmilio
537 2452 713 2535 evenerat),
737 2460 771 2519 et
792 2453 897 2531 XXV,
923 2457 957 2533 3,
990 2452 1316 2518 4111111114Πί-

161 2580 236 2625 cam
257 2561 461 2645 provinciam
483 2561 639 2627 habuisse
662 2561 834 2646 significat.
888 2561 959 2626 Lib.
982 2561 1123 2640 XXVII,
1152 2565 1187 2640 7,
1218 2567 1254 2624 11
1280 2558 1315 2625 Ο.

161 2667 344 2734 Hostilium
366 2669 447 2734 dicit
470 2690 491 2734 a
513 2666 547 2735 C.
567 2669 708 2735 Laetorio
730 2676 932 2755 propraetore
953 2669 1094 2734 Galliam
1116 2669 1317 2753 provinciam

161 2776 348 2861 accepisse,
393 2776 538 2843 debebat
576 2799 636 2862 pro
675 2777 817 2844 Hostilio
859 2778 895 2843 L.
936 2776 1105 2843 Veturium
1144 2776 1314 2841 Philonem
1331 2791 1386 2861 (14)

159 2885 334 2951 nominare
356 2883 447 2968 (583
477 2907 504 2951 c.
530 2889 579 2964 10,
602 2890 654 2965 25,
684 2907 710 2951 c.
734 2890 785 2968 22,
808 2885 851 2969 5).
904 2885 975 2951 Lib.
998 2884 1133 2965 XXXII,
1160 2886 1211 2962 26,
1235 2888 1255 2947 8
1279 2882 1314 2947 L.

159 2989 350 3059 Cornelium
370 2993 545 3060 Lentulum
568 3000 744 3078 praetorem
766 2994 928 3060 urbanum
950 2993 1110 3078 appellat;
1140 2991 1256 3057 debuit
1279 2991 1314 3056 L.

159 3097 350 3167 Cornelium
371 3101 533 3167 Merulam
561 3102 745 3186 appellare,
773 3104 801 3168 si
823 3102 886 3167 sibi
909 3103 1111 3168 constitisset
1133 3102 1173 3183 (c.
1199 3105 1233 3180 7,
1265 3104 1313 3179 13,

158 3230 185 3275 4.
209 3213 248 3289 8,
277 3208 327 3292 5),
358 3210 450 3274 cuius
478 3230 597 3275 nomen
624 3210 773 3294 plerique
801 3211 946 3277 editores
973 3210 1215 3276 inconsiderate
1237 3208 1341 3274 sub·-

161 3317 353 3397 stituerunt,
371 3319 400 3383 si
420 3318 563 3401 quidem,
582 3318 660 3401 quid
675 3318 786 3383 Livius
805 3320 985 3404 scripserit,
997 3320 1164 3404 quaritur.
1187 3317 1314 3382 Eodem

157 3427 266 3511 441114
296 3424 328 3509 (5
351 3431 380 3508 5,
404 3430 433 3505 6,
457 3425 491 3508 7)
514 3424 638 3492 Setiam
660 3426 856 3510 Setinosque
884 3435 1132 3508 commemorat,
1161 3427 1217 3493 ubi
1241 3427 1312 3510 Sig-

158 3535 263 3615 niam,
293 3533 444 3618 Signinos
473 3534 624 3600 debuisse
651 3535 779 3601 videtur
807 3534 847 3617 (4.
871 3539 907 3615 2,
935 3535 986 3617 4);
1018 3558 1094 3601 141
1117 3536 1248 3602 obsides
1272 3558 1312 3602 ex

161 3641 267 3708 altero
311 3643 434 3727 oppido
467 3643 502 3708 in
534 3643 676 3709 alterum
709 3643 863 3710 translati
897 3644 966 3710 sine
1002 3664 1103 3710 causa
1135 3644 1311 3727 finguntur.

163 3749 235 3815 Lib.
256 3750 410 3828 XXXIII,
439 3754 490 3830 21,
520 3756 539 3816 9
561 3751 604 3816 M.
628 3750 742 3835 Sergio
765 3752 899 3836 11141411
921 3752 1181 3817 iurisdictionem
1204 3753 1311 3817 inter

159 3858 267 3924 cives
300 3867 341 3924 et
373 3849 617 3943 peregrinos
650 3858 723 3939 dat,
757 3879 854 3941 quem
887 3858 1026 3938 XXXII,
1061 3862 1101 3922 28
1135 3866 1311 3943 pretorem

157 3965 318 4032 urbanum
352 3966 454 4033 fuisse
481 3976 689 4047 narraverat,
723 3967 766 4034 M.
788 3946 968 4032 Minucium
995 3967 1082 4032 inter
1109 3969 1308 4053 peregrinos.

155 4073 273 4158 ltaque
297 4075 463 4141 Gronovio
492 4081 627 4142 auctore
656 4076 699 4141 ab
722 4075 903 4142 editoribus
927 4077 1124 4142 omittuntur
1146 4078 1247 4143 verba
1269 4086 1310 4145 et

154 4184 414 4268 peregrinos,
455 4190 493 4250 ut
530 4184 768 4251 lurisdictio
809 4185 921 4250 inter
954 4185 1060 4251 cives
1094 4187 1139 4251 sit
1171 4187 1308 4266 urbana,

153 4292 319 4376 quomodo
357 4313 464 4375 neque
499 4292 611 4358 Livius
645 4312 750 4376 neque
783 4293 956 4377 quisquam
990 4293 1073 4360 alius
1107 4294 1205 4373 dixit,
1243 4297 1307 4360 nisi

152 4397 240 4466 forte
263 4400 468 4484 precedente
491 4402 640 4485 proxime
663 4407 722 4466 aut
744 4408 903 4484 sequente
925 4402 1035 4467 inter
1057 4404 1307 4486 peregrinos,

153 4509 217 4573 etsi
238 4529 280 4574 ne
303 4510 350 4575 sic
372 4508 505 4592 quidem
527 4510 660 4574 memini
682 4515 856 4593 praetorem
878 4509 1177 4602 iurisdictionemve
1200 4512 1308 4576 inter

154 4616 265 4682 cives
292 4617 502 4702 appellatam.
554 4616 680 4683 Eodem
700 4616 786 4684 libro
809 4616 952 4681 XXXIII
980 4637 1005 4681 c.
1030 4621 1070 4681 27
1100 4617 1306 4686 1111111114

154 4721 211 4789 Cn.
245 4721 431 4791 Cornelium
463 4724 651 4793 Blasionem
691 4746 731 4791 ex
771 4725 923 4790 citeriore
956 4723 1117 4809 Hispania
1155 4737 1306 4795 orantem
