3060 5272
236 350 299 405 Lib.
317 351 388 407 XLI.
780 341 841 401 612

324 523 400 609 Cap.
433 528 480 599 19,
512 528 538 587 l.
590 524 724 589 Initium
759 526 877 609 capitis
911 527 959 589 sio
991 526 1288 611 interpungendum
1320 536 1392 595 cst:

239 632 303 697 Cis
336 631 588 716 Apenninum
630 631 775 697 Garuli
809 640 848 698 et
881 633 1064 716 Lapicini
1103 642 1143 700 et
1175 635 1393 719 Heroatos‚

238 747 352 806 trans
375 741 629 823 Apenninum
651 740 859 806 Briniates
882 741 1044 807 fuerant
1065 744 1176 808 intra
1206 744 1268 826 (sic
1297 751 1394 813 recte

239 848 329 914 Creu.
353 871 413 933 pro
443 848 566 930 inter)
595 849 797 914 Audenam
828 871 1000 935 amnem..
1032 849 1135 931 (Haec
1156 854 1323 935 pertinent
1346 852 1396 919 ad

238 956 380 1041 populos
404 978 424 1022 a
446 957 570 1039 Lepido
594 956 749 1023 subactos
772 964 806 1022 et
833 959 867 1021 in
895 958 978 1022 alias
1006 959 1100 1023 sedes
1123 958 1309 1043 deductos.)
1353 961 1394 1027 P.

237 1065 396 1131 lllucius
430 1085 514 1129 cum
546 1065 614 1142 iis,
648 1066 715 1148 qui
749 1066 898 1131 Lunam
925 1065 1121 1150 Pisasque
1145 1067 1395 1153 depopulati

239 1180 371 1251 erant,
405 1173 541 1256 gessit
573 1171 731 1237 bellum.
775 1173 933 1239 Perverse
966 1175 1059 1240 initio
1087 1182 1266 1260 poneretur
1298 1176 1395 1243 locus

238 1281 316 1346 belli
340 1282 424 1365 gesti
447 1282 593 1361 mireque
615 1280 737 1346 bellum
758 1282 845 1346 intra
866 1280 987 1347 flumen
1010 1289 1077 1362 aut,
1102 1284 1225 1367 siquis
1248 1282 1396 1351 alterum

238 1412 357 1454 nomen
381 1389 539 1454 excidisse
562 1388 714 1472 fingeret,
744 1391 831 1455 inter
858 1389 977 1455 flumen
1006 1391 1171 1476 aliumque
1199 1391 1307 1457 locum
1336 1414 1396 1477 ge·

240 1506 327 1563 stum
351 1498 525 1562 diceretur.

153 1620 226 1689 (eoa)
330 1603 409 1690 Cap.
434 1610 526 1685 20‚8
561 1604 630 1686 (ubi
664 1604 703 1669 de
732 1604 893 1670 Antiocho
921 1606 1091 1690 Epiphane
1124 1608 1247 1690 agitur)
1282 1608 1397 1675 editur

240 1735 304 1779 non
338 1713 469 1779 Latine!
502 1711 798 1777 Munilicentiae
837 1736 932 1779 uero
970 1715 1009 1777 in
1050 1713 1147 1779 deos
1186 1715 1247 1780 vel
1280 1715 1396 1783 lovis

241 1822 416 1906 Olympii
450 1822 640 1904 templum
673 1821 848 1887 Athenis
880 1857 924 1867 -
957 1829 1094 1905 potest
1126 1826 1253 1891 testis
1287 1843 1396 1907 ess03

240 1949 346 2014 neque
369 1931 456 1995 enim
478 1930 636 2013 templum
664 1930 795 2009 (neutro
824 1930 956 2012 genere)
984 1932 1108 1994 testis
1131 1936 1183 1994 est
1206 1931 1312 2010 (cuius
1335 1952 1394 1997 vo·

241 2038 350 2103 cabuli
373 2039 498 2102 nullum
520 2039 554 2102 in
578 2039 689 2103 codice
712 2038 884 2121 vestigium
907 2045 957 2102 est
979 2044 1149 2120 totumque
1172 2036 1312 2122 Grynaeo
1336 2039 1396 2105 de-

240 2145 363 2228 betur),
387 2147 445 2211 sed
468 2146 701 2212 documentum
724 2153 782 2210 aut
799 2153 1053 2211 monumentum.
1086 2144 1190 2211 Paulo
1203 2153 1281 2230 post
1292 2145 1323 2230 (ἓ
1338 2148 1395 2231 10)

242 2256 290 2321 sic
313 2257 418 2320 oratio
442 2255 627 2338 interpungi
645 2255 758 2320 debet:
782 2253 1116 2338 Spectaculorum
1138 2275 1295 2336 quoque
1317 2277 1395 2321 om·

241 2366 303 2429 nis
326 2365 488 2446 generis
522 2362 837 2446 magnificentia
865 2362 1104 2445 superiores
1131 2383 1250 2445 reges
1273 2364 1393 2439 vicit,

240 2472 493 2552 reliquorum
511 2472 570 2534 sui
589 2472 712 2535 moris
730 2478 769 2535 et
786 2471 1144 2553 copiaGraecorum
1165 2471 1394 2555 artificum3

242 2579 521 2663 gladiatorum
543 2601 682 2643 munus
713 2579 893 2644 Romanu
924 2578 1236 2642 consuetudinis
1264 2581 1394 2662 primo

243 2708 382 2769 magno
414 2707 498 2750 cum
533 2693 691 2750 terrore
714 2686 917 2751 hominum
944 2684 1129 2750 -dedit
1175 2687 1393 2771 Appositione

243 2794 433 2875 adiungitur
460 2794 725 2877 reliquorum,
753 2794 814 2858 hac
842 2794 1018 2857 sententia:
1048 2794 1174 2877 reliqua
1202 2797 1395 2879 spectacula

243 2903 293 2967 sui
321 2904 420 2967 moris
450 2908 483 2967 et
516 2904 613 2985 copia
636 2901 824 2967 Grrecorum
857 2900 1020 2966 artificum
1049 2902 1149 2967 dedit.
1195 2903 1277 2969 Tum
1311 2907 1393 2971 scri-

243 3010 401 3076 bendum:
427 3010 575 3076 deinde
600 3012 749 3095 sapius
773 3010 903 3075 dando
938 3017 977 3074 et
1008 3011 1122 3075 modo
1156 3011 1393 3080 vulneribus

243 3125 379 3197 tenus,
415 3118 527 3183 modo
560 3119 645 3183 sine
677 3120 880 3189 missione,
917 3120 1038 3182 etiam
1071 3119 1277 3185 familiare
1305 3142 1393 3187 ocu·

243 3226 296 3291 lis
331 3235 569 3310 gratumque
603 3227 642 3292 id
676 3227 959 3312 spectaculum
993 3228 1101 3292 fecit.
1147 3228 1252 3309 l'ulgo
1276 3229 1394 3303 editur,

243 3399 259 3403 —
277 3400 384 3407 ——-—-.
407 3402 471 3410 .--..

311 3517 368 3584 lici,
387 3517 517 3584 demitti.)
536 3516 552 3587 ἓ
570 3522 588 3572 4
605 3518 793 3574 revocandum
811 3516 864 3570 fuit
882 3515 1057 3584 adfigunt,
1075 3534 1126 3585 pro
1145 3536 1200 3586 quo
1220 3536 1308 3588 nuper
1326 3537 1394 3588 quo-

313 3623 366 3675 quc
385 3602 530 3673 Sigonium
550 3606 638 3658 secuti
662 3604 838 3672 adfligunt
863 3603 1043 3670 scripserunt.
1080 3602 1143 3657 Non
1168 3604 1281 3658 adflicta
1304 3607 1394 3673 parie-

313 3692 389 3744 tibus
407 3708 472 3743 vasa
489 3690 586 3743 Livius
605 3690 674 3744 dicit
693 3694 730 3747 let
749 3688 879 3741 soletum
897 3687 993 3755 potius
1012 3686 1129 3757 Ligures
1148 3706 1180 3743 ea
1199 3690 1391 3761 adflixissent),

314 3776 362 3830 sed
380 3774 483 3829 stolide
502 3794 518 3828 a
536 3776 664 3829 barbaris
687 3773 847 3829 hominihus
872 3770 961 3824 adfixa
979 3778 1121 3842 tamquam
1145 3786 1322 3830 ornamenta:
1342 3777 1393 3831 ita-

313 3880 367 3930 que
385 3860 476 3915 addit.
499 3862 534 3915 ad
557 3880 618 3915 earu
636 3879 694 3914 rem
713 3861 810 3927 inepta
834 3857 918 3910 fuisse
939 3875 1006 3911 vasa
1023 3861 1084 3912 usui
1103 3862 1192 3927 magis
1211 3879 1294 3929 quam
1313 3880 1394 3916 orna·

312 3953 407 4001 mento
426 3946 507 4000 lacta.
536 3945 551 4016 ᾗ
573 3951 613 4005 11,
631 3948 679 4000 ubi
694 3946 798 3999 editur:
818 3961 896 3997 auris
916 3945 1048 4010 quidem
1064 3962 1079 3997 a
1098 3944 1179 4013 suga
1197 3948 1392 4015 revocarit,

314 4034 342 4087 in
361 4032 457 4085 codiee
476 4036 518 4084 est
537 4031 674 4099 quidem
694 4032 799 4083 etiam
817 4029 904 4098 luga.
941 4028 1044 4082 Fuitne
1068 4046 1145 4082 suos
1173 4032 1304 4099 quidem
1328 4050 1392 4086 me·

314 4118 369 4170 (lia
385 4118 418 4171 in
437 4116 516 4185 fuga
534 4116 733 4169 revocavit?
751 4114 846 4184 Neque
862 4116 935 4169 enim
953 4114 1034 4168 facile
1052 4130 1067 4166 ι
1085 4116 1114 4168 in
1133 4116 1235 4169 etiam
1254 4120 1390 4171 transitu·

313 4222 376 4257 rum
394 4208 460 4257 erat.
489 4200 574 4271 leot]
