3060 5272
253 336 315 391 Lib.
333 336 416 393 XLV.
795 325 857 386 748

253 507 642 592 adfer01),manifestum
666 507 817 575 mendum
841 507 914 591 in§
944 515 999 574 14:
1033 510 1114 576 Rex
1141 510 1400 578 Macedonum

252 619 420 685 Perseus
445 639 528 684 cum
550 617 693 682 liberis
719 625 757 682 et
781 618 899 683 turba
922 617 1004 684 alia
1026 620 1293 703 captivorum,
1317 642 1400 703 spo·

252 726 310 792 lia
332 725 608 806 Macedonum,
632 727 736 792 citra
758 725 907 794 flumen
931 728 1242 810 relinquentur?
1285 728 1401 813 Inepte

252 838 339 902 enim
361 842 530 918 tamquam
549 856 646 919 grave
670 842 703 900 et
720 856 784 900 nou
801 835 970 902 ferendum
989 843 1271 917 commemoratur,
1294 839 1402 905 citra

251 942 372 1009 flumen
396 944 543 1027 captivos
567 951 598 1008 et
622 943 728 1027 spolia
745 944 901 1027 relinqui;
924 946 1028 1028 magis
1046 945 1089 1009 ad
1108 945 1155 1009 rei
1172 943 1402 1029 indignitatem

253 1051 500 1117 monstrandam
524 1052 806 1118 accommodatum
829 1062 930 1134 esset,
959 1054 987 1119 si
1015 1061 1108 1118 trans
1137 1051 1258 1118 flumen
1284 1054 1402 1120 relicta

253 1166 286 1224 et
320 1161 456 1244 propius
490 1159 657 1227 admoveri
688 1161 855 1245 prohibita
890 1161 1086 1228 dicerentur.
1137 1160 1175 1225 ln
1207 1161 1317 1227 codice
1352 1169 1403 1229 est

167 1269 370 1345 (624)circa
392 1267 589 1334 fluminis.
635 1268 848 1336 Scribendum
870 1270 908 1333 la
930 1270 1013 1352 ripa
1040 1269 1242 1350 fluminis3
1277 1270 1331 1352 (in
1353 1271 1402 1335 in·

253 1377 384 1443 tercidit
419 1377 459 1443 ob
484 1377 721 1461 praecedentem
749 1378 895 1445 litteram
916 1378 970 1460 n).
1015 1378 1066 1443 lbi
1099 1379 1185 1443 enim
1216 1400 1233 1444 e
1262 1378 1400 1444 naribus

148 1486 151 1491 ⁴
254 1487 342 1552 elata
376 1486 483 1570 spolia
516 1486 768 1570 exspectabant,
802 1496 839 1552 ut
871 1486 1063 1571 triumphali
1098 1495 1194 1571 porta
1224 1488 1257 1551 in
1286 1486 1403 1552 urbem

253 1595 457 1662 veherentur.
520 1593 669 1677 [Rectius
712 1593 891 1660 Vahlenius
930 1596 970 1661 in
1014 1597 1125 1661 circo
1170 1593 1401 1679 Flaminio]

254 1705 408 1769 Proxima
441 1701 471 1786 (ᾗ
498 1702 550 1784 15)
585 1724 684 1787 quum
719 1703 752 1768 in
786 1702 898 1769 codice
934 1706 980 1769 sic
1014 1704 1248 1769 scriberentur:
1283 1703 1332 1768 Et
1361 1710 1403 1769 tu

255 1812 441 1878 centurio
475 1811 589 1876 miles
612 1811 757 1893 quibus
786 1811 833 1877 ab
858 1814 946 1897 imp.
977 1813 1103 1878 Paulo
1131 1812 1306 1878 donatus
1336 1812 1403 1878 de·

256 1921 387 1986 crevit
430 1921 584 2004 potius·
614 1941 729 2003 quam
775 1920 944 1987 Servius
986 1921 1116 1987 Galba
1159 1918 1404 1986 fabulentur

256 2029 372 2095 audis
407 2034 445 2094 et
477 2027 553 2094 hoc
587 2029 720 2094 dicere
754 2049 810 2093 me
844 2030 983 2112 potius
1014 2050 1134 2112 quam
1160 2027 1276 2094 illum
1298 2029 1403 2109 audi,

256 2138 414 2223 Gryneus
438 2158 573 2222 prorsus
595 2136 769 2202 infeliciter
796 2139 842 2203 sic
864 2136 1091 2222 interpolavit,
1118 2158 1138 2202 a
1166 2136 1279 2202 codice
1307 2136 1404 2221 louge

256 2247 443 2312 discedens:
466 2245 515 2311 Et
537 2254 588 2325 tu,
613 2247 810 2326 centurio,
835 2246 962 2325 miles,
985 2246 1144 2328 quidde
1168 2247 1254 2329 imp.
1279 2245 1404 2311 Paulo

256 2363 429 2422 senatus
463 2354 663 2433 decrerit,
698 2356 834 2439 potius
869 2375 983 2437 quam
1023 2354 1117 2438 quid
1153 2352 1232 2419 Ser.
1273 2352 1406 2419 Galba
1495 2372 1500 2378 ·

255 2463 486 2542 fabuletur,
521 2462 630 2543 audi,
660 2472 699 2528 et
728 2462 802 2529 boc
830 2463 964 2529 dicere
993 2471 1053 2528 cet.
1099 2461 1182 2526 Nam
1205 2484 1311 2546 neque
1335 2461 1404 2527 haec

256 2580 346 2638 recte
379 2574 465 2637 iuter
499 2592 533 2636 se
566 2570 767 2637 referuntur:
803 2579 841 2638 et
873 2607 916 2616 —
948 2571 1060 2666 audi,
1094 2577 1133 2636 et
1159 2605 1202 2615 —
1230 2571 1327 2637 audi
1355 2570 1407 2653 (ut

257 2682 409 2748 omittam
431 2686 473 2744 tu
497 2679 543 2743 sic
567 2680 725 2762 positum,
760 2687 796 2745 ut
827 2680 869 2745 ad
897 2681 996 2744 aliam
1026 2700 1202 2763 personam
1224 2680 1407 2745 transitura

259 2790 364 2855 oratio
388 2786 568 2867 rideatur),
591 2807 650 2851 nec
680 2794 815 2853 senatus
846 2787 978 2853 decreta
1012 2809 1097 2852 nunc
1125 2789 1327 2854 recitaturus
1357 2794 1407 2853 est

260 2972 485 2982 -.-——--——

285 3091 306 3139 ‘l
327 3089 442 3145 Selectia
469 3088 628 3143 coniunctis
656 3085 781 3155 Grynaei,
810 3086 957 3155 Gronovii,
984 3087 1138 3156 Kreyssigii
1166 3084 1408 3140 emendationibus

325 3176 386 3230 haec
404 3174 518 3229 videtur
535 3174 625 3229 forma
644 3176 702 3227 eiua
720 3173 775 3228 loci
794 3171 953 3228 efficienda:
982 3171 1102 3227 Omnes
1129 3172 1208 3226 illas
1236 3172 1408 3239 victimas,

327 3278 411 3331 quas
430 3260 668 3315 traducendas
696 3261 730 3313 in
758 3258 931 3328 triumpho
958 3259 1092 3313 locavit
1110 3258 1255 3327 (iomanem
1276 3258 1341 3312 iam
1364 3258 1408 3312 lo-

326 3345 441 3415 carit),
460 3346 552 3400 alias
579 3347 650 3399 alio
669 3345 1000 3401 eaedentemactate.
1038 3343 1146 3412 Quid?
1174 3343 1257 3398 illas
1284 3343 1408 3413 epulas

327 3438 479 3495 senatus,
508 3449 580 3501 qnae
598 3460 633 3469 -
651 3432 685 3485 in
703 3429 878 3499 Capitolio
898 3428 1060 3496 eduntur,
1090 3430 1212 3493 (utrum
1234 3430 1409 3485 hominum

326 3518 518 3588 voluptatis
538 3534 641 3571 causa
659 3534 700 3571 an
718 3516 860 3570 deorum
878 3515 1053 3581 honoris?)
1073 3512 1124 3583 [sic
1139 3514 1316 3586 Doeringiua‚
1334 3533 1406 3585 prae·

326 3610 409 3658 eunte
427 3599 516 3670 Creu]
536 3608 671 3661 auctore
690 3602 756 3658 Ser.
776 3600 886 3656 Galba
904 3601 1083 3656 turbaturi
1102 3602 1210 3657 estis?
1242 3601 1344 3657 Restat
1361 3600 1410 3655 du·

326 3691 427 3746 bitatio
450 3688 553 3743 inillis
572 3689 663 3744 alias
683 3689 750 3742 alio
769 3687 924 3743 caedente
944 3685 1015 3754 (cod.
1036 3687 1157 3755 dente).
1194 3687 1309 3754 (Fuitne
1327 3687 1410 3740 divi·

326 3775 451 3831 dente?
470 3773 541 3828 Nam
559 3775 614 3845 ipsi
632 3780 754 3829 mactare
772 3774 901 3828 victimas
919 3771 981 3827 aliis
1000 3773 1175 3827 caedentibus
1194 3791 1251 3827 non
1272 3771 1409 3842 possunt)

327 3860 440 3916 Ironica
458 3861 505 3913 illa
522 3860 648 3914 hortatio
668 3857 837 3927 (mactate)
857 3858 920 3912 tolli
937 3874 995 3911 non
1015 3858 1118 3912 debuit.
1155 3857 1339 3913 Dedicavit
1356 3874 1409 3927 pro

327 3946 521 4001 vindicarit
548 3944 600 4012 (sic
627 3945 700 3999 enim
727 3943 799 4010 cod,
826 3944 874 3998 ubi
902 3944 1036 3997 locarit
1064 3944 1146 4013 posui
1169 3962 1233 3998 cum
1257 3943 1409 4011 Gronovio)

326 4033 429 4086 frustra
443 4031 621 4101 Kreyssigius
640 4029 852 4084 commendavit.
880 4029 918 4085 Ut
935 4030 1081 4099 potuerint
1098 4030 1219 4083 victimae
1235 4028 1410 4084 traducendo

325 4137 383 4172 non
403 4118 492 4171 solum
511 4117 679 4181 consecrari,
699 4114 747 4168 sed
766 4117 849 4170 etiam
868 4115 993 4170 dedicari
1012 4116 1076 4183 dici,
1094 4115 1219 4169 nondum
1239 4132 1285 4170 eas
1306 4114 1409 4169 Paulus

327 4204 498 4258 traduxerat.
535 4204 649 4272 Agitur,
670 4212 699 4256 ut
718 4202 865 4255 traducere
883 4201 974 4255 liceat.
