3060 5272
153 344 217 399 Lib.
235 342 275 396 VI
703 329 765 390 164

154 519 244 579 recte
267 519 455 597 poneretur,
479 513 508 577 si
529 512 564 577 id
587 510 797 595 significaret,
820 512 909 594 quod
932 513 1046 579 statim
1068 509 1313 592 subiiceretu'r),

154 631 281 688 rectum
315 622 392 701 erit,
426 620 745 724 interrogationibus
780 621 827 685 sic
857 622 1032 705 descriptis
1055 626 1090 686 et
1110 618 1313 685 terminatis:

95 784 98 793 .
156 729 283 807 Quid?
317 729 422 795 situ
450 750 525 793 non
553 728 720 807 tuleris,
755 729 861 812 quod
889 729 1138 795 commodum
1161 731 1222 792 est
1243 746 1314 812 po·

155 837 252 922 pulo
276 839 477 922 accipere,
510 857 622 900 nemo
646 837 740 915 erit,
775 838 842 918 qui
863 836 993 902 ferat?
1033 835 1143 901 Illud
1165 835 1314 917 siquis

155 946 376 1030 patricius,
411 947 445 1010 si
468 946 559 1027 quis
581 980 625 989 -
648 942 847 1009 Claudius
869 944 1042 1009 diceret:
1077 944 1157 1008 Aut
1180 943 1315 1008 omnia

156 1055 336 1137 accipite
371 1049 444 1118 au't
476 1051 581 1117 nihil
614 1049 718 1130 fero,
758 1053 848 1134 quis
881 1058 1077 1131 vestrum,
1117 1049 1313 1129 Quirites,

155 1162 306 1227 ferret?
329 1161 433 1225 Paulo
456 1168 539 1226 ante·
557 1157 587 1243 (ἓ
608 1164 657 1239 11,
679 1159 737 1224 ubi
759 1161 884 1225 tribuni
907 1161 969 1225 civi
992 1160 1033 1226 de
1056 1158 1154 1244 plebe
1174 1158 1315 1242 roganti,

155 1276 203 1348 ut,
227 1291 310 1352 ques
332 1269 468 1353 probet,
501 1268 690 1350 rogationes
713 1269 878 1351 accipere,
912 1290 995 1350 quas
1018 1266 1196 1352 improbet,
1229 1266 1315 1331 anti·

157 1399 260 1461 quare
287 1377 402 1455 liceat,
437 1374 638 1459 respondere
660 1374 842 1459 finguntur)
865 1376 936 1441 haec
957 1373 1186 1459 interrogandi
1207 1373 1316 1440 forma

157 1487 354 1551 coniunctivi
376 1483 480 1550 modi:
515 1489 556 1548 tu
580 1483 625 1546 de
648 1482 856 1549 fenore-
878 1484 1036 1564 iubeas,
1064 1490 1104 1549 et
1125 1483 1200 1549 hoe
1221 1503 1314 1568 por·

156 1595 262 1658 tenti
284 1615 362 1657 non
379 1591 820 1670 fiat-,uti—videas?
839 1615 905 1657 uno
923 1593 1022 1658 modo
1033 1592 1182 1673 intellegi
1194 1596 1315 1676 potest,

157 1708 195 1765 ut
218 1723 292 1765 cum
315 1700 533 1768 admiratione
556 1704 589 1762 et
612 1699 853 1782 improbatione
876 1700 1075 1785 proferatur.
1122 1698 1187 1765 Sed
1208 1720 1316 1784 neque

156 1831 216 1894 per
251 1830 285 1874 se
318 1809 460 1873 tribunis
494 1806 635 1890 superbe
663 1809 862 1890 negantibus
890 1809 1061 1873 convenire
1089 1808 1220 1903 videtur
1246 1807 1317 1873 haec

157 1917 334 1981 admiratio
362 1922 396 1980 et
423 1915 606 1997 indignatio
633 1936 740 1997 neque
767 1917 801 1980 in
830 1938 902 1981 eam
932 1923 1009 2000 apte
1031 1915 1246 1980 includuntur
1267 1935 1318 1994 ea,

158 2046 232 2108 quae
253 2023 381 2108 Appius
410 2045 450 2087 ex
482 2044 541 2087 suo
565 2022 688 2087 iudicio
712 2024 916 2090 intermiscet
939 2032 972 2090 et
994 2024 1146 2107 adiungit
1168 2021 1222 2104 (et
1242 2021 1318 2087 hoo

158 2133 343 2215 portenti
373 2153 450 2196 non
478 2131 557 2195 fiat
587 2128 674 2211 cet).
730 2130 818 2215 Apta
846 2133 916 2198 haec
944 2139 1042 2197 erunt
1069 2138 1104 2196 et
1132 2129 1317 2210 commoda,

157 2242 185 2305 si
215 2241 329 2305 sedate
353 2241 400 2305 sio
422 2239 645 2322 proferentur,
679 2244 717 2302 ut
747 2261 838 2322 paene
867 2240 1023 2321 ambigua
1050 2241 1138 2304 inter
1164 2238 1318 2304 tribunos

159 2354 192 2413 et
225 2348 368 2432 Appium
403 2348 512 2412 oratio
547 2347 591 2409 sit
630 2345 678 2427 (et
717 2348 765 2412 ita
798 2349 981 2426 inducitur,
1020 2349 1132 2432 posito
1165 2347 1318 2430 inquit:

159 2456 268 2533 nein,
297 2455 434 2519 heisst
457 2454 526 2536 es):
561 2453 659 2532 Non,
687 2455 833 2538 inquit,
861 2456 1019 2535 licebit,
1047 2461 1087 2517 ut
1109 2455 1155 2520 de
1177 2452 1320 2520 fenore

159 2570 281 2646 atque
304 2563 426 2645 agris,
451 2560 557 2645 quod
581 2560 629 2625 ad
652 2566 979 2647 vos-pertinet,
1002 2564 1159 2642 iubeaS,
1182 2568 1222 2627 et
1243 2561 1320 2628 hoc

160 2671 343 2754 portenti
380 2692 459 2734 non
493 2667 573 2733 fiat
601 2670 643 2733 in
672 2667 770 2731 urbe
798 2667 989 2747 Romana,
1021 2664 1082 2730 uti
1103 2670 1319 2743 -videas

162 2776 251 2857 (Non
278 2777 395 2842 licebit
421 2776 491 2840 haec
521 2776 586 2840 duo
616 2796 787 2858 separare,
817 2775 959 2840 alterum
986 2777 1049 2842 tibi
1076 2776 1207 2862 plebeio
1231 2798 1320 2843 corn-

159 2885 309 2964 modum,
344 2885 486 2949 alterum
508 2883 584 2963 tibi,
613 2890 651 2947 nt
673 2883 838 2959 omnibus,
867 2882 1102 2967 intolerabile.)
1152 2886 1244 2951 Duas
1266 2887 1320 2951 lit·

159 2999 248 3056 teras
270 2993 473 3076 transposui.
519 2989 549 3073 (ξ
576 2996 614 3054 17
638 2998 717 3056 nota
739 2996 830 3055 reete
854 2991 1026 3074 explenda,
1050 2999 1088 3057 ut
1109 2993 1183 3059 fiat:
1212 2993 1320 3059 haud

148 3114 233 3183 jpro
268 3099 392 3165 dubio
422 3099 587 3164 consule
616 3120 719 3177 esse,
747 3121 813 3164 non
842 3099 1065 3181 consulem3
1098 3122 1204 3183 neque
1232 3100 1320 3166 enirn

161 3207 283 3273 dieitur
317 3207 470 3272 absolute
497 3229 568 3291 pro
596 3206 702 3272 haud
732 3206 871 3284 dubio,
900 3215 938 3271 ut
966 3209 1010 3272 sit
1042 3207 1150 3287 haud
1181 3208 1318 3287 dubie3

161 3316 367 3396 candidatus,
391 3317 484 3380 ouius
509 3323 601 3380 certa
624 3337 698 3399 spes
722 3321 789 3392 est,
823 3336 894 3398 pro
930 3314 1035 3380 haud
1070 3316 1191 3381 dnbio
1225 3338 1318 3382 con·

160 3423 246 3488 sule
286 3431 347 3488 est
386 3422 605 3506 (habetur),
643 3445 708 3488 non
749 3444 821 3505 pro
860 3422 968 3488 haud
1009 3423 1133 3490 dubio
1173 3424 1319 3490 consul

161 3537 230 3596 est.
278 3530 384 3613 1861.)

248 3637 325 3723 Cap.
360 3645 417 3718 41,
458 3645 478 3725 4
518 3639 566 3720 (in
601 3639 716 3703 eadem
752 3637 932 3719 orationel:
972 3638 1027 3704 De
1065 3638 1318 3723 indignitate

162 3734 444 3812 satis'dictum
468 3753 543 3827 est;
573 3748 724 3812 etenim
746 3746 928 3829 dignitas
952 3747 999 3810 ad
1021 3746 1205 3813 homines
1228 3769 1319 3832 per·

160 3856 286 3935 tinet;
320 3856 418 3937 quid
446 3855 491 3920 de
521 3854 797 3938 religionibus
825 3859 948 3936 atque
980 3856 1198 3939 auspiciis,
1233 3876 1320 3940 quae

161 3963 332 4046 propria
372 3963 540 4029 deorum
577 3962 868 4027 immortalium
907 3965 1160 4047 contemptio
1195 3970 1319 4046 atque

161 4070 315 4134 iniuria
343 4078 419 4152 est,
453 4072 633 4154 loquar?
656 4071 739 4135 Mire
763 4091 864 4134 caiisa
886 4071 1036 4149 additur,
1065 4093 1123 4136 our
1146 4072 1227 4137 satis
1251 4071 1319 4136 die-

160 4183 231 4241 tum
261 4178 301 4243 de
329 4178 525 4261 indignitate
549 4180 608 4257 sit,
644 4199 717 4260 quur
749 4200 857 4262 neque
891 4179 969 4245 addi
997 4201 1143 4264 unquam
1171 4179 1259 4248 solet
1285 4180 1320 4245 in
