3060 5272
238 359 303 415 Lib.
320 360 406 416 xm
779 351 842 413 626

239 554 312 600 cum
325 534 478 600 ¹Eumene
500 555 610 600 eoram
631 535 665 600 in
688 540 805 599 senatu
823 534 1038 621 disceptaret)
1060 559 1176 621 quum
1199 559 1278 604 nou
1300 558 1396 605 con·

238 643 407 726 tigisset
438 642 523 724 (cod.
558 663 643 707 cum
672 644 932 727 contigisset,
962 647 1083 711 extrita
1108 647 1285 731 negatione
1307 651 1394 715 unte

238 749 335 833 eon),
356 749 555 816 libertate
587 752 935 837 intemperantius
964 754 1154 821 invectus
1176 756 1214 821 iu
1236 774 1393 839 regem,

238 859 340 940 (recte
363 859 463 926 Gron.
491 859 688 925 libertate
720 860 1015 945 intemperanti
1036 864 1122 943 ina,
1151 863 1307 949 quonism
1333 863 1391 930 li·

237 967 398 1033 bertate
431 967 568 1032 invehi
599 968 665 1033 dici
686 968 823 1050 nequit),
846 970 953 1052 quod
982 970 1193 1055 Lyciorum
1221 975 1390 1055 gentem

237 1076 435 1141 adversus
473 1075 651 1141 Rhodios
695 1077 951 1144 concitasset
992 1081 1244 1164 graviorque
1282 1078 1392 1146 Asiae

238 1193 363 1262 esset,
388 1205 505 1267 quum
527 1184 753 1250 Antiochus
775 1185 939 1263 luisset,
961 1187 1200 1272 popularem
1224 1187 1391 1272 quidem

238 1313 282 1358 ac
305 1299 458 1377 gratam
482 1293 644 1376 populis
666 1293 769 1358 Asiae
792 1295 892 1372 lnam
915 1316 959 1359 eo
983 1317 1142 1379 quoque
1164 1298 1241 1361 iam
1268 1295 1391 1362 lavor

237 1402 375 1466 Persei
398 1400 577 1482 venerat)
600 1402 826 1467 orationem
842 1401 999 1469 habuit.
1017 1414 1195 1470 ceterum
1214 1406 1392 1471 invisam

238 1511 400 1576 senatui
422 1507 697 1591 inutilemque
719 1508 797 1574 sibi
821 1518 859 1575 et
882 1512 1045 1576 civitat-i
1070 1534 1160 1577 suae.
1200 1513 1273 1579 Non
1294 1521 1388 1581 recte

237 1639 298 1683 nec
320 1617 435 1682 Lat-ine
457 1617 670 1702 popularis
693 1619 800 1683 oratio
823 1619 1019 1701 appellatur.
1043 1641 1114 1702 quae
1138 1621 1304 1687 aRhodio
1326 1622 1390 1689 hc·

152 1725 329 1794 (⁶1⁶lmino
352 1727 385 1790 in
409 1732 527 1791 senatu
549 1727 696 1791 Romano
728 1724 843 1790 habita
876 1736 925 1791 est
960 1728 1116 1794 aelrersus
1142 1750 1251 1813 regem
1279 1737 1388 1796 exter·

237 1856 323 1914 uum,
347 1836 542 1918 optimatum
564 1833 740 1918 populique
758 1837 900 1918 partium
918 1836 1102 1901 dissensum
1120 1860 1184 1903 non
1205 1839 1387 1922 attingens;

237 1963 297 2035 uec
312 1942 396 2008 bene
418 1942 633 2026 popularis
657 1962 700 2007 ac
722 1950 845 2025 grata
867 1944 1031 2028 populis
1048 1946 1152 2010 Asiae
1169 1946 1272 2028 (quod
1288 1947 1387 2030 longe

237 2038 327 2118 aliud
350 2050 413 2131 est)
436 2051 684 2134 coniunguntur.
729 2050 767 2115 In
790 2052 901 2118 codice
926 2054 1086 2136 scriptum
1108 2061 1233 2119 exstat:
1257 2077 1388 2139 popu·

236 2161 361 2226 larem
380 2158 538 2243 quidem
555 2158 932 2243 quidcmingratam
950 2161 1116 2244 populis
1134 2183 1274 2228 nameo
1292 2184 1385 2246 quo·

236 2291 312 2354 que
336 2276 397 2334 cet.
441 2269 552 2333 Livius
574 2267 654 2332 nihil
684 2269 863 2353 scripserat
890 2270 953 2333 nisi
987 2269 1075 2334 haec:
1109 2270 1388 2355 popularibus

236 2378 394 2460 quidem
418 2378 543 2457 (seinen
568 2375 805 2457 Landsleutenl
826 2383 981 2459 gratam
1012 2378 1110 2458 (nom
1145 2399 1189 2444 eo
1224 2399 1382 2462 quoque

235 2487 313 2550 iam
336 2483 451 2549 lavor
474 2484 614 2549 Persei
636 2485 817 2566 venerat)
842 2486 1068 2551 orationem
1091 2486 1246 2552 habuit.
1280 2487 1330 2552 Ex
1352 2508 1382 2549 ι

237 2598 390 2677 gratam
413 2600 519 2657 ortum
543 2594 751 2674 ingratam.
786 2592 848 2657 Pro
867 2593 1140 2676 popularibus
1164 2617 1264 2678 quum
1281 2596 1384 2662 libra·

235 2703 304 2766 rius
327 2702 412 2766 male
435 2700 672 2784 popularem
695 2701 889 2783 scripsisset,
907 2703 1068 2784 corrigere
1087 2703 1197 2769 volens
1217 2703 1382 2788 populis

236 2810 381 2893 scripsit,
405 2828 487 2873 novo
509 2808 637 2888 mendo,
665 2814 702 2872 nt
730 2808 810 2875 alibi
838 2830 903 2874 non
931 2830 1006 2873 1110
1040 2809 1116 2891 (vid.
1141 2834 1172 2895 p.
1195 2810 1283 2891 492).
1327 2810 1383 2876 Eo

235 2918 348 2983 referri
383 2924 522 3002 apparet
555 2916 597 2981 ad
629 2917 780 2982 Rhodum
814 2916 1072 3004 popularium
1107 2920 1236 2984 nomine
1260 2917 1384 3003 signifi·

236 3026 389 3107 catam.¹)
424 3023 454 3109 [ξ
468 3030 507 3090 10
531 3047 548 3090 e
567 3026 687 3090 codicis
705 3024 768 3089 hac
785 3025 962 3107 scriptura:
981 3026 1166 3110 donaque
1186 3028 1249 3091 cni
1267 3047 1385 3111 quum

235 3134 488 3219 amplissima
528 3133 622 3199 data
655 3135 827 3218 perspicue
861 3133 1018 3211 eflicitur,
1057 3136 1231 3217 geminatis
1264 3135 1385 3201 litteris

235 3264 336 3327 quae
360 3243 485 3327 (quae):
508 3265 590 3328 quae
614 3244 801 3327 cuiquam
825 3244 1078 3325 amplissima
1107 3242 1296 3326 (umquam),
1320 3243 1383 3310 da-

233 3357 284 3417 ta.
332 3351 437 3434 1861]

319 3458 397 3544 Cap.
424 3464 472 3539 15,
502 3463 519 3524 5
550 3459 604 3541 (de
637 3458 719 3538 1000,
753 3458 810 3523 ubi
842 3457 980 3524 Eumeni
1014 3458 1162 3542 Delphos
1196 3459 1387 3525 escendenti

232 3568 386 3633 Euander
408 3567 519 3633 etalii
542 3567 688 3633 insidiati
711 3568 817 3648 suntl:
849 3566 1182 3632 Esoendentibus
1210 3568 1259 3632 ad
1286 3574 1384 3633 tcm-

232 3675 339 3760 plum
360 3712 404 3722 -
425 3676 604 3741 maceria
627 3682 714 3741 erat
747 3675 795 3741 ab
824 3674 922 3740 laeva
953 3675 1108 3740 semitae
1137 3675 1302 3758 paulum
1326 3697 1386 3740 ex·

259 3964 284 4032 ¹)
304 3962 445 4033 [Dubitari
463 3963 541 4018 nullo
559 3964 643 4020 modo
661 3968 765 4034 potest,
790 3965 856 4033 quin
880 3981 984 4019 nomen
1009 3963 1146 4035 principis
1171 3963 1320 4029 legationis
1337 3980 1387 4033 po·

301 4050 386 4103 situm
404 4049 499 4116 luerit,
527 4050 561 4103 de
587 4068 642 4119 quo
660 4056 759 4120 postea
777 4051 880 4121 agitur.
917 4050 990 4104 Eum
1017 4068 1074 4104 uon
1101 4047 1186 4103 luisse
1210 4047 1279 4103 falsa
1297 4050 1383 4103 simu·

300 4135 430 4200 laturum,
448 4140 506 4189 tam
524 4152 656 4205 perversa
673 4141 718 4189 est
736 4137 825 4190 oratio
844 4142 872 4189 et
891 4140 952 4191 tcto
971 4152 1074 4207 genere
1093 4138 1122 4189 et
1139 4134 1219 4189 verbi
1237 4133 1335 4202 forma,
1354 4139 1388 4189 ut

299 4220 386 4273 mirer
402 4220 514 4290 plaeere
531 4220 647 4275 Hertzio
664 4221 797 4291 potuisse.
835 4220 920 4289 lect]
