3008 4756
689 291 752 353 255

145 474 263 558 aliquis
285 474 480 558 suspicetur,
502 494 616 539 eorum
639 473 766 558 aliquos
784 474 931 558 Spirensi
953 476 1120 559 proximos
1138 481 1298 560 tanquam

144 583 286 647 vicarios
314 582 347 645 in
376 581 446 645 eius
475 580 584 646 locum
606 579 780 647 succedere
803 588 837 646 et
859 582 1072 664 desiderium,
1105 585 1220 650 sinon
1243 604 1297 648 ex·

143 691 244 776 plere,
266 695 301 754 at
317 688 436 754 saltem
453 708 573 772 magna
590 707 629 753 ex
646 695 742 773 parte
759 688 863 754 lenire
875 688 927 770 (ut
942 691 976 754 in
994 691 1101 774 prima
1112 697 1207 777 parte
1220 691 1297 756 libri

145 797 290 864 vicesimi
306 797 465 861 Puteanei
483 795 684 862 desiderium
700 795 828 861 leniunt
838 795 1005 863 Mediceus
1022 803 1057 863 et
1069 797 1300 880 Oolbertinus),

130 928 185 971 ne
202 906 265 971 hoe
284 904 415 986 quidem
433 903 588 969 solatium
605 908 662 968 aut
678 924 764 968 nunc
779 924 896 986 magno
916 926 1016 990 opere
1041 906 1137 971 adest
1156 912 1216 970 aut
1228 907 1298 971 eius

148 1014 212 1078 nisi
234 1013 343 1077 tenuis
366 1033 442 1095 spes
466 1011 658 1077 ostenditur.
715 1010 760 1076 Ut
787 1013 889 1092 enim,
924 1013 1003 1094 quid
1030 1014 1064 1078 in
1094 1014 1158 1079 hoe
1179 1035 1298 1098 genere

148 1121 272 1204 sperari
301 1118 451 1203 efficique
478 1125 607 1203 posset,
640 1124 831 1203 appareret,
865 1119 924 1183 Th.
947 1120 1181 1186 Mommsenius
1209 1127 1299 1186 octo·

147 1229 241 1312 ginta
263 1227 328 1292 duo
352 1226 489 1307 codices,
520 1228 575 1309 qui
597 1225 683 1291 hanc
705 1227 787 1291 Livii
811 1225 968 1293 decadem
991 1235 1050 1293 aut
1071 1228 1132 1292 hos
1156 1227 1299 1311 quinque

147 1337 251 1402 libros
286 1335 506 1414 continerent,
546 1335 580 1399 in
619 1333 756 1399 delectis
796 1335 984 1419 speciminis
1022 1335 1095 1401 loeo
1129 1334 1300 1419 particulis

151 1442 294 1526 (duabus
322 1442 546 1525 amplioribus,
569 1441 626 1506 lib.
654 1441 777 1506 XXVII
800 1462 821 1507 a
844 1462 870 1507 c.
895 1446 944 1523 33,
974 1447 991 1508 5
1015 1442 1058 1507 ad
1080 1464 1106 1508 o.
1131 1445 1180 1523 34,
1206 1447 1245 1506 14
1268 1447 1301 1507 et

149 1551 206 1617 lib.
231 1549 371 1615 XXVIII
400 1570 420 1613 a
449 1570 474 1613 c.
500 1553 554 1629 39,
587 1553 625 1613 16
648 1549 691 1614 ad
715 1570 740 1613 c.
764 1554 820 1629 41,
852 1553 905 1630 12,
933 1551 990 1633 qui
1017 1550 1108 1616 locus
1135 1549 1215 1615 folio
1243 1550 1300 1616 illo

150 1658 272 1724 codicis
297 1657 318 1721 S
341 1662 471 1740 reperto
496 1655 696 1738 continetur)
720 1656 935 1723 conferendos
959 1659 1085 1723 curavit
1108 1659 1301 1742 scripturas-

149 1788 212 1849 que
243 1765 277 1829 in
300 1764 466 1829 Analectis
489 1763 632 1828 Liuianis
656 1763 691 1845 (a
712 1786 742 1848 p.
768 1764 822 1846 32)
846 1764 958 1845 edidit,
976 1759 1205 1850 'institutoque
1229 1765 1300 1829 dili·
1349 1839 1351 1844 A

147 1875 237 1958 genti
270 1873 417 1937 examine
446 1870 695 1951 demonstravit,
729 1877 763 1936 et
790 1872 920 1937 codices
949 1872 1076 1957 aliquot
1106 1894 1146 1938 ex
1176 1873 1197 1939 S
1227 1872 1301 1954 (aut

148 1983 219 2066 ipso
249 1986 306 2045 aut
333 2000 393 2063 per
414 1978 641 2060 intermedios)
666 1978 881 2044 describendo
903 1985 994 2045 ortos
1018 2001 1189 2064 superesse
1212 1982 1301 2045 etin

152 2087 280 2154 codices
320 2085 480 2171 quosdam
513 2106 531 2150 e
564 2085 722 2151 Puteanei
762 2087 865 2170 stirpe
899 2092 990 2152 ortos
1024 2109 1089 2153 non
1123 2106 1229 2169 pauca
1261 2108 1301 2149 ex

148 2197 253 2261 altero
270 2195 327 2258 illo
340 2214 457 2277 genere
470 2193 703 2277 comparando,
723 2193 921 2273 adnotando,
934 2195 1127 2276 corrigendo
1138 2191 1302 2259 translata

150 2325 221 2369 esse
245 2308 278 2367 et
299 2302 498 2367 intermixta.
555 2300 620 2366 Sed
649 2321 810 2366 summam
838 2299 1071 2385 disputationis
1098 2307 1187 2367 reete
1214 2300 1301 2365 hane

151 2411 284 2493 collegit
320 2409 365 2494 (p.
391 2408 461 2490 69),
505 2407 650 2488 „nullum
682 2408 801 2474 librum
838 2414 968 2474 exstare
1002 2416 1060 2474 aut
1094 2414 1182 2474 certe
1215 2408 1303 2472 inter

149 2519 257 2584 adhuc
300 2517 503 2583 examinatos
542 2515 666 2581 nullum
700 2523 865 2600 repertum
900 2538 987 2597 esse,
1027 2518 1084 2602 qui
1117 2517 1303 2601 Spirensem

148 2627 269 2693 librum
298 2630 452 2690 accurate
480 2630 514 2689 et
542 2623 637 2708 plene
660 2624 843 2690 redderet“.
889 2624 973 2690 Nam
996 2631 1030 2690 et
1052 2629 1201 2690 recentes
1226 2629 1302 2690 sunt

150 2756 280 2814 omnes,
314 2733 369 2816 qui
393 2732 435 2797 ad
459 2731 709 2798 alterumutrum
738 2754 777 2797 ox
804 2732 856 2797 his
880 2732 1008 2799 duobus
1031 2733 1206 2817 generibus
1229 2753 1302 2816 per-

148 2845 255 2908 tinent
288 2841 432 2922 (eorum,
467 2840 524 2924 qui
557 2861 597 2906 ex
633 2839 654 2905 S
685 2840 842 2923 originem
878 2840 1016 2920 ducunt,
1055 2840 1302 2924 antiquissimus

148 2951 278 3015 videtur
300 2949 444 3014 Venetus
466 2947 654 3011 Marcianus
683 2949 826 3031 scriptus
849 2969 877 3012 a.
905 2942 1018 3029 1389),
1049 2955 1082 3012 61
1105 2947 1303 3031 permultum

148 3059 263 3137 etiam,
295 3057 350 3139 qui
373 3054 538 3138 Spirensis
567 3055 679 3138 stirpis
708 3061 798 3134 sunt,
828 3076 867 3118 ex
890 3055 1143 3139 interpolatione
1166 3055 1302 3118 alterius

148 3166 261 3247 stirpis
302 3167 520 3244 susceperunt
558 3165 616 3224 aut
655 3159 770 3224 eadem
810 3161 843 3224 in
883 3167 1024 3245 utraque
1057 3166 1209 3243 grassata
1241 3166 1301 3225 est.

70 3254 73 3260 ’
148 3271 242 3335 Nunc
279 3268 412 3351 quidem
442 3288 481 3333 6ο
510 3268 618 3331 minus
646 3265 759 3331 auxilii
786 3265 863 3330 hinc
891 3269 961 3352 peti
988 3274 1114 3352 potest,
1147 3267 1234 3352 quod
1263 3289 1302 3332 ex

150 3376 318 3441 codicibus
356 3375 533 3440 Puteaneae
572 3375 684 3459 stirpis
718 3395 736 3439 e
772 3372 919 3458 Spirensi
960 3375 1061 3458 stirpe
1094 3373 1303 3459 interpolatis

147 3477 231 3548 unus
259 3482 430 3548 Palatinus
457 3483 576 3548 tertius
600 3505 620 3548 a
642 3482 819 3548 Gebhardo
848 3483 987 3548 subinde
1016 3488 1302 3562 commemoratur,

149 3612 262 3657 eorum
292 3596 419 3671 autem,
453 3591 509 3674 qui
543 3597 632 3656 certo
666 3590 709 3655 ad
732 3590 917 3675 Spirensem
948 3592 1072 3676 origine
1100 3591 1234 3673 adiungi
1255 3591 1302 3655 vi-

147 3700 274 3780 dentur,
302 3721 385 3764 unus
407 3697 604 3765 Harleianus
628 3699 769 3765 collatus
792 3705 844 3765 est
866 3699 964 3782 idque
988 3700 1166 3766 admodum
1188 3698 1299 3783 negle-

147 3805 285 3892 gentem]
315 3807 433 3893 ltaque
457 3808 552 3874 nobis
576 3808 736 3887 adhibito,
760 3807 816 3872 ubi
835 3806 906 3872 fieri
923 3814 1046 3891 potest,
1069 3806 1225 3891 Spirensi,
1250 3825 1301 3870 ee·

146 3916 299 3997 teroquin
321 3914 491 3981 Puteaneo
521 3916 674 3981 standum
698 3916 769 3995 erit,
793 3920 826 3980 et
849 3914 895 3979 sic
918 3913 960 3978 ad
982 3919 1157 3998 utrumque
1181 3920 1238 3978 aut
1260 3912 1301 3979 ad

146 4019 233 4088 hunc
263 4044 364 4088 unum
393 4023 563 4108 scriptura
586 4023 725 4090 dilectus
749 4029 782 4088 et
803 4022 1042 4088 emendationis
1065 4028 1200 4087 conatus
1223 4021 1300 4086 diri·

146 4131 286 4214 gendus,
313 4137 351 4196 ut
373 4131 504 4211 eadem,
533 4151 606 4216 quae
629 4132 662 4196 in
687 4131 799 4215 primae
823 4128 959 4197 decadis
983 4130 1097 4196 codiee
1119 4129 1299 4214 archetypo
