3060 5272
283 303 346 359 Lib.
363 301 438 356 XXI.
828 290 891 351 266

285 474 372 556 (CM)
400 480 434 539 et
462 473 601 539 aliorum
629 472 756 556 aliquot
784 475 949 558 scriptura
971 474 1124 559 (eques,
1156 496 1224 541 non
1249 475 1445 560 equites).

283 583 443 666 Apparet,
478 581 606 647 Livium
634 582 778 666 primum
805 582 1006 665 significare,
1039 582 1316 666 quemadmodum
1336 584 1445 669 pedes

283 698 317 756 et
349 709 449 772 eques
482 697 618 773 paratus
647 689 690 753 ad
717 690 1008 756 transmittendum
1035 690 1151 771 fuerit,
1184 689 1304 767 deiude
1330 691 1445 777 ipsum

283 799 462 863 transitum
501 795 645 861 fluminis
685 797 880 863 describere.
941 798 1059 883 ltaque
1099 797 1151 863 his
1190 796 1316 864 verbis:
1356 798 1444 866 Iam

201 909 206 917 ‘
284 913 454 990 paratae
498 911 748 988 aptatasque
792 905 975 971 habebat
1018 906 1144 990 pedes
1188 906 1342 972 lintres
1387 928 1443 973 re·

282 1014 444 1097 spondere
475 1012 580 1077 simile
612 1012 726 1078 debet:
761 1033 887 1095 eques
909 1050 952 1059 —
974 1036 1107 1080 naves.
1152 1013 1279 1079 Deinde
1301 1013 1443 1098 (inquo

282 1127 359 1206 poet
398 1120 553 1186 Gronurii
593 1119 849 1186 admonitionem
888 1123 992 1186 errari
1031 1123 1181 1206 potuisse
1217 1121 1335 1204 miror)
1372 1142 1444 1189 nou
1484 1194 1491 1207 ‚

282 1232 409 1314 equites
432 1241 539 1310 neque
563 1229 638 1309 equi
661 1234 792 1308 nautes,
821 1250 961 1311 quornm
983 1231 1163 1314 perexigua
1183 1231 1234 1297 vis
1254 1228 1373 1296 fnisset
1394 1231 1443 1297 ad

281 1341 346 1404 rim
374 1357 536 1421 aquarum
563 1334 792 1418 frangendam,
828 1337 887 1401 sed
920 1357 1018 1403 naves
1045 1339 1121 1420 ipsa
1147 1336 1376 1419 magnitudine
1405 1343 1442 1403 et

280 1446 427 1532 pondere
461 1451 495 1509 et
527 1444 684 1507 continua
716 1445 800 1508 serie
831 1443 1016 1527 (agmine)
1045 1445 1321 1527 tranquillitatem
1353 1444 1440 1529 prm·

280 1556 383 1619 buere
403 1551 558 1616 lintribus
580 1550 667 1614 infra
688 1552 1000 1618 transmittentibus.
1045 1553 1127 1617 Tum
1150 1551 1316 1635 equitibus
1334 1573 1440 1619 naves

281 1662 377 1727 datas
402 1660 521 1737 fuisse,
555 1657 675 1739 quibus
704 1662 738 1723 et
760 1660 823 1741 ipsi
847 1661 1028 1726 transirent
1050 1668 1084 1725 et
1105 1681 1209 1744 equos
1231 1660 1437 1741 traiicerent,

281 1769 404 1854 partim
426 1766 564 1831 navibus
587 1766 770 1849 impositus,
805 1769 927 1851 partim
957 1790 1042 1851 pone
1069 1790 1170 1833 naves
1197 1767 1278 1834 loris
1300 1774 1439 1848 tractos,

281 1897 322 1941 ex
344 1877 393 1953 iis,
422 1895 494 1957 quae
518 1881 708 1955 sequuntur,
730 1895 867 1957 prorsus
890 1877 1099 1960 perspicuum
1122 1883 1189 1956 est;
1217 1876 1282 1960 ipsi
1304 1875 1440 1960 quidem

282 1984 410 2066 equites
444 2003 511 2048 nun
543 1989 680 2063 narunt;
714 2002 790 2047 nam
824 1983 852 2047 ei
884 1982 994 2048 nando
1028 1983 1070 2049 ab
1099 1983 1286 2049 hominibus
1312 1981 1438 2049 flumen

280 2092 417 2157 transiri
455 2091 620 2174 potuisset
653 2090 819 2174 nandique
853 2111 966 2156 omnes
998 2092 1097 2174 periti
1130 2090 1285 2170 luissent,
1323 2090 1436 2157 inanis

279 2200 396 2266 fuisset
430 2199 536 2264 omnis
569 2199 701 2263 navium
730 2204 763 2262 et
790 2197 939 2263 lintrium
968 2206 1160 2283 apparatus.
1217 2195 1437 2264 Scribendnm

280 2309 382 2391 igitur
415 2312 481 2372 est:
520 2305 601 2370 Iam
634 2312 803 2390 paratas
834 2341 873 2350 -
901 2305 1079 2372 habebat
1111 2306 1237 2390 pedes
1270 2305 1434 2386 lintres,

283 2437 406 2500 eques
439 2414 524 2479 fere
557 2419 727 2498 propter
761 2434 884 2497 equos
912 2436 1044 2480 naves.
1100 2414 1270 2479 Navium
1297 2432 1439 2496 agmen

225 2568 228 2574 -
282 2527 344 2588 cet.
389 2522 582 2604 (Pleraeque
605 2541 714 2598 naves,
742 2541 807 2584 non
830 2541 942 2586 omnes
966 2522 1131 2606 equitibus
1155 2522 1250 2588 datas
1272 2518 1440 2604 significat

284 2628 434 2721 additum
457 2627 602 2709 sere.)¹)

368 2734 447 2819 Gap.
472 2739 531 2813 28,
566 2740 601 2798 5:
640 2735 813 2800 tradunt
851 2735 1153 2802 ferocissimum
1192 2757 1238 2801 ex
1270 2735 1322 2800 iis
1355 2733 1437 2816 (ele-

280 2842 430 2929 phantis)
463 2843 679 2907 irritatum
708 2842 756 2908 ab
785 2849 946 2909 rectore
977 2866 1058 2924 sno,
1091 2864 1211 2926 quum
1232 2843 1436 2925 refugien-

281 2958 359 3017 tem
391 2953 429 3015 in
463 2971 608 3033 squam
641 2957 806 3016 nantem
841 2960 1096 3034 sequeretur,
1130 2952 1311 3016 traxisse
1344 2971 1436 3033 gre·

280 3081 373 3143 gem.
434 3059 510 3123 Iure
543 3057 711 3123 Walehius
744 3059 854 3139 haeeit;
888 3082 983 3126 nemu
1017 3061 1104 3125 enim
1137 3058 1252 3124 eodem
1285 3065 1435 3143 tempore

280 3175 313 3233 et
345 3166 468 3249 refugit
499 3168 534 3230 in
568 3187 687 3249 aquam
721 3173 755 3231 et
787 3169 852 3233 iam
886 3175 958 3247 nat,
992 3167 1081 3251 quod
1114 3174 1226 3232 tamen
1258 3167 1324 3231 ista
1357 3186 1436 3250 par·

281 3276 472 3361 tieipiorum
506 3275 576 3339 sine
604 3274 723 3359 copula
745 3277 929 3341 coniunctio
953 3274 1125 3359 signifieat.
1179 3273 1333 3340 Debebat
1353 3273 1436 3339 diei:

280 3383 427 3449 deinde
467 3389 626 3447 nantem
666 3390 724 3446 aut
764 3383 898 3448 saltem:
940 3390 980 3448 et
1012 3388 1189 3462 nantem;
1228 3403 1290 3447 nee
1321 3387 1436 3447 tamm
1499 3372 1505 3377 ’

279 3497 365 3572 erat,
406 3511 464 3556 eur
503 3489 566 3555 hoc
605 3489 800 3569 adderetur,
840 3509 942 3555 unum
974 3493 1061 3555 enim
1094 3491 1178 3556 illud
1212 3489 1435 3573 quaerebatur,

278 3621 342 3682 quo
371 3598 467 3664 modo
497 3597 691 3681 elephantus
720 3596 761 3662 ad
791 3618 912 3680 aquam
940 3619 981 3663 ex
1008 3600 1083 3681 ripa
1110 3597 1361 3682 ingrediendam
1394 3597 1434 3662 il·

281 3707 389 3773 lectus
417 3712 517 3772 esset.
572 3705 691 3789 ltaque
719 3725 844 3785 vereor,
899 3726 940 3770 ne
970 3713 1131 3770 nantem
1159 3705 1365 3790 adscriptum
1390 3706 1433 3772 sit

305 3976 329 4045 ¹)
349 3976 425 4047 [Cep.
442 3978 489 4042 27,
511 3979 528 4028 7
550 3976 669 4030 fortasse
687 3975 878 4030 scribendum:
896 4003 930 4015 -
949 3976 1170 4048 significant,
1197 3977 1370 4033 transisse
1398 3993 1432 4031 se

346 4068 380 4116 et
397 4061 488 4116 haud
506 4061 631 4132 procul
650 4062 778 4117 abesse.
817 4059 904 4130 ista]
