3060 5272
729 253 822 353 'as

224 498 365 561 quorum
387 478 420 542 in
443 478 564 543 ceteris
586 477 713 543 nullum
735 477 909 559 vestigium
932 482 991 556 est,
1012 475 1104 541 velut
1126 475 1215 560 quod
1237 477 1272 540 in
1293 475 1380 540 libro

153 592 209 660 (24)
227 585 280 665 IV,
303 588 354 666 28,
376 589 395 649 2
418 606 478 670 pro
500 607 548 666 eo,
570 586 660 671 quod
681 592 770 652 recte
793 585 917 651 editur:
950 584 1243 668 circumagenti
1266 605 1308 650 se
1331 584 1380 649 ad

224 692 413 759 dissonos
447 693 645 759 clamores
679 715 724 760 ac
757 694 918 759 subitos
951 692 1153 758 tumultus
1183 693 1295 758 hosti
1326 691 1380 772 (ex

223 824 288 886 quo
311 803 345 867 in
364 801 489 866 PLlHl
509 802 584 867 aliis
606 800 731 868 factum
753 808 805 868 est
826 802 960 867 minima
979 801 1189 866 aberratione
1212 800 1379 865 circum-

223 916 391 993 agentes
415 910 464 975 ad
486 909 577 991 etc),
606 912 639 975 in
668 909 734 975 illis
756 909 885 975 duobus
907 910 987 976 solis
1011 909 1180 975 codicibus
1204 894 1377 974 scribitur:

223 1024 394 1102 agentes
429 1019 477 1084 ad
511 1018 700 1084 dissonos
734 1019 930 1084 clamores
959 1038 1004 1082 ac
1032 1018 1195 1083 subitos
1225 1018 1379 1083 circum

222 1127 424 1192 tumultus
452 1126 571 1191 hosti.
622 1126 739 1209 Itaque
768 1134 907 1211 uterque
938 1126 1041 1191 codex
1061 1126 1283 1210 transcriptus
1306 1132 1380 1190 erat

222 1257 263 1300 ex
284 1256 350 1300 uno
373 1258 391 1300 e
415 1235 578 1300 communi
601 1235 780 1319 archetypo
803 1240 891 1314 orto,
923 1240 1020 1300 tanta
1042 1233 1306 1319 propinquitate,
1340 1241 1378 1299 ut

221 1343 403 1408 miraturus
424 1365 490 1408 non
512 1342 645 1424 luerim,
675 1344 702 1408 si
726 1344 799 1427 quis
822 1343 1009 1426 suspicatus
1032 1349 1130 1423 esset,
1157 1343 1265 1426 ipsum
1289 1341 1379 1407 codi-

222 1473 292 1517 cem
321 1451 579 1517 Vormutieusem
605 1451 807 1517 Florentiam
840 1451 951 1535 aliquo
985 1470 1064 1516 casu
1094 1450 1264 1545 devectum
1291 1472 1379 1516 nune

221 1559 406 1624 Mediceum
433 1560 611 1644 appellari;
644 1559 703 1624 sed
731 1581 803 1623 eam
831 1560 1050 1642 suspicionem
1072 1559 1168 1625 facile
1190 1558 1379 1626 refellerent

222 1668 363 1732 minores
398 1667 524 1751 aliquot
553 1668 795 1751 discrepantius,
829 1667 919 1732 velut
952 1669 1035 1733 satis
1065 1669 1200 1752 insignis
1230 1669 1263 1733 in
1291 1667 1377 1733 libro

222 1775 280 1855 IV,
311 1780 351 1839 32
380 1777 451 1840 init.
475 1798 549 1841 cum
578 1777 651 1859 ipso
674 1776 909 1841 communionis
931 1774 1052 1841 indicio
1076 1777 1267 1856 coniuncta;
1300 1798 1377 1841 nam

222 1884 392 1949 adnotatio
415 1884 606 1968 marginalis
622 1883 740 1948 horum
759 1883 907 1948 codicum
926 1885 1060 1968 propria
1078 1885 1125 1949 sic
1143 1885 1377 1969 interponitur,

221 1999 259 2057 ut
286 1993 320 2056 in
348 1992 382 2057 M
410 1999 571 2076 praeterea
604 1993 799 2057 omittantur
826 1992 927 2056 verba
956 1992 1098 2075 ingens
1126 1997 1214 2057 erat
1242 1994 1377 2058 accito

222 2102 424 2178 exercitu,
458 2121 531 2185 quae
558 2101 592 2165 in
614 2100 766 2165 Rhenani
794 2107 904 2179 erant,
937 2099 1054 2184 bisque
1084 2107 1229 2184 ponatur
1256 2101 1376 2165 abeis

221 2208 256 2288 (a
278 2208 420 2290 Veiis);
455 2208 565 2293 plures
594 2229 641 2274 cae
665 2207 893 2292 discrepantiae
916 2215 1043 2285 essent,
1076 2209 1104 2273 si
1127 2209 1247 2293 sapius
1270 2215 1304 2274 et
1327 2208 1376 2273 di-

223 2318 374 2383 stinctius
402 2317 580 2382 Rhenanus
611 2315 732 2381 codicis
762 2318 944 2401 scripturas
973 2317 1146 2401 posuisset.
1203 2316 1268 2383 Sed
1295 2338 1376 2401 quo·

220 2427 309 2490 niam
327 2425 477 2490 Rhenuni
500 2424 601 2490 codex
625 2445 701 2489 raro
724 2430 1010 2504 commemoratur,
1033 2431 1067 2490 et
1090 2426 1257 2509 separatio
1279 2424 1377 2489 huius

222 2535 336 2618 stirpis
360 2554 380 2598 a
403 2535 520 2598 ceteris
544 2541 578 2598 et
599 2535 753 2598 universa
774 2534 959 2618 proprietas
982 2533 1111 2617 plenius
1134 2533 1320 2618 clariusque
1341 2533 1376 2598 in

221 2663 286 2707 uno
309 2641 343 2706 M
366 2642 585 2706 demonstrari
607 2648 728 2726 potest.
783 2641 892 2726 Atque
923 2640 966 2705 ad
995 2643 1232 2707 seiunctionem
1261 2642 1376 2725 stirpis

222 2748 456 2815 declarandam
498 2749 580 2814 nihil
621 2751 726 2833 magis
765 2751 976 2834 perspicuum
1014 2770 1086 2815 esse
1125 2756 1237 2835 potest
1276 2770 1376 2833 quam

220 2859 496 2943 transpositiones
535 2859 607 2924 duae
639 2857 793 2923 foliorum
826 2858 970 2942 aliquot,
1012 2879 1152 2942 quarum
1189 2859 1224 2924 in
1257 2858 1376 2924 ceteris

221 2966 347 3032 nullum
369 2972 422 3032 est
443 2968 625 3050 vestigium.
667 2967 751 3031 Nam
773 2988 846 3051 quae
869 2988 890 3031 a
911 2967 997 3032 libro
1014 2966 1085 3046 VH,
1109 2972 1140 3044 4,
1164 2970 1182 3031 6
1206 2966 1375 3048 (naturae

222 3075 404 3158 damnum
427 3074 502 3156 cet.)
526 3074 569 3140 ad
593 3079 643 3154 14,
665 3079 684 3137 8
708 3074 836 3158 (quam
858 3075 906 3140 ab
930 3097 970 3141 se
994 3097 1037 3141 ao
1059 3074 1115 3156 —)
1138 3074 1305 3158 leguntur,
1333 3095 1374 3140 ea

221 3184 254 3248 in
276 3184 310 3249 M
333 3204 392 3249 suo
421 3183 492 3249 loco
522 3183 645 3248 omissa
672 3182 744 3265 (ubi
766 3184 800 3248 in
822 3184 968 3268 margine
991 3185 1172 3250 recentiore
1194 3204 1294 3248 manu
1317 3182 1375 3247 ad·

219 3299 371 3358 notatur:
405 3313 482 3358 non
512 3292 728 3357 continuat
755 3313 895 3358 novum
918 3300 958 3359 et
980 3291 1150 3358 multum
1173 3289 1374 3372 deficit)¹)

221 3407 337 3485 postea
363 3401 618 3484 interponuntur
645 3401 678 3464 in
706 3421 777 3485 cap.
802 3405 860 3481 25,
888 3407 910 3465 4
936 3403 1025 3466 inter
1052 3399 1197 3485 syllabas
1224 3397 1375 3465 vocabuli

220 3508 278 3573 An
298 3544 342 3553 —
363 3509 502 3587 tiatis;
537 3528 609 3592 quse
639 3515 750 3573 autem
777 3508 862 3573 libro
886 3507 932 3572 Ill
954 3506 1110 3592 leguntur
1131 3528 1152 3572 a
1174 3529 1246 3593 cap.
1271 3513 1325 3588 14,
1354 3512 1373 3572 2

221 3616 383 3697 (audita
404 3613 585 3700 perinde)
608 3636 714 3698 usqne
736 3615 779 3680 ad
800 3614 898 3680 finem
920 3635 992 3699 cap.
1010 3618 1050 3678 22
1071 3614 1258 3697 (Plistica
1279 3615 1374 3702 per),

221 3745 262 3790 ea
288 3724 398 3791 omnia
425 3722 589 3788 translata
617 3729 695 3787 sunt
723 3723 756 3787 in
784 3743 856 3806 cap.
886 3727 944 3803 40,
972 3726 1028 3803 20,
1057 3723 1185 3791 divulso
1214 3726 1374 3791 vocabulo

250 4004 273 4072 ¹)
291 4005 458 4062 Recentiore
474 4023 560 4060 manu
576 4004 638 4059 hac
656 4005 762 4072 scripta
779 4019 841 4057 esre
856 4004 884 4059 h.
902 4004 921 4058 l.
939 4005 1133 4062 Alschefskiur
1151 4021 1209 4061 non
1226 4005 1304 4074 dicit,
1322 4006 1373 4061 sed

290 4091 326 4146 ad
343 4093 405 4146 libr.
424 4092 472 4159 lx,
493 4095 532 4158 14,
557 4093 574 4144 2
592 4088 711 4145 similem
730 4088 943 4146 adnotationem
962 4097 1062 4162 quarta
1078 4108 1164 4146 manu
1183 4090 1245 4160 (nec
1264 4091 1372 4147 librarii

289 4195 342 4233 nec
360 4177 443 4247 primi
463 4178 613 4232 alteriusve
632 4174 811 4241 correctoris)
828 4177 963 4247 scriptam
981 4194 1044 4234 esse
1061 4178 1110 4232 sit.
