3060 5272
719 797 760 859 83
1185 812 1248 868 nse.
1266 813 1315 868 111.

157 977 269 1044 Livius
290 977 347 1046 bic
370 979 415 1046 ad
435 978 572 1046 eandem
593 979 734 1048 formam
756 982 928 1067 scripserit
949 989 1049 1067 atque
1071 984 1131 1064 VI,
1162 989 1211 1065 16,
1241 987 1261 1048 2
1284 991 1317 1051 et

159 1084 348 1169 XXXVIII,
378 1094 433 1169 51,
460 1093 479 1153 8
503 1087 565 1170 (ad
592 1089 725 1156 Iovem
755 1089 792 1155 Ο.
815 1090 858 1155 Μ.
882 1090 1158 1175 Iunonemque
1187 1099 1227 1158 et
1248 1092 1316 1158 Mi·

159 1215 321 1261 nervam
362 1204 606 1281 ceterosque
640 1196 767 1281 deos),
806 1219 906 1283 quarn
938 1205 1116 1264 tenuerunt
1149 1201 1249 1266 etiam
1282 1207 1317 1266 et

159 1298 274 1369 (litero
295 1325 359 1388 pro
384 1304 481 1371 domo
504 1326 531 1370 c.
556 1309 607 1385 57,
637 1311 698 1370 144
721 1313 754 1372 et
776 1306 928 1372 Valerius
949 1306 1035 1372 Max.
1054 1308 1090 1387 V,
1116 1312 1155 1372 10
1178 1307 1315 1375 domest.

160 1414 195 1490 2,
228 1418 373 1496 uterque
407 1412 449 1479 cb
484 1413 584 1478 aliam
617 1434 753 1480 causam
787 1437 808 1480 a
841 1415 1113 1480 Drakenborchio
1147 1415 1315 1497 citatus.¹)

158 1517 218 1598 IV,
251 1522 291 1583 42
315 1520 388 1586 init.
440 1518 524 1586 Sex.
547 1519 823 1606 Tempanium,
856 1523 894 1586 A.
920 1521 1103 1603 Sellium,
1127 1522 1210 1588 Sex.
1234 1523 1383 1599 Διὶ-(68)

158 1626 319 1691 tistium
348 1635 389 1693 et
412 1626 472 1712 Sp.
495 1627 668 1716 Icilium.
718 1629 791 1696 Duo
814 1636 983 1714 postrema
1005 1632 1139 1697 nomina
1161 1631 1196 1695 in
1218 1631 1315 1697 bonis

157 1732 329 1800 codicibus
359 1736 407 1801 sic
435 1736 641 1802 scribuntur:
676 1742 714 1801 et
737 1736 964 1803 Antistium
993 1744 1032 1802 et
1055 1736 1314 1822 Spurillium

158 1848 297 1926 apparet
333 1849 376 1908 et
402 1851 512 1908 crtum
541 1864 627 1923 esse,
661 1864 763 1926 quum
797 1852 836 1911 et
863 1844 1084 1909 Antistium
1114 1845 1314 1910 scriberetur

159 1956 193 2015 et
226 1947 454 2034 Spurillius
488 1973 550 2035 pro
583 1972 648 2017 unc
675 1953 805 2017 nomine
839 1954 1053 2036 acciperetur.
1109 1951 1152 2030 V,
1188 1955 1242 2031 13,
1277 1957 1312 2016 6:

156 2057 391 2141 Apollinem
413 2058 691 2141 Latonamque
714 2066 754 2124 et
777 2060 955 2138 Dianam,
972 2058 1198 2138 Herculem,
1216 2057 1313 2124 Mer·

157 2164 311 2230 curium
341 2172 465 2250 atque
487 2164 723 2250 Neptunum.
781 2165 888 2244 Quum
916 2167 1012 2251 paria
1039 2167 1176 2231 deorum
1203 2166 1312 2232 tribus

156 2272 251 2338 lactis
283 2273 518 2339 accubantium
546 2272 707 2339 nominari
736 2273 893 2353 debeant,
925 2272 1134 2357 Kreyssigius
1163 2276 1311 2359 scripsit:

155 2379 390 2464 Apollinem
407 2381 697 2465 Latonamque,
715 2380 884 2446 Dianam
908 2388 947 2446 et
970 2380 1196 2462 Herculem,
1214 2382 1311 2447 Mer·

157 2488 312 2553 curium
336 2494 458 2570 atque
474 2488 714 2573 Neptunum,
736 2488 939 2572 transposito
962 2495 1010 2567 et,
1033 2509 1106 2572 qna
1123 2489 1313 2554 coniectura

156 2595 254 2678 plane
282 2594 497 2662 confirmatur
519 2596 668 2680 Dionysii
691 2594 795 2660 Helio.
820 2596 1064 2679 comparatione
1086 2594 1164 2674 XII,
1193 2600 1222 2659 9.
1273 2596 1311 2673 V,

156 2706 213 2783 25,
246 2706 351 2787 2prc
375 2724 429 2783 ec,
464 2703 555 2788 quod
578 2709 678 2768 antea
701 2703 876 2769 edebatur:
909 2703 1013 2787 peti,
1045 2701 1165 2766 feriri
1188 2708 1311 2784 atque

158 2809 309 2890 occidi,
349 2809 479 2877 codices
518 2816 552 2876 et
584 2810 664 2876 boni
697 2817 731 2875 et
764 2811 964 2875 deteriorum
996 2809 1145 2894 plerique
1177 2808 1311 2887 habent,

156 2918 246 2999 quod
270 2939 357 2983 nunc
378 2919 568 2984 restitutum
592 2924 658 2983 est:
692 2919 777 3002 peti
799 2915 1001 3001 feririque
1024 2923 1146 3000 atque
1170 2914 1310 2981 occidi.

154 3024 225 3105 VII,
254 3029 306 3105 21,
337 3030 373 3089 6:
402 3023 437 3089 C.
460 3025 660 3104 Duillius,
690 3025 725 3088 P.
748 3025 896 3090 Decius
919 3025 1014 3104 Mus,
1041 3024 1084 3089 M.
1108 3023 1310 3107 Papirius,

156 3131 193 3208 Q.
216 3131 427 3198 Publilius
451 3139 490 3198 ct
510 3132 547 3196 T.
571 3132 777 3212 AEmilius3
811 3153 851 3196 ex
878 3139 906 3211 t,
940 3139 978 3197 ut
999 3132 1094 3212 alibi,
1124 3138 1232 3196 ortum
1256 3139 1309 3212 et3

153 3259 231 3303 nam
265 3240 522 3306 Weissenbornii
561 3239 718 3319 artificio,
759 3239 907 3323 plebeios
941 3260 961 3303 a
994 3240 1142 3322 patriciis
1181 3239 1310 3305 duobus

154 3347 377 3413 enumerando
411 3356 584 3432 separatos
618 3348 783 3430 putantis,
822 3368 888 3411 non
921 3354 1006 3412 utor.
1067 3346 1144 3427 VD,
1180 3349 1235 3426 30,
1268 3349 1309 3409 23

155 3452 357 3534 (salutem,
387 3456 616 3536 victoriam,
644 3453 774 3519 lucem
797 3475 842 3519 ac
864 3454 1116 3535 libertatem)
1140 3455 1207 3520 duo
1231 3460 1310 3518 sunt

154 3560 307 3626 binarum
335 3582 451 3627 vocum
479 3562 624 3641 ordines,
658 3562 698 3626 de
726 3583 791 3646 qno
813 3583 931 3646 genere
955 3562 1034 3626 alibi
1058 3562 1135 3625 dixi.
1190 3560 1310 3641 XXIII,

155 3671 207 3747 23,
231 3672 265 3732 3:
301 3668 394 3745 Qua
417 3670 684 3736 immoderata
705 3669 805 3748 fors,
834 3676 990 3753 tempus
1013 3689 1057 3733 ac
1079 3669 1309 3733 necessitas

154 3775 318 3854 iecerit,
347 3776 398 3840 iis
427 3797 468 3841 se
496 3775 653 3843 modum
680 3777 980 3861 impositurum.
1025 3775 1183 3858 Apparet,
1216 3773 1308 3840 nullo

154 3882 253 3949 modo
276 3882 393 3949 ecdem
416 3883 505 3966 loco,
537 3905 604 3968 qno
632 3891 762 3968 tempus
791 3905 831 3948 ac
858 3883 1038 3947 necessitas
1067 3881 1253 3946 habeantur
1275 3883 1309 3946 in

154 3990 365 4058 excusatione
387 4013 454 4058 non
477 3999 613 4056 servata
630 3992 783 4075 legitima
801 3990 1055 4069 consuetudinis,
1078 3988 1193 4054 haberi
1212 4009 1308 4071 posse

153 4098 322 4164 somonam
351 4105 384 4164 et
412 4119 523 4165 casum
551 4120 612 4164 neo
640 4121 714 4164 cnm
737 4099 802 4164 illis
826 4098 912 4182 (quae
935 4099 1050 4164 eodem
1072 4096 1169 4163 modo
1193 4095 1308 4175 XXIV,

183 4304 206 4372 ¹)
222 4303 275 4373 IV,
300 4308 330 4374 8,
352 4306 371 4358 7
391 4306 494 4360 iniurIa
515 4307 545 4360 in
566 4306 620 4362 hac
637 4323 667 4360 re
686 4307 802 4373 citatur;
829 4324 918 4376 neque
938 4307 1011 4360 enim
1030 4307 1069 4360 ibi
1089 4323 1145 4360 una
1164 4304 1236 4359 serie
1254 4306 1309 4358 tria

221 4396 381 4460 ponuntnr;
407 4390 459 4446 scd
486 4391 608 4461 primum
636 4388 673 4445 ad
699 4391 906 4461 praecedentem
934 4391 1130 4447 condicionem
1152 4390 1214 4445 baec
1236 4388 1305 4445 raic-

222 4479 325 4530 runtur
347 4475 474 4546 graviter
496 4476 651 4546 geminata:
683 4481 777 4530 stare
800 4475 881 4529 urbs
904 4477 974 4530 haee
996 4494 1063 4530 non
1086 4474 1240 4546 poterit?
1268 4475 1307 4530 da

222 4560 370 4630 Imperio
389 4566 500 4616 actum
519 4562 592 4615 est?
611 4558 712 4614 deinde
730 4561 866 4631 tranpitur
884 4559 920 4614 ad
937 4577 1039 4613 novam
1059 4561 1307 4631 interrogationem

223 4644 258 4699 de
276 4646 488 4716 comparatione
504 4646 611 4716 plebeii
630 4646 754 4699 consulis
773 4650 802 4698 et
819 4644 944 4698 libertini
963 4650 1012 4698 aut
1030 4646 1109 4699 servi.

1044 4747 1077 4800 6*
