3060 5272
236 364 299 417 Lib.
317 364 430 418 XXXII.
785 354 846 417 482

239 536 340 618 sigius
369 535 414 600 de
442 534 562 600 rebus
591 537 628 600 in
658 535 795 602 Gallia
822 556 1022 618 prospere
1052 533 1180 617 gestis
1212 534 1408 617 scripsit.¹)

238 642 280 707 Et
302 643 482 706 modestius
505 652 539 707 et
560 646 682 707 rectius
704 643 776 707 fiet:
811 643 855 706 de
883 642 1005 706 rebus
1034 644 1072 705 in
1095 640 1235 707 Gallia
1262 642 1406 725 gestis

238 770 351 829 prope
385 749 458 814 sub
486 749 589 813 idem
618 757 775 833 tempus
805 750 842 813 R.
866 769 895 813 a.
951 750 1026 814 Non
1061 748 1130 814 fere
1158 748 1265 813 minus
1294 747 1408 815 facile

239 862 482 921 commutantur
527 878 722 940 prospere
762 863 796 921 et
835 877 961 939 prope
1007 877 1106 938 quam
1145 875 1321 938 propere
1364 862 1407 921 at

153 980 223 1047 (aaa)
242 986 379 1048 prope,
412 984 551 1047 quorum
579 971 841 1046 permutatorum
864 964 1013 1046 exempla
1034 961 1328 1027 Drakenborchius
1352 962 1404 1029 ad

239 1070 387 1147 XXXIX,
417 1075 466 1147 31,
497 1076 516 1134 4
539 1071 686 1154 collegit3
720 1092 923 1154 quamquam
946 1071 1103 1153 exemplis
1126 1071 1160 1134 in
1182 1069 1244 1134 tali
1266 1089 1303 1134 re
1326 1091 1402 1137 non

238 1177 333 1241 valde
357 1199 439 1260 opus
463 1177 560 1258 estll

325 1283 404 1369 Cap.
428 1290 478 1363 40,
507 1290 537 1347 l:
572 1285 625 1350 De
648 1286 765 1368 Argis
789 1304 949 1367 quoque
973 1284 1226 1366 disceptatio
1250 1282 1300 1347 ab
1323 1283 1402 1349 At-

239 1392 324 1457 talo
353 1413 447 1473 rege
477 1401 537 1456 cst
559 1399 679 1463 mota,
715 1414 833 1475 quum
856 1392 999 1458 fraude
1021 1390 1222 1456 Philoclis
1252 1390 1412 1473 prodi-¹

239 1508 319 1563 tam
349 1499 485 1563 urbem
514 1500 549 1561 vi
578 1498 625 1563 ab
655 1520 699 1563 eo
729 1500 885 1580 (Nabide)
914 1500 1048 1565 teneri
1077 1503 1285 1580 argueret,
1320 1497 1402 1565 ille

240 1607 287 1671 ab
316 1607 418 1690 ipsis
448 1607 622 1687 Argivis,
651 1614 693 1670 ut
724 1629 763 1672 se
793 1607 1046 1684 defenderet,
1076 1607 1261 1669 accitum.
1314 1604 1398 1671 Per-

240 1733 338 1795 quam
379 1713 459 1776 dure
494 1733 533 1776 ex
568 1722 762 1794 argueret
800 1715 936 1778 auditur
970 1715 1128 1778 diceret
1161 1710 1248 1792 (curn
1281 1711 1401 1778 defen-

240 1818 362 1898 sioue);
397 1840 498 1902 prave
526 1841 662 1902 prorsus
692 1822 786 1886 deest
808 1821 991 1885 subiectum
1014 1820 1182 1904 participii
1205 1820 1399 1897 accitum,

240 1947 340 2010 quum
374 1928 557 2009 praesertim
591 1929 677 1992 inter
711 1950 745 1993 se
779 1931 946 1993 contraria
978 1928 1047 1992 haec
1080 1926 1194 1991 referri
1223 1925 1399 2007 deberent,

239 2034 376 2127 urbem
410 2034 609 2117 proditam
643 2043 676 2100 et
707 2056 746 2099 se
780 2037 966 2099 accitum.
1023 2034 1146 2117 Neque,
1180 2041 1218 2096 ut
1251 2034 1397 2115 Argivos

241 2141 445 2221 defenderet,
480 2164 514 2206 se
543 2144 683 2207 accitum
713 2143 820 2207 dicere
842 2142 945 2207 Nabis
975 2150 1106 2225 poterat
1133 2140 1304 2223 (quoniam
1326 2140 1398 2207 iam

240 2252 273 2313 in
297 2249 513 2314 Macedonum
536 2255 702 2333 potestate
726 2250 844 2330 erant),
869 2250 925 2313 sed
948 2256 985 2314 ut
1007 2249 1171 2313 liberaret.
1225 2246 1289 2312 Sed
1312 2248 1399 2331 quid

243 2358 442 2439 argumentis
465 2365 555 2435 utor,
589 2378 686 2438 quum
715 2379 791 2422 vera
820 2358 986 2440 scriptura
1016 2355 1165 2420 omnibus
1189 2355 1338 2437 apicibus
1363 2356 1401 2421 in

242 2464 269 2527 B
293 2470 409 2543 exstet,
432 2485 538 2545 neque
561 2467 595 2527 iu
618 2465 673 2528 illo
699 2464 814 2543 solum,
838 2465 897 2528 sed
921 2464 953 2527 in
976 2463 1144 2546 plerisque
1167 2460 1274 2541 (Pall,
1296 2461 1400 2527 Lovv.

242 2570 661 2649 tribus‚Harl.‚Ilcadianis
675 2571 870 2651 ambobus)?
888 2568 941 2634 Sic
953 2572 1038 2634 enim
1052 2569 1115 2634 illi:
1133 2568 1206 2633 ille
1224 2568 1270 2633 ab
1288 2569 1400 2651 ipsis

242 2679 401 2759 Argivis
425 2698 466 2742 se
489 2677 728 2742 defenderet
752 2679 935 2755 accitum,
957 2676 1020 2740 hoo
1043 2684 1103 2755 est,
1127 2676 1399 2759 pervagatissImo

243 2785 334 2849 serbi
357 2805 435 2862 usu,
471 2784 663 2849 defendendi
694 2807 793 2850 causa
820 2786 953 2849 (liceret.
1010 2784 1083 2863 (Iis,
1118 2802 1190 2866 quse
1220 2785 1253 2846 iu
1281 2781 1402 2849 lexicis

272 3006 294 3069 ¹)
314 3004 356 3056 W.
376 3005 405 3056 in
424 3004 513 3058 altera
531 3004 654 3058 editione
673 3006 827 3073 comparari
846 3004 926 3058 iubet
944 3003 1022 3056 locos
1040 3019 1155 3072 prorsus
1175 3001 1335 3055 dissimiles.

271 3089 295 3156 ¹)
314 3088 342 3142 C.
362 3092 408 3155 32,
432 3092 449 3142 6
467 3089 662 3143 abstinendum
681 3094 724 3143 ast
743 3089 921 3142 coniecturis.
967 3086 1118 3141 Gravata
1140 3102 1198 3140 non
1216 3085 1252 3139 ad
1270 3085 1395 3139 animum

312 3175 434 3242 Quinctii
459 3176 593 3244 pertinet,
621 3174 670 3227 sed
695 3173 731 3226 ad
754 3174 890 3242 speciem,
918 3189 1000 3239 quam
1024 3190 1082 3241 prce
1107 3190 1136 3225 se
1160 3169 1275 3224 ferebat
1321 3169 1396 3225 Con·

312 3261 396 3315 cessit
413 3261 488 3313 enim
507 3261 576 3329 regi,
595 3263 626 3311 ut
643 3259 878 3325 colloquerentur,
898 3260 1013 3325 gravate
1032 3262 1061 3310 et
1079 3256 1156 3323 quasi
1175 3255 1283 3322 nolens,
1301 3272 1401 3323 quam-

313 3362 397 3413 quam
420 3361 518 3414 reapse
541 3344 714 3411 colloquium
738 3342 807 3397 satis
828 3342 883 3410 ipsi
902 3340 937 3393 ad
956 3357 1002 3407 ea,
1030 3358 1091 3409 quoe
1110 3340 1271 3408 cogitabat,
1298 3344 1399 3408 aptum

313 3431 467 3485 ridebatur.
514 3428 557 3482 Ea
588 3430 630 3481 vis
662 3432 706 3481 est
737 3427 939 3496 particularum
970 3442 1035 3479 non
1064 3426 1161 3493 quin,
1193 3424 1270 3478 nullo
1298 3424 1401 3479 addito

313 3515 403 3569 altero
423 3514 557 3567 orationis
576 3513 710 3566 membro.
747 3509 774 3579 [§
795 3514 840 3565 15:
863 3510 961 3564 Istuc
980 3509 1125 3577 quidem,
1145 3510 1195 3562 sit
1212 3508 1400 3577 Romanus,

314 3616 373 3668 par
402 3598 556 3653 omnibus
586 3596 778 3665 perieulum
802 3602 853 3649 est
873 3622 921 3661 -‚
952 3594 981 3647 si
1008 3593 1106 3646 nulla
1132 3592 1222 3647 fides
1250 3594 1303 3648 sit
1350 3590 1400 3649 sio

313 3684 354 3737 W.
373 3701 407 3737 ex
432 3684 462 3737 Β.
507 3681 562 3735 Sed
588 3698 680 3748 neque
710 3680 906 3735 coniunctivus
932 3682 1026 3732 rectus
1054 3684 1148 3732 estet
1171 3682 1233 3731 tots
1255 3676 1400 3732 sententia

314 3766 517 3823 condicionalis
549 3783 644 3835 prava,
674 3766 831 3833 periculum
858 3762 982 3833 perfidiae
1010 3779 1080 3827 esse,
1108 3763 1131 3815 si
1149 3762 1227 3816 nulla
1253 3760 1322 3815 fides
1350 3762 1397 3815 sit.

314 3854 445 3908 Gelenius
463 3850 582 3919 („lege“)
602 3856 639 3904 ut
657 3850 754 3904 nulla
772 3849 789 3902 I.
809 3868 839 3911 s,
858 3848 939 3902 codd.
959 3847 1066 3915 aliquot
1083 3864 1154 3900 rece.
1173 3853 1211 3901 ut
1232 3848 1267 3900 in
1290 3845 1398 3900 nullo.

315 3938 404 3991 Credo
431 3952 512 4005 paene
538 3934 635 3989 luisse:
666 3951 706 3987 ne
737 3934 833 3987 nulla
865 3932 955 3985 fides
982 3933 1041 3995 sit,
1075 3933 1233 4000 omissoque
1265 3950 1305 3986 ne
1331 3934 1398 3985 ante

314 4022 411 4077 nulla
429 4021 464 4074 ab
483 4020 544 4073 aliis
563 4025 607 4079 ut,
626 4019 662 4072 ali
681 4018 742 4071 aliis
761 4019 790 4071 si
809 4016 950 4072 adiectum
968 4034 1037 4071 esse.
1065 4016 1130 4084 Cap.
1149 4018 1191 4083 39,
1209 4020 1226 4069 2
1244 4014 1400 4085 repetenda

315 4105 473 4161 necessario
502 4105 667 4174 praepositio
696 4110 762 4157 ante
787 4103 942 4156 Attalum
970 4102 1021 4167 (ad
1049 4102 1230 4167 Attalum),
1265 4100 1401 4169 quoniam

315 4192 530 4260 distinguuntur
548 4190 675 4242 homines
695 4189 812 4243 diversis
830 4188 900 4241 loeis
919 4192 1042 4256 agentes.
1081 4184 1166 4254 moa]
