<?xml version="1.0" encoding="UTF-8"?>
<!DOCTYPE html PUBLIC "-//W3C//DTD XHTML 1.0 Transitional//EN"
    "http://www.w3.org/TR/xhtml1/DTD/xhtml1-transitional.dtd">
<html xmlns="http://www.w3.org/1999/xhtml" xml:lang="en" lang="en">
 <head>
  <title>
</title>
<meta http-equiv="Content-Type" content="text/html;charset=utf-8" />
  <meta name='ocr-system' content='tesseract 3.04.00' />
  <meta name='ocr-capabilities' content='ocr_page ocr_carea ocr_par ocr_line ocrx_word'/>
</head>
<body>
  <div class='ocr_page' id='page_1' title='image "./emendationesliv01madvgoog_0223.png"; bbox 0 0 3060 5272; ppageno 0'>
   <div class='ocr_carea' id='block_1_1' title="bbox 232 330 846 395">
    <p class='ocr_par' dir='ltr' id='par_1_1' title="bbox 232 330 846 395">
     <span class='ocr_line' id='line_1_1' title="bbox 232 330 846 395; baseline -0.008 -1"><span class='ocrx_word' id='word_1_1' title='bbox 232 340 294 395; x_wconf 85' lang='lat' dir='ltr'>le.</span> <span class='ocrx_word' id='word_1_2' title='bbox 313 339 362 392; x_wconf 86' lang='lat' dir='ltr'>IX.</span> <span class='ocrx_word' id='word_1_3' title='bbox 783 330 846 389; x_wconf 78' lang='lat'>214</span> 
     </span>
    </p>
   </div>
   <div class='ocr_carea' id='block_1_2' title="bbox 151 509 1394 2530">
    <p class='ocr_par' dir='ltr' id='par_1_2' title="bbox 233 509 1394 2317">
     <span class='ocr_line' id='line_1_2' title="bbox 236 509 1394 588; baseline -0.003 -12"><span class='ocrx_word' id='word_1_4' title='bbox 236 512 314 577; x_wconf 89' lang='lat' dir='ltr'>dere</span> <span class='ocrx_word' id='word_1_5' title='bbox 337 512 510 588; x_wconf 85' lang='lat' dir='ltr'>voluisset,</span> <span class='ocrx_word' id='word_1_6' title='bbox 545 511 578 574; x_wconf 93' lang='lat' dir='ltr'>in</span> <span class='ocrx_word' id='word_1_7' title='bbox 608 510 746 575; x_wconf 84' lang='lat' dir='ltr'>eundem</span> <span class='ocrx_word' id='word_1_8' title='bbox 775 512 946 576; x_wconf 85' lang='lat' dir='ltr'>sentcntiae</span> <span class='ocrx_word' id='word_1_9' title='bbox 975 510 1084 575; x_wconf 91' lang='lat' dir='ltr'>locum</span> <span class='ocrx_word' id='word_1_10' title='bbox 1105 509 1293 574; x_wconf 86' lang='lat' dir='ltr'>necessario</span> <span class='ocrx_word' id='word_1_11' title='bbox 1316 529 1394 574; x_wconf 91' lang='lat' dir='ltr'>con·</span> 
     </span>
     <span class='ocr_line' id='line_1_3' title="bbox 233 618 1393 702; baseline -0.004 -18"><span class='ocrx_word' id='word_1_12' title='bbox 233 621 367 685; x_wconf 86' lang='lat' dir='ltr'>iecisset</span> <span class='ocrx_word' id='word_1_13' title='bbox 396 624 429 683; x_wconf 89' lang='lat' dir='ltr'>ot</span> <span class='ocrx_word' id='word_1_14' title='bbox 459 618 507 682; x_wconf 88' lang='lat' dir='ltr'>sic</span> <span class='ocrx_word' id='word_1_15' title='bbox 536 619 776 683; x_wconf 88' lang='lat' dir='ltr'>coniunxisset:</span> <span class='ocrx_word' id='word_1_16' title='bbox 811 620 1050 702; x_wconf 86' lang='lat' dir='ltr'>priusquam</span> <span class='ocrx_word' id='word_1_17' title='bbox 1078 619 1393 683; x_wconf 71' lang='lat' dir='ltr'>nominarentur</span> 
     </span>
     <span class='ocr_line' id='line_1_4' title="bbox 234 726 1393 811; baseline -0.003 -18"><span class='ocrx_word' id='word_1_18' title='bbox 234 727 340 811; x_wconf 88' lang='lat' dir='ltr'>apud</span> <span class='ocrx_word' id='word_1_19' title='bbox 369 726 629 804; x_wconf 85' lang='lat' dir='ltr'>dictatorem,</span> <span class='ocrx_word' id='word_1_20' title='bbox 665 727 748 791; x_wconf 88' lang='lat' dir='ltr'>sive</span> <span class='ocrx_word' id='word_1_21' title='bbox 782 727 904 791; x_wconf 89' lang='lat' dir='ltr'>timor</span> <span class='ocrx_word' id='word_1_22' title='bbox 933 747 1002 791; x_wconf 85' lang='lat' dir='ltr'>sen</span> <span class='ocrx_word' id='word_1_23' title='bbox 1032 727 1299 791; x_wconf 87' lang='lat' dir='ltr'>conscientias</span> <span class='ocrx_word' id='word_1_24' title='bbox 1325 727 1393 803; x_wconf 84' lang='lat' dir='ltr'>vis,</span> 
     </span>
     <span class='ocr_line' id='line_1_5' title="bbox 233 832 1391 916; baseline -0.003 -16"><span class='ocrx_word' id='word_1_25' title='bbox 233 856 341 900; x_wconf 87' lang='lat' dir='ltr'>mors</span> <span class='ocrx_word' id='word_1_26' title='bbox 382 839 493 898; x_wconf 90' lang='lat' dir='ltr'>certe</span> <span class='ocrx_word' id='word_1_27' title='bbox 532 833 579 898; x_wconf 87' lang='lat' dir='ltr'>ab</span> <span class='ocrx_word' id='word_1_28' title='bbox 613 834 715 916; x_wconf 87' lang='lat' dir='ltr'>ipsis</span> <span class='ocrx_word' id='word_1_29' title='bbox 749 835 942 899; x_wconf 79' lang='lat' dir='ltr'>conscita</span> <span class='ocrx_word' id='word_1_30' title='bbox 976 834 1134 899; x_wconf 92' lang='lat' dir='ltr'>iudicio</span> <span class='ocrx_word' id='word_1_31' title='bbox 1169 832 1391 898; x_wconf 82' lang='lat' dir='ltr'>subtraxit.</span> 
     </span>
     <span class='ocr_line' id='line_1_6' title="bbox 233 938 1393 1023; baseline -0.002 -16"><span class='ocrx_word' id='word_1_32' title='bbox 233 943 319 1007; x_wconf 89' lang='lat' dir='ltr'>Nam</span> <span class='ocrx_word' id='word_1_33' title='bbox 349 947 461 1005; x_wconf 86' lang='lat' dir='ltr'>corte</span> <span class='ocrx_word' id='word_1_34' title='bbox 490 947 561 1004; x_wconf 91' lang='lat' dir='ltr'>tum</span> <span class='ocrx_word' id='word_1_35' title='bbox 592 938 766 1004; x_wconf 86' lang='lat' dir='ltr'>dicendum</span> <span class='ocrx_word' id='word_1_36' title='bbox 788 941 920 1018; x_wconf 86' lang='lat' dir='ltr'>fuisset,</span> <span class='ocrx_word' id='word_1_37' title='bbox 954 947 992 1006; x_wconf 92' lang='lat' dir='ltr'>ut</span> <span class='ocrx_word' id='word_1_38' title='bbox 1016 940 1277 1023; x_wconf 86' lang='lat' dir='ltr'>significaretur,</span> <span class='ocrx_word' id='word_1_39' title='bbox 1311 940 1393 1005; x_wconf 87' lang='lat' dir='ltr'>nihil</span> 
     </span>
     <span class='ocr_line' id='line_1_7' title="bbox 235 1047 1393 1131; baseline -0.004 -16"><span class='ocrx_word' id='word_1_40' title='bbox 235 1050 277 1115; x_wconf 90' lang='lat' dir='ltr'>ad</span> <span class='ocrx_word' id='word_1_41' title='bbox 299 1071 369 1114; x_wconf 87' lang='lat' dir='ltr'>rem</span> <span class='ocrx_word' id='word_1_42' title='bbox 391 1047 566 1131; x_wconf 88' lang='lat' dir='ltr'>pertinere,</span> <span class='ocrx_word' id='word_1_43' title='bbox 595 1053 706 1112; x_wconf 89' lang='lat' dir='ltr'>utrum</span> <span class='ocrx_word' id='word_1_44' title='bbox 727 1047 861 1128; x_wconf 76' lang='lat' dir='ltr'>fnisset3</span> <span class='ocrx_word' id='word_1_45' title='bbox 895 1069 982 1112; x_wconf 89' lang='lat' dir='ltr'>nnnc</span> <span class='ocrx_word' id='word_1_46' title='bbox 1005 1047 1039 1112; x_wconf 92' lang='lat' dir='ltr'>id</span> <span class='ocrx_word' id='word_1_47' title='bbox 1062 1054 1191 1112; x_wconf 89' lang='lat' dir='ltr'>tantum</span> <span class='ocrx_word' id='word_1_48' title='bbox 1215 1047 1304 1127; x_wconf 89' lang='lat' dir='ltr'>dicit,</span> <span class='ocrx_word' id='word_1_49' title='bbox 1327 1067 1393 1113; x_wconf 90' lang='lat' dir='ltr'>uon</span> 
     </span>
     <span class='ocr_line' id='line_1_8' title="bbox 234 1154 1391 1235; baseline -0.002 -13"><span class='ocrx_word' id='word_1_50' title='bbox 234 1158 371 1223; x_wconf 86' lang='lat' dir='ltr'>dubium</span> <span class='ocrx_word' id='word_1_51' title='bbox 407 1177 492 1233; x_wconf 87' lang='lat' dir='ltr'>esse,</span> <span class='ocrx_word' id='word_1_52' title='bbox 533 1156 611 1235; x_wconf 92' lang='lat' dir='ltr'>quin</span> <span class='ocrx_word' id='word_1_53' title='bbox 650 1155 837 1219; x_wconf 86' lang='lat' dir='ltr'>voluntaria</span> <span class='ocrx_word' id='word_1_54' title='bbox 869 1177 957 1220; x_wconf 88' lang='lat' dir='ltr'>mors</span> <span class='ocrx_word' id='word_1_55' title='bbox 990 1155 1100 1220; x_wconf 86' lang='lat' dir='ltr'>fuerit.</span> <span class='ocrx_word' id='word_1_56' title='bbox 1164 1154 1228 1219; x_wconf 86' lang='lat' dir='ltr'>Sed</span> <span class='ocrx_word' id='word_1_57' title='bbox 1261 1156 1391 1221; x_wconf 91' lang='lat' dir='ltr'>omnino</span> 
     </span>
     <span class='ocr_line' id='line_1_9' title="bbox 234 1262 1392 1346; baseline -0.002 -17"><span class='ocrx_word' id='word_1_58' title='bbox 234 1266 333 1329; x_wconf 92' lang='lat' dir='ltr'>timor</span> <span class='ocrx_word' id='word_1_59' title='bbox 367 1271 400 1328; x_wconf 88' lang='lat' dir='ltr'>ct</span> <span class='ocrx_word' id='word_1_60' title='bbox 427 1262 635 1327; x_wconf 82' lang='lat' dir='ltr'>conscientia</span> <span class='ocrx_word' id='word_1_61' title='bbox 663 1262 727 1340; x_wconf 79' lang='lat' dir='ltr'>vis,</span> <span class='ocrx_word' id='word_1_62' title='bbox 762 1263 824 1326; x_wconf 88' lang='lat' dir='ltr'>etsi</span> <span class='ocrx_word' id='word_1_63' title='bbox 853 1264 969 1328; x_wconf 90' lang='lat' dir='ltr'>mortis</span> <span class='ocrx_word' id='word_1_64' title='bbox 999 1269 1076 1327; x_wconf 90' lang='lat' dir='ltr'>sunt</span> <span class='ocrx_word' id='word_1_65' title='bbox 1099 1282 1230 1341; x_wconf 79' lang='lat' dir='ltr'>causa,</span> <span class='ocrx_word' id='word_1_66' title='bbox 1265 1263 1392 1346; x_wconf 88' lang='lat' dir='ltr'>species</span> 
     </span>
     <span class='ocr_line' id='line_1_10' title="bbox 234 1370 1392 1453; baseline -0.003 -16"><span class='ocrx_word' id='word_1_67' title='bbox 234 1379 346 1437; x_wconf 87' lang='lat' dir='ltr'>tamen</span> <span class='ocrx_word' id='word_1_68' title='bbox 379 1370 494 1435; x_wconf 88' lang='lat' dir='ltr'>mortis</span> <span class='ocrx_word' id='word_1_69' title='bbox 528 1390 594 1433; x_wconf 93' lang='lat' dir='ltr'>non</span> <span class='ocrx_word' id='word_1_70' title='bbox 628 1375 707 1433; x_wconf 90' lang='lat' dir='ltr'>sunt</span> <span class='ocrx_word' id='word_1_71' title='bbox 740 1390 800 1434; x_wconf 86' lang='lat' dir='ltr'>nec</span> <span class='ocrx_word' id='word_1_72' title='bbox 833 1377 974 1453; x_wconf 84' lang='lat' dir='ltr'>possunt</span> <span class='ocrx_word' id='word_1_73' title='bbox 1002 1372 1050 1434; x_wconf 90' lang='lat' dir='ltr'>sic</span> <span class='ocrx_word' id='word_1_74' title='bbox 1080 1371 1289 1453; x_wconf 88' lang='lat' dir='ltr'>appositione</span> <span class='ocrx_word' id='word_1_75' title='bbox 1318 1390 1392 1434; x_wconf 94' lang='lat' dir='ltr'>cnm</span> 
     </span>
     <span class='ocr_line' id='line_1_11' title="bbox 234 1476 1393 1559; baseline -0.003 -15"><span class='ocrx_word' id='word_1_76' title='bbox 234 1480 351 1544; x_wconf 90' lang='lat' dir='ltr'>mortis</span> <span class='ocrx_word' id='word_1_77' title='bbox 379 1479 509 1542; x_wconf 87' lang='lat' dir='ltr'>nomine</span> <span class='ocrx_word' id='word_1_78' title='bbox 533 1477 695 1559; x_wconf 83' lang='lat' dir='ltr'>coniungi.</span> <span class='ocrx_word' id='word_1_79' title='bbox 751 1476 923 1542; x_wconf 88' lang='lat' dir='ltr'>Facillima</span> <span class='ocrx_word' id='word_1_80' title='bbox 946 1485 996 1542; x_wconf 87' lang='lat' dir='ltr'>est</span> <span class='ocrx_word' id='word_1_81' title='bbox 1019 1477 1220 1556; x_wconf 86' lang='lat' dir='ltr'>emendatio;</span> <span class='ocrx_word' id='word_1_82' title='bbox 1253 1497 1330 1541; x_wconf 88' lang='lat' dir='ltr'>nam</span> <span class='ocrx_word' id='word_1_83' title='bbox 1352 1497 1393 1541; x_wconf 84' lang='lat' dir='ltr'>cx</span> 
     </span>
     <span class='ocr_line' id='line_1_12' title="bbox 235 1583 1393 1667; baseline -0.002 -17"><span class='ocrx_word' id='word_1_84' title='bbox 235 1590 255 1650; x_wconf 76' lang='grc' dir='ltr'>Ε</span> <span class='ocrx_word' id='word_1_85' title='bbox 290 1588 323 1650; x_wconf 92' lang='lat' dir='ltr'>in</span> <span class='ocrx_word' id='word_1_86' title='bbox 357 1584 638 1649; x_wconf 85' lang='lat' dir='ltr'>conscientiae</span> <span class='ocrx_word' id='word_1_87' title='bbox 677 1583 864 1649; x_wconf 80' lang='lat' dir='ltr'>laciendum</span> <span class='ocrx_word' id='word_1_88' title='bbox 897 1586 930 1663; x_wconf 78' lang='lat' dir='ltr'>l,</span> <span class='ocrx_word' id='word_1_89' title='bbox 975 1593 1137 1667; x_wconf 84' lang='lat' dir='ltr'>praeterea</span> <span class='ocrx_word' id='word_1_90' title='bbox 1176 1603 1241 1648; x_wconf 90' lang='lat' dir='ltr'>una</span> <span class='ocrx_word' id='word_1_91' title='bbox 1279 1583 1393 1649; x_wconf 86' lang='lat' dir='ltr'>littera</span> 
     </span>
     <span class='ocr_line' id='line_1_13' title="bbox 235 1689 1393 1774; baseline -0.004 -14"><span class='ocrx_word' id='word_1_92' title='bbox 235 1692 394 1759; x_wconf 85' lang='lat' dir='ltr'>mutanda</span> <span class='ocrx_word' id='word_1_93' title='bbox 417 1693 443 1773; x_wconf 81' lang='lat' dir='ltr'>(t</span> <span class='ocrx_word' id='word_1_94' title='bbox 466 1712 525 1773; x_wconf 87' lang='lat' dir='ltr'>pro</span> <span class='ocrx_word' id='word_1_95' title='bbox 543 1689 586 1771; x_wconf 83' lang='lat' dir='ltr'>s):</span> <span class='ocrx_word' id='word_1_96' title='bbox 611 1690 770 1774; x_wconf 88' lang='lat' dir='ltr'>ltaque,</span> <span class='ocrx_word' id='word_1_97' title='bbox 795 1693 877 1756; x_wconf 83' lang='lat' dir='ltr'>sive</span> <span class='ocrx_word' id='word_1_98' title='bbox 900 1694 1020 1756; x_wconf 90' lang='lat' dir='ltr'>timor</span> <span class='ocrx_word' id='word_1_99' title='bbox 1044 1714 1112 1756; x_wconf 86' lang='lat' dir='ltr'>seu</span> <span class='ocrx_word' id='word_1_100' title='bbox 1137 1693 1393 1756; x_wconf 89' lang='lat' dir='ltr'>conscientia</span> 
     </span>
     <span class='ocr_line' id='line_1_14' title="bbox 235 1798 1393 1879; baseline 0 -15"><span class='ocrx_word' id='word_1_101' title='bbox 235 1802 322 1878; x_wconf 79' lang='lat' dir='ltr'>lull,</span> <span class='ocrx_word' id='word_1_102' title='bbox 347 1799 536 1865; x_wconf 84' lang='lat' dir='ltr'>Calavios</span> <span class='ocrx_word' id='word_1_103' title='bbox 554 1821 718 1864; x_wconf 89' lang='lat' dir='ltr'>—mors</span> <span class='ocrx_word' id='word_1_104' title='bbox 735 1800 943 1864; x_wconf 92' lang='lat' dir='ltr'>—iudicio</span> <span class='ocrx_word' id='word_1_105' title='bbox 967 1799 1223 1879; x_wconf 84' lang='lat' dir='ltr'>subtraxit.¹)</span> <span class='ocrx_word' id='word_1_106' title='bbox 1268 1798 1393 1864; x_wconf 89' lang='lat' dir='ltr'>Eodem</span> 
     </span>
     <span class='ocr_line' id='line_1_15' title="bbox 236 1905 1393 1992; baseline -0.003 -18"><span class='ocrx_word' id='word_1_107' title='bbox 236 1910 346 1992; x_wconf 87' lang='lat' dir='ltr'>capite</span> <span class='ocrx_word' id='word_1_108' title='bbox 370 1906 386 1989; x_wconf 66' lang='grc' dir='ltr'><strong>ἓ</strong></span> <span class='ocrx_word' id='word_1_109' title='bbox 412 1911 450 1970; x_wconf 85' lang='grc'>15</span> <span class='ocrx_word' id='word_1_110' title='bbox 473 1907 507 1969; x_wconf 90' lang='lat' dir='ltr'>in</span> <span class='ocrx_word' id='word_1_111' title='bbox 535 1927 570 1970; x_wconf 89' lang='lat' dir='ltr'>re</span> <span class='ocrx_word' id='word_1_112' title='bbox 598 1905 721 1988; x_wconf 91' lang='lat' dir='ltr'>pusilla</span> <span class='ocrx_word' id='word_1_113' title='bbox 748 1928 834 1989; x_wconf 84' lang='lat' dir='ltr'>aegra</span> <span class='ocrx_word' id='word_1_114' title='bbox 863 1914 974 1971; x_wconf 86' lang='lat' dir='ltr'>tamen</span> <span class='ocrx_word' id='word_1_115' title='bbox 996 1907 1065 1971; x_wconf 85' lang='lat' dir='ltr'>fero</span> <span class='ocrx_word' id='word_1_116' title='bbox 1088 1907 1393 1971; x_wconf 88' lang='lat' dir='ltr'>Weissenbornium</span> 
     </span>
     <span class='ocr_line' id='line_1_16' title="bbox 235 2012 1391 2098; baseline -0.004 -15"><span class='ocrx_word' id='word_1_117' title='bbox 235 2015 462 2093; x_wconf 85' lang='lat' dir='ltr'>etHertaium,</span> <span class='ocrx_word' id='word_1_118' title='bbox 485 2033 551 2078; x_wconf 92' lang='lat' dir='ltr'>nou</span> <span class='ocrx_word' id='word_1_119' title='bbox 573 2012 670 2078; x_wconf 92' lang='lat' dir='ltr'>modo</span> <span class='ocrx_word' id='word_1_120' title='bbox 682 2013 933 2092; x_wconf 77' lang='lat' dir='ltr'>Alschefskium</span> <span class='ocrx_word' id='word_1_121' title='bbox 957 2015 1078 2079; x_wconf 85' lang='lat' dir='ltr'>oblitos</span> <span class='ocrx_word' id='word_1_122' title='bbox 1096 2035 1178 2094; x_wconf 85' lang='lat' dir='ltr'>esse,</span> <span class='ocrx_word' id='word_1_123' title='bbox 1202 2015 1391 2098; x_wconf 88' lang='lat' dir='ltr'>quoniam</span> 
     </span>
     <span class='ocr_line' id='line_1_17' title="bbox 236 2120 1391 2208; baseline -0.003 -19"><span class='ocrx_word' id='word_1_124' title='bbox 236 2124 399 2208; x_wconf 88' lang='lat' dir='ltr'>quidem</span> <span class='ocrx_word' id='word_1_125' title='bbox 427 2139 590 2204; x_wconf 89' lang='lat' dir='ltr'>nusquam</span> <span class='ocrx_word' id='word_1_126' title='bbox 613 2121 692 2202; x_wconf 91' lang='lat' dir='ltr'>dici,</span> <span class='ocrx_word' id='word_1_127' title='bbox 727 2123 790 2186; x_wconf 91' lang='lat' dir='ltr'>nisi</span> <span class='ocrx_word' id='word_1_128' title='bbox 814 2123 1059 2201; x_wconf 86' lang='lat' dir='ltr'>coniunctione,</span> <span class='ocrx_word' id='word_1_129' title='bbox 1094 2142 1167 2205; x_wconf 88' lang='lat' dir='ltr'>quae</span> <span class='ocrx_word' id='word_1_130' title='bbox 1191 2122 1239 2186; x_wconf 87' lang='lat' dir='ltr'>sic</span> <span class='ocrx_word' id='word_1_131' title='bbox 1263 2120 1391 2202; x_wconf 88' lang='lat' dir='ltr'>(addito</span> 
     </span>
     <span class='ocr_line' id='line_1_18' title="bbox 236 2230 1391 2317; baseline -0.002 -21"><span class='ocrx_word' id='word_1_132' title='bbox 236 2230 415 2317; x_wconf 87' lang='lat' dir='ltr'>quidem)</span> <span class='ocrx_word' id='word_1_133' title='bbox 438 2230 649 2311; x_wconf 84' lang='lat' dir='ltr'>insigniatur,</span> <span class='ocrx_word' id='word_1_134' title='bbox 680 2231 785 2312; x_wconf 88' lang='lat' dir='ltr'>primo</span> <span class='ocrx_word' id='word_1_135' title='bbox 808 2230 881 2294; x_wconf 92' lang='lat' dir='ltr'>loco</span> <span class='ocrx_word' id='word_1_136' title='bbox 906 2252 980 2293; x_wconf 89' lang='lat' dir='ltr'>cum</span> <span class='ocrx_word' id='word_1_137' title='bbox 1001 2230 1147 2313; x_wconf 87' lang='lat' dir='ltr'>pondere</span> <span class='ocrx_word' id='word_1_138' title='bbox 1170 2230 1293 2312; x_wconf 88' lang='lat' dir='ltr'>posita,</span> <span class='ocrx_word' id='word_1_139' title='bbox 1323 2231 1391 2294; x_wconf 89' lang='lat' dir='ltr'>sed</span> 
     </span>
    </p>

    <p class='ocr_par' dir='ltr' id='par_1_3' title="bbox 151 2336 1391 2530">
     <span class='ocr_line' id='line_1_19' title="bbox 151 2336 1391 2429; baseline 0 -25"><span class='ocrx_word' id='word_1_140' title='bbox 151 2361 222 2429; x_wconf 84' lang='lat'>(181)</span> <span class='ocrx_word' id='word_1_141' title='bbox 242 2341 429 2425; x_wconf 93' lang='lat' dir='ltr'>qnoniam</span> <span class='ocrx_word' id='word_1_142' title='bbox 463 2336 625 2419; x_wconf 89' lang='lat' dir='ltr'>quidem</span> <span class='ocrx_word' id='word_1_143' title='bbox 653 2337 832 2402; x_wconf 91' lang='lat' dir='ltr'>barbarum</span> <span class='ocrx_word' id='word_1_144' title='bbox 860 2359 942 2402; x_wconf 87' lang='lat' dir='ltr'>esse.</span> <span class='ocrx_word' id='word_1_145' title='bbox 998 2337 1248 2402; x_wconf 87' lang='lat' dir='ltr'>Restituendum</span> <span class='ocrx_word' id='word_1_146' title='bbox 1275 2339 1391 2420; x_wconf 83' lang='lat' dir='ltr'>igitur:</span> 
     </span>
     <span class='ocr_line' id='line_1_20' title="bbox 239 2443 1229 2530; baseline -0.005 -15"><span class='ocrx_word' id='word_1_147' title='bbox 239 2449 315 2514; x_wconf 85' lang='lat' dir='ltr'>Sed</span> <span class='ocrx_word' id='word_1_148' title='bbox 339 2445 532 2530; x_wconf 88' lang='lat' dir='ltr'>qnoniam</span> <span class='ocrx_word' id='word_1_149' title='bbox 555 2443 717 2525; x_wconf 87' lang='lat' dir='ltr'>quidam</span> <span class='ocrx_word' id='word_1_150' title='bbox 740 2445 902 2509; x_wconf 90' lang='lat' dir='ltr'>nobiles</span> <span class='ocrx_word' id='word_1_151' title='bbox 925 2445 1107 2510; x_wconf 86' lang='lat' dir='ltr'>homines</span> <span class='ocrx_word' id='word_1_152' title='bbox 1130 2446 1229 2527; x_wconf 79' lang='lat' dir='ltr'>cet.²)</span> 
     </span>
    </p>
   </div>
   <div class='ocr_carea' id='block_1_3' title="bbox 265 2645 1398 4240">
    <p class='ocr_par' dir='ltr' id='par_1_4' title="bbox 267 2645 1395 2799">
     <span class='ocr_line' id='line_1_21' title="bbox 267 2645 1395 2717; baseline 0.001 -14"><span class='ocrx_word' id='word_1_153' title='bbox 267 2652 290 2717; x_wconf 83' lang='lat'>¹)</span> <span class='ocrx_word' id='word_1_154' title='bbox 311 2649 356 2717; x_wconf 89' lang='lat' dir='ltr'>[In</span> <span class='ocrx_word' id='word_1_155' title='bbox 374 2647 436 2703; x_wconf 92' lang='lat' dir='ltr'>cod.</span> <span class='ocrx_word' id='word_1_156' title='bbox 448 2645 514 2715; x_wconf 89' lang='lat' dir='ltr'>Ups.</span> <span class='ocrx_word' id='word_1_157' title='bbox 533 2645 776 2714; x_wconf 81' lang='lat' dir='ltr'>Haeggstroomius</span> <span class='ocrx_word' id='word_1_158' title='bbox 795 2647 922 2716; x_wconf 89' lang='lat' dir='ltr'>repperit</span> <span class='ocrx_word' id='word_1_159' title='bbox 940 2648 1012 2702; x_wconf 85' lang='lat' dir='ltr'>sivo</span> <span class='ocrx_word' id='word_1_160' title='bbox 1031 2649 1058 2701; x_wconf 89' lang='lat' dir='ltr'>is</span> <span class='ocrx_word' id='word_1_161' title='bbox 1078 2649 1181 2701; x_wconf 89' lang='lat' dir='ltr'>timor</span> <span class='ocrx_word' id='word_1_162' title='bbox 1198 2649 1395 2717; x_wconf 80' lang='lat' dir='ltr'>probavitque,</span> 
     </span>
     <span class='ocr_line' id='line_1_22' title="bbox 307 2729 807 2799; baseline -0.01 -11"><span class='ocrx_word' id='word_1_163' title='bbox 307 2740 334 2788; x_wconf 86' lang='lat' dir='ltr'>et</span> <span class='ocrx_word' id='word_1_164' title='bbox 353 2739 396 2787; x_wconf 88' lang='lat' dir='ltr'>cst</span> <span class='ocrx_word' id='word_1_165' title='bbox 414 2732 443 2784; x_wconf 91' lang='lat' dir='ltr'>in</span> <span class='ocrx_word' id='word_1_166' title='bbox 461 2731 492 2783; x_wconf 89' lang='lat' dir='ltr'>M</span> <span class='ocrx_word' id='word_1_167' title='bbox 508 2735 560 2784; x_wconf 87' lang='lat' dir='ltr'>m.l</span> <span class='ocrx_word' id='word_1_168' title='bbox 581 2732 666 2784; x_wconf 83' lang='lat' dir='ltr'>sivei</span> <span class='ocrx_word' id='word_1_169' title='bbox 684 2729 807 2799; x_wconf 78' lang='lat' dir='ltr'>timon]</span> 
     </span>
    </p>

    <p class='ocr_par' dir='ltr' id='par_1_5' title="bbox 265 2815 1398 4240">
     <span class='ocr_line' id='line_1_23' title="bbox 265 2815 1395 2898; baseline 0 -27"><span class='ocrx_word' id='word_1_170' title='bbox 265 2820 290 2886; x_wconf 84' lang='lat'>¹)</span> <span class='ocrx_word' id='word_1_171' title='bbox 310 2819 458 2886; x_wconf 84' lang='lat' dir='ltr'>Superiora</span> <span class='ocrx_word' id='word_1_172' title='bbox 483 2815 576 2883; x_wconf 89' lang='lat' dir='ltr'>capite</span> <span class='ocrx_word' id='word_1_173' title='bbox 600 2816 656 2882; x_wconf 84' lang='lat'>(25,</span> <span class='ocrx_word' id='word_1_174' title='bbox 680 2817 705 2882; x_wconf 80' lang='lat'>5)</span> <span class='ocrx_word' id='word_1_175' title='bbox 728 2817 825 2870; x_wconf 86' lang='lat' dir='ltr'>Livius</span> <span class='ocrx_word' id='word_1_176' title='bbox 841 2827 911 2871; x_wconf 71' lang='lat' dir='ltr'>‘non</span> <span class='ocrx_word' id='word_1_177' title='bbox 940 2819 1067 2884; x_wconf 84' lang='lat' dir='ltr'>scripsit:</span> <span class='ocrx_word' id='word_1_178' title='bbox 1096 2817 1222 2871; x_wconf 87' lang='lat' dir='ltr'>docent</span> <span class='ocrx_word' id='word_1_179' title='bbox 1249 2834 1325 2871; x_wconf 87' lang='lat' dir='ltr'>snos</span> <span class='ocrx_word' id='word_1_180' title='bbox 1352 2847 1395 2898; x_wconf 48' lang='grc' dir='ltr'>ᾗ,</span> 
     </span>
     <span class='ocr_line' id='line_1_24' title="bbox 307 2900 1393 2971; baseline -0.001 -15"><span class='ocrx_word' id='word_1_181' title='bbox 307 2902 408 2956; x_wconf 88' lang='lat' dir='ltr'>simul</span> <span class='ocrx_word' id='word_1_182' title='bbox 432 2900 473 2955; x_wconf 87' lang='lat' dir='ltr'>ad</span> <span class='ocrx_word' id='word_1_183' title='bbox 496 2900 666 2954; x_wconf 84' lang='lat' dir='ltr'>Lautulas</span> <span class='ocrx_word' id='word_1_184' title='bbox 690 2907 879 2970; x_wconf 82' lang='lat' dir='ltr'>pugnatum</span> <span class='ocrx_word' id='word_1_185' title='bbox 902 2902 1101 2967; x_wconf 89' lang='lat' dir='ltr'>audierunt,</span> <span class='ocrx_word' id='word_1_186' title='bbox 1123 2919 1183 2971; x_wconf 88' lang='lat' dir='ltr'>pro</span> <span class='ocrx_word' id='word_1_187' title='bbox 1205 2903 1313 2957; x_wconf 82' lang='lat' dir='ltr'>victis</span> <span class='ocrx_word' id='word_1_188' title='bbox 1331 2903 1393 2956; x_wconf 88' lang='lat' dir='ltr'>Ro·</span> 
     </span>
     <span class='ocr_line' id='line_1_25' title="bbox 306 2986 1396 3053; baseline -0.001 -12"><span class='ocrx_word' id='word_1_189' title='bbox 306 3004 424 3042; x_wconf 88' lang='lat' dir='ltr'>manos</span> <span class='ocrx_word' id='word_1_190' title='bbox 448 2988 628 3052; x_wconf 84' lang='lat' dir='ltr'>habuisse,</span> <span class='ocrx_word' id='word_1_191' title='bbox 655 2990 687 3039; x_wconf 90' lang='lat' dir='ltr'>ut</span> <span class='ocrx_word' id='word_1_192' title='bbox 709 2986 822 3040; x_wconf 87' lang='lat' dir='ltr'>codices</span> <span class='ocrx_word' id='word_1_193' title='bbox 846 2993 875 3041; x_wconf 89' lang='lat' dir='ltr'>et</span> <span class='ocrx_word' id='word_1_194' title='bbox 899 2986 1037 3042; x_wconf 87' lang='lat' dir='ltr'>editiones</span> <span class='ocrx_word' id='word_1_195' title='bbox 1060 2987 1178 3053; x_wconf 88' lang='lat' dir='ltr'>habent,</span> <span class='ocrx_word' id='word_1_196' title='bbox 1206 2987 1256 3041; x_wconf 88' lang='lat' dir='ltr'>sed</span> <span class='ocrx_word' id='word_1_197' title='bbox 1278 2988 1396 3042; x_wconf 87' lang='lat' dir='ltr'>audie·</span> 
     </span>
     <span class='ocr_line' id='line_1_26' title="bbox 306 3067 1395 3140; baseline -0.001 -15"><span class='ocrx_word' id='word_1_198' title='bbox 306 3074 386 3126; x_wconf 93' lang='lat' dir='ltr'>rint.</span> <span class='ocrx_word' id='word_1_199' title='bbox 426 3070 485 3140; x_wconf 85' lang='lat' dir='ltr'>[Sic</span> <span class='ocrx_word' id='word_1_200' title='bbox 509 3072 564 3124; x_wconf 91' lang='lat' dir='ltr'>iam</span> <span class='ocrx_word' id='word_1_201' title='bbox 582 3067 754 3139; x_wconf 83' lang='lat' dir='ltr'>Rupertins.]</span> <span class='ocrx_word' id='word_1_202' title='bbox 795 3070 855 3124; x_wconf 90' lang='lat' dir='ltr'>Hoc</span> <span class='ocrx_word' id='word_1_203' title='bbox 877 3076 989 3139; x_wconf 85' lang='lat' dir='ltr'>tempus</span> <span class='ocrx_word' id='word_1_204' title='bbox 1014 3071 1190 3139; x_wconf 84' lang='lat' dir='ltr'>(perfectum)</span> <span class='ocrx_word' id='word_1_205' title='bbox 1210 3090 1244 3126; x_wconf 81' lang='lat' dir='ltr'>cx</span> <span class='ocrx_word' id='word_1_206' title='bbox 1267 3072 1395 3126; x_wconf 88' lang='lat' dir='ltr'>oratione</span> 
     </span>
     <span class='ocr_line' id='line_1_27' title="bbox 307 3156 1395 3223; baseline -0.001 -13"><span class='ocrx_word' id='word_1_207' title='bbox 307 3163 385 3211; x_wconf 83' lang='lat' dir='ltr'>recta</span> <span class='ocrx_word' id='word_1_208' title='bbox 407 3157 435 3209; x_wconf 92' lang='lat' dir='ltr'>in</span> <span class='ocrx_word' id='word_1_209' title='bbox 460 3157 576 3223; x_wconf 87' lang='lat' dir='ltr'>obliqua</span> <span class='ocrx_word' id='word_1_210' title='bbox 596 3161 738 3210; x_wconf 86' lang='lat' dir='ltr'>retentum</span> <span class='ocrx_word' id='word_1_211' title='bbox 761 3156 790 3210; x_wconf 93' lang='lat' dir='ltr'>in</span> <span class='ocrx_word' id='word_1_212' title='bbox 812 3156 863 3208; x_wconf 93' lang='lat' dir='ltr'>tali</span> <span class='ocrx_word' id='word_1_213' title='bbox 887 3157 1027 3211; x_wconf 87' lang='lat' dir='ltr'>sententia</span> <span class='ocrx_word' id='word_1_214' title='bbox 1044 3173 1181 3223; x_wconf 84' lang='lat' dir='ltr'>nusquam</span> <span class='ocrx_word' id='word_1_215' title='bbox 1200 3174 1258 3211; x_wconf 91' lang='lat' dir='ltr'>non</span> <span class='ocrx_word' id='word_1_216' title='bbox 1276 3157 1395 3210; x_wconf 86' lang='lat' dir='ltr'>transire</span> 
     </span>
     <span class='ocr_line' id='line_1_28' title="bbox 308 3240 1396 3309; baseline 0 -14"><span class='ocrx_word' id='word_1_217' title='bbox 308 3244 337 3295; x_wconf 92' lang='lat' dir='ltr'>in</span> <span class='ocrx_word' id='word_1_218' title='bbox 362 3242 586 3308; x_wconf 72' lang='lat' dir='ltr'>coniunctium,</span> <span class='ocrx_word' id='word_1_219' title='bbox 615 3240 769 3295; x_wconf 86' lang='lat' dir='ltr'>ostendunt</span> <span class='ocrx_word' id='word_1_220' title='bbox 794 3258 834 3294; x_wconf 86' lang='lat' dir='ltr'>eae</span> <span class='ocrx_word' id='word_1_221' title='bbox 858 3242 1010 3295; x_wconf 86' lang='lat' dir='ltr'>verborum</span> <span class='ocrx_word' id='word_1_222' title='bbox 1033 3241 1144 3308; x_wconf 87' lang='lat' dir='ltr'>formae,</span> <span class='ocrx_word' id='word_1_223' title='bbox 1172 3257 1234 3309; x_wconf 84' lang='lat' dir='ltr'>quoe</span> <span class='ocrx_word' id='word_1_224' title='bbox 1261 3259 1317 3295; x_wconf 92' lang='lat' dir='ltr'>non</span> <span class='ocrx_word' id='word_1_225' title='bbox 1340 3258 1396 3295; x_wconf 87' lang='lat' dir='ltr'>una</span> 
     </span>
     <span class='ocr_line' id='line_1_29' title="bbox 307 3325 1394 3395; baseline 0.002 -17"><span class='ocrx_word' id='word_1_226' title='bbox 307 3327 405 3380; x_wconf 86' lang='lat' dir='ltr'>littera</span> <span class='ocrx_word' id='word_1_227' title='bbox 422 3325 539 3379; x_wconf 88' lang='lat' dir='ltr'>distant.</span> <span class='ocrx_word' id='word_1_228' title='bbox 580 3325 699 3393; x_wconf 81' lang='lat' dir='ltr'>Legitur</span> <span class='ocrx_word' id='word_1_229' title='bbox 720 3325 880 3380; x_wconf 85' lang='lat' dir='ltr'>huiusmodi</span> <span class='ocrx_word' id='word_1_230' title='bbox 905 3326 975 3380; x_wconf 90' lang='lat' dir='ltr'>locis</span> <span class='ocrx_word' id='word_1_231' title='bbox 994 3327 1142 3394; x_wconf 88' lang='lat' dir='ltr'>aliquoties</span> <span class='ocrx_word' id='word_1_232' title='bbox 1162 3326 1323 3381; x_wconf 79' lang='lat' dir='ltr'>fecerunt</span> <span class='ocrx_word' id='word_1_233' title='bbox 1341 3344 1394 3395; x_wconf 90' lang='lat' dir='ltr'>pro</span> 
     </span>
     <span class='ocr_line' id='line_1_30' title="bbox 307 3407 1395 3480; baseline -0.003 -14"><span class='ocrx_word' id='word_1_234' title='bbox 307 3413 462 3466; x_wconf 83' lang='lat' dir='ltr'>fecerint</span> <span class='ocrx_word' id='word_1_235' title='bbox 486 3407 740 3478; x_wconf 83' lang='lat' dir='ltr'>(impedierunt</span> <span class='ocrx_word' id='word_1_236' title='bbox 762 3428 813 3479; x_wconf 89' lang='lat' dir='ltr'>pro</span> <span class='ocrx_word' id='word_1_237' title='bbox 836 3411 1063 3478; x_wconf 84' lang='lat' dir='ltr'>impedierint</span> <span class='ocrx_word' id='word_1_238' title='bbox 1080 3409 1120 3476; x_wconf 88' lang='grc' dir='ltr'>Π,</span> <span class='ocrx_word' id='word_1_239' title='bbox 1144 3412 1185 3477; x_wconf 82' lang='lat'>58,</span> <span class='ocrx_word' id='word_1_240' title='bbox 1204 3412 1239 3478; x_wconf 84' lang='lat'>5),</span> <span class='ocrx_word' id='word_1_241' title='bbox 1258 3426 1395 3480; x_wconf 87' lang='lat' dir='ltr'>nusquam</span> 
     </span>
     <span class='ocr_line' id='line_1_31' title="bbox 311 3493 1394 3564; baseline -0.002 -14"><span class='ocrx_word' id='word_1_242' title='bbox 311 3495 400 3563; x_wconf 88' lang='lat' dir='ltr'>(certa</span> <span class='ocrx_word' id='word_1_243' title='bbox 425 3493 491 3561; x_wconf 88' lang='lat' dir='ltr'>fide)</span> <span class='ocrx_word' id='word_1_244' title='bbox 518 3494 603 3548; x_wconf 89' lang='lat' dir='ltr'>fecit</span> <span class='ocrx_word' id='word_1_245' title='bbox 629 3513 681 3564; x_wconf 89' lang='lat' dir='ltr'>pro</span> <span class='ocrx_word' id='word_1_246' title='bbox 708 3494 839 3549; x_wconf 82' lang='lat' dir='ltr'>fecerit</span> <span class='ocrx_word' id='word_1_247' title='bbox 865 3502 915 3550; x_wconf 83' lang='lat' dir='ltr'>ant</span> <span class='ocrx_word' id='word_1_248' title='bbox 943 3513 1039 3564; x_wconf 89' lang='lat' dir='ltr'>quum</span> <span class='ocrx_word' id='word_1_249' title='bbox 1067 3495 1239 3549; x_wconf 88' lang='lat' dir='ltr'>bellatum</span> <span class='ocrx_word' id='word_1_250' title='bbox 1266 3500 1321 3549; x_wconf 88' lang='lat' dir='ltr'>est</span> <span class='ocrx_word' id='word_1_251' title='bbox 1342 3512 1394 3563; x_wconf 90' lang='lat' dir='ltr'>pro</span> 
     </span>
     <span class='ocr_line' id='line_1_32' title="bbox 308 3577 1395 3647; baseline -0.003 -13"><span class='ocrx_word' id='word_1_252' title='bbox 308 3579 478 3634; x_wconf 79' lang='lat' dir='ltr'>bellatum</span> <span class='ocrx_word' id='word_1_253' title='bbox 507 3579 552 3632; x_wconf 89' lang='lat' dir='ltr'>sit</span> <span class='ocrx_word' id='word_1_254' title='bbox 575 3577 748 3646; x_wconf 89' lang='lat' dir='ltr'>(XXXVIII,</span> <span class='ocrx_word' id='word_1_255' title='bbox 773 3583 804 3646; x_wconf 86' lang='lat'>8,</span> <span class='ocrx_word' id='word_1_256' title='bbox 827 3580 862 3645; x_wconf 77' lang='lat'>7).</span> <span class='ocrx_word' id='word_1_257' title='bbox 907 3579 976 3645; x_wconf 76' lang='lat' dir='ltr'>Csn,</span> <span class='ocrx_word' id='word_1_258' title='bbox 1004 3597 1065 3647; x_wconf 83' lang='lat' dir='ltr'>quae</span> <span class='ocrx_word' id='word_1_259' title='bbox 1085 3579 1213 3633; x_wconf 88' lang='lat' dir='ltr'>dicentur</span> <span class='ocrx_word' id='word_1_260' title='bbox 1230 3579 1266 3633; x_wconf 86' lang='lat' dir='ltr'>ad</span> <span class='ocrx_word' id='word_1_261' title='bbox 1283 3578 1395 3645; x_wconf 84' lang='lat' dir='ltr'>XXXV,</span> 
     </span>
     <span class='ocr_line' id='line_1_33' title="bbox 310 3661 1395 3733; baseline 0.001 -16"><span class='ocrx_word' id='word_1_262' title='bbox 310 3667 355 3730; x_wconf 87' lang='lat'>12,</span> <span class='ocrx_word' id='word_1_263' title='bbox 382 3666 421 3717; x_wconf 83' lang='grc'>13.</span> <span class='ocrx_word' id='word_1_264' title='bbox 469 3661 626 3731; x_wconf 76' lang='lat' dir='ltr'>[XXXVIL</span> <span class='ocrx_word' id='word_1_265' title='bbox 654 3666 701 3727; x_wconf 84' lang='lat'>56,</span> <span class='ocrx_word' id='word_1_266' title='bbox 729 3666 746 3715; x_wconf 92' lang='lat'>2</span> <span class='ocrx_word' id='word_1_267' title='bbox 770 3665 902 3733; x_wconf 85' lang='lat' dir='ltr'>et6pr0</span> <span class='ocrx_word' id='word_1_268' title='bbox 926 3669 1117 3733; x_wconf 82' lang='lat' dir='ltr'>pugnatum</span> <span class='ocrx_word' id='word_1_269' title='bbox 1140 3669 1194 3717; x_wconf 89' lang='lat' dir='ltr'>eat</span> <span class='ocrx_word' id='word_1_270' title='bbox 1217 3663 1395 3718; x_wconf 88' lang='lat' dir='ltr'>scribendum</span> 
     </span>
     <span class='ocr_line' id='line_1_34' title="bbox 307 3745 1396 3817; baseline 0 -17"><span class='ocrx_word' id='word_1_271' title='bbox 307 3752 499 3817; x_wconf 80' lang='lat' dir='ltr'>pugnatum</span> <span class='ocrx_word' id='word_1_272' title='bbox 522 3745 635 3815; x_wconf 61' lang='lat' dir='ltr'>esset]</span> <span class='ocrx_word' id='word_1_273' title='bbox 680 3747 756 3816; x_wconf 89' lang='lat' dir='ltr'>(Cap.</span> <span class='ocrx_word' id='word_1_274' title='bbox 775 3750 821 3815; x_wconf 82' lang='lat'>27,</span> <span class='ocrx_word' id='word_1_275' title='bbox 844 3750 940 3802; x_wconf 85' lang='lat' dir='ltr'>8hsec</span> <span class='ocrx_word' id='word_1_276' title='bbox 959 3749 1086 3817; x_wconf 87' lang='lat' dir='ltr'>partitio:</span> <span class='ocrx_word' id='word_1_277' title='bbox 1115 3748 1298 3802; x_wconf 84' lang='lat' dir='ltr'>Consulum</span> <span class='ocrx_word' id='word_1_278' title='bbox 1321 3747 1396 3802; x_wconf 89' lang='lat' dir='ltr'>Sul·</span> 
     </span>
     <span class='ocr_line' id='line_1_35' title="bbox 308 3832 1398 3902; baseline 0 -17"><span class='ocrx_word' id='word_1_279' title='bbox 308 3833 425 3901; x_wconf 88' lang='lat' dir='ltr'>picius</span> <span class='ocrx_word' id='word_1_280' title='bbox 448 3833 482 3886; x_wconf 90' lang='lat' dir='ltr'>in</span> <span class='ocrx_word' id='word_1_281' title='bbox 507 3832 646 3898; x_wconf 86' lang='lat' dir='ltr'>dextro,</span> <span class='ocrx_word' id='word_1_282' title='bbox 673 3832 853 3886; x_wconf 85' lang='lat' dir='ltr'>Poetelius</span> <span class='ocrx_word' id='word_1_283' title='bbox 877 3833 913 3887; x_wconf 91' lang='lat' dir='ltr'>in</span> <span class='ocrx_word' id='word_1_284' title='bbox 932 3833 1017 3886; x_wconf 81' lang='lat' dir='ltr'>laevo</span> <span class='ocrx_word' id='word_1_285' title='bbox 1035 3851 1142 3887; x_wconf 90' lang='lat' dir='ltr'>cornu</span> <span class='ocrx_word' id='word_1_286' title='bbox 1159 3837 1238 3887; x_wconf 87' lang='lat' dir='ltr'>recta</span> <span class='ocrx_word' id='word_1_287' title='bbox 1256 3837 1342 3898; x_wconf 86' lang='lat' dir='ltr'>esset,</span> <span class='ocrx_word' id='word_1_288' title='bbox 1371 3833 1398 3902; x_wconf 68' lang='lat' dir='ltr'>si¹</span> 
     </span>
     <span class='ocr_line' id='line_1_36' title="bbox 309 3916 1395 3987; baseline 0 -17"><span class='ocrx_word' id='word_1_289' title='bbox 309 3918 450 3971; x_wconf 87' lang='lat' dir='ltr'>diceretur</span> <span class='ocrx_word' id='word_1_290' title='bbox 472 3917 646 3971; x_wconf 84' lang='lat' dir='ltr'>consistit</span> <span class='ocrx_word' id='word_1_291' title='bbox 668 3916 733 3982; x_wconf 83' lang='lat' dir='ltr'>(etei</span> <span class='ocrx_word' id='word_1_292' title='bbox 752 3922 812 3970; x_wconf 88' lang='lat' dir='ltr'>tum</span> <span class='ocrx_word' id='word_1_293' title='bbox 831 3934 944 3985; x_wconf 87' lang='lat' dir='ltr'>quoque</span> <span class='ocrx_word' id='word_1_294' title='bbox 962 3919 1152 3972; x_wconf 83' lang='lat' dir='ltr'>nominativus</span> <span class='ocrx_word' id='word_1_295' title='bbox 1171 3918 1241 3987; x_wconf 88' lang='lat' dir='ltr'>poni</span> <span class='ocrx_word' id='word_1_296' title='bbox 1258 3916 1395 3986; x_wconf 86' lang='lat' dir='ltr'>poterat);</span> 
     </span>
     <span class='ocr_line' id='line_1_37' title="bbox 309 4001 1395 4070; baseline 0.001 -16"><span class='ocrx_word' id='word_1_297' title='bbox 309 4002 359 4054; x_wconf 87' lang='lat' dir='ltr'>sed</span> <span class='ocrx_word' id='word_1_298' title='bbox 388 4002 519 4070; x_wconf 82' lang='lat' dir='ltr'>quoniam</span> <span class='ocrx_word' id='word_1_299' title='bbox 547 4002 754 4055; x_wconf 91' lang='lat' dir='ltr'>consistunt</span> <span class='ocrx_word' id='word_1_300' title='bbox 777 4001 812 4056; x_wconf 86' lang='lat' dir='ltr'>de</span> <span class='ocrx_word' id='word_1_301' title='bbox 837 4007 957 4069; x_wconf 86' lang='lat' dir='ltr'>utroque</span> <span class='ocrx_word' id='word_1_302' title='bbox 981 4004 1161 4057; x_wconf 90' lang='lat' dir='ltr'>coniunctum</span> <span class='ocrx_word' id='word_1_303' title='bbox 1185 4003 1301 4069; x_wconf 89' lang='lat' dir='ltr'>dicitnr,</span> <span class='ocrx_word' id='word_1_304' title='bbox 1330 4003 1395 4055; x_wconf 88' lang='lat' dir='ltr'>scri·</span> 
     </span>
     <span class='ocr_line' id='line_1_38' title="bbox 308 4084 1393 4154; baseline 0.001 -17"><span class='ocrx_word' id='word_1_305' title='bbox 308 4085 431 4138; x_wconf 88' lang='lat' dir='ltr'>bendum</span> <span class='ocrx_word' id='word_1_306' title='bbox 455 4087 583 4151; x_wconf 83' lang='lat' dir='ltr'>videtur,</span> <span class='ocrx_word' id='word_1_307' title='bbox 608 4092 640 4139; x_wconf 90' lang='lat' dir='ltr'>ut</span> <span class='ocrx_word' id='word_1_308' title='bbox 658 4086 693 4138; x_wconf 90' lang='lat' dir='ltr'>ab</span> <span class='ocrx_word' id='word_1_309' title='bbox 711 4084 786 4138; x_wconf 84' lang='lat' dir='ltr'>Aldo</span> <span class='ocrx_word' id='word_1_310' title='bbox 805 4086 840 4139; x_wconf 90' lang='lat' dir='ltr'>ad</span> <span class='ocrx_word' id='word_1_311' title='bbox 859 4085 1031 4141; x_wconf 84' lang='lat' dir='ltr'>Gronovium</span> <span class='ocrx_word' id='word_1_312' title='bbox 1051 4089 1201 4154; x_wconf 87' lang='lat' dir='ltr'>edebatur,</span> <span class='ocrx_word' id='word_1_313' title='bbox 1225 4087 1393 4141; x_wconf 85' lang='lat' dir='ltr'>consules.</span> 
     </span>
     <span class='ocr_line' id='line_1_39' title="bbox 312 4169 1393 4240; baseline 0.001 -17"><span class='ocrx_word' id='word_1_314' title='bbox 312 4169 396 4237; x_wconf 84' lang='grc'>1861.)</span> <span class='ocrx_word' id='word_1_315' title='bbox 429 4170 494 4236; x_wconf 84' lang='lat' dir='ltr'>Cap.</span> <span class='ocrx_word' id='word_1_316' title='bbox 508 4173 549 4237; x_wconf 82' lang='lat'>29,</span> <span class='ocrx_word' id='word_1_317' title='bbox 571 4173 604 4224; x_wconf 90' lang='grc'>10</span> <span class='ocrx_word' id='word_1_318' title='bbox 621 4169 696 4239; x_wconf 89' lang='lat' dir='ltr'>quod</span> <span class='ocrx_word' id='word_1_319' title='bbox 714 4171 859 4224; x_wconf 89' lang='lat' dir='ltr'>scribitur:</span> <span class='ocrx_word' id='word_1_320' title='bbox 878 4171 1048 4226; x_wconf 85' lang='lat' dir='ltr'>Traditur</span> <span class='ocrx_word' id='word_1_321' title='bbox 1066 4173 1147 4227; x_wconf 87' lang='lat' dir='ltr'>inde</span> <span class='ocrx_word' id='word_1_322' title='bbox 1166 4171 1262 4225; x_wconf 85' lang='lat' dir='ltr'>dictu</span> <span class='ocrx_word' id='word_1_323' title='bbox 1282 4171 1393 4240; x_wconf 90' lang='lat' dir='ltr'>[interp.</span> 
     </span>
    </p>
   </div>
   <div class='ocr_carea' id='block_1_4' title="bbox 0 0 1540 5272">
    <p class='ocr_par' dir='ltr' id='par_1_6' title="bbox 0 0 1540 5272">
     <span class='ocr_line' id='line_1_40' title="bbox 0 0 1540 5272; baseline 0 0"><span class='ocrx_word' id='word_1_324' title='bbox 0 0 1540 5272; x_wconf 95' lang='lat' dir='ltr'> </span> 
     </span>
    </p>
   </div>
  </div>
 </body>
</html>
