3060 5272
200 346 265 401 Lib.
283 345 317 400 V,
751 333 812 395 138

201 518 381 584 stantivum
404 517 682 602 populatores,
704 517 861 583 adiuncto
883 517 1064 601 praesertim
1086 516 1252 599 genetivo:
1287 515 1359 583 Ca·

203 626 369 711 penatis
394 627 491 708 agri,
517 647 583 710 quo
603 626 758 692 definitur
775 647 886 709 genus,
911 624 994 690 alios
1016 623 1165 690 homines
1183 625 1282 691 obiici
1301 626 1357 691 de·

203 734 318 813 clarat,
334 754 400 799 non
418 732 550 799 eosdem
568 733 611 798 ad
628 734 855 819 populandum
874 753 1062 813 conversos,
1081 732 1182 817 etqui
1195 739 1360 818 poterant,

204 842 260 926 qui
283 861 369 924 aegre
391 848 503 907 castra
525 846 559 908 et
580 842 623 907 ab
646 843 728 907 urbe
750 848 784 906 et
807 841 1010 906 extrinsecus
1033 848 1224 925 oppugnata
1247 841 1358 907 defen-

204 949 330 1030 derant,
362 949 465 1015 libere
500 949 623 1016 effundi
655 950 698 1015 ad
728 948 930 1034 Capenatem
964 968 1079 1030 agrum
1108 949 1359 1033 populandum?

202 1057 287 1123 Tum
309 1080 402 1137 vero,
437 1060 493 1142 qui
522 1080 562 1123 ex
589 1060 663 1143 ipsa
691 1058 928 1143 pugnavictos
952 1057 1116 1141 persecuti
1140 1066 1234 1123 erant
1255 1061 1359 1140 tergis

202 1167 413 1246 inhaerentes,
448 1166 595 1250 profecto
623 1189 687 1231 non
716 1165 803 1231 forte
831 1163 942 1230 offerri
971 1164 1171 1248 fugientibus
1194 1173 1360 1248 poterant,

203 1296 245 1340 ne
279 1273 391 1339 offerri
424 1274 573 1358 quidem,
612 1275 676 1339 nisi
709 1273 886 1339 admodum
918 1272 1005 1337 lente
1039 1280 1072 1338 et
1107 1272 1222 1339 sedato
1255 1275 1360 1357 gradu

203 1384 305 1448 victos
327 1381 450 1466 fugisse
472 1389 644 1466 putemne,
675 1389 713 1447 ut
739 1383 881 1447 victores
904 1381 1004 1445 etiam
1026 1382 1113 1446 inter
1134 1381 1360 1465 populandum

202 1512 261 1556 cos
290 1489 503 1574 praetergredi
525 1498 674 1574 possent;
703 1512 779 1555 nam
807 1489 937 1555 oblati
966 1488 1131 1571 significat
1160 1511 1200 1554 ex
1221 1491 1360 1557 adverso

205 1600 402 1678 occurrisse,
446 1605 614 1682 postremo
659 1619 795 1682 prorsus
834 1618 934 1681 prave
973 1599 1060 1662 inter
1100 1597 1289 1680 palantes
1328 1606 1361 1664 et

204 1705 474 1790 pabulatores
513 1707 735 1790 interponitur
777 1704 882 1770 forte
922 1705 1063 1770 oblati.
1132 1706 1214 1771 Rem
1253 1708 1360 1791 ipsam

205 1813 483 1897 quemadmodum
517 1814 626 1878 Livius
665 1815 775 1877 animo
809 1813 1110 1896 comprehenderit,
1149 1815 1360 1881 manifestum

204 1929 263 1986 est.
310 1922 456 1986 Victores
480 1942 500 1985 a
522 1921 612 1986 Veiis
640 1921 849 2005 aliquantum
878 1922 977 2005 spatii
1005 1922 1108 1986 victos
1137 1924 1304 2006 persecuti
1325 1925 1359 1989 in

203 2036 328 2109 castra,
370 2051 442 2113 quae
480 2031 545 2115 ipsi
583 2030 738 2095 Veientes
784 2031 956 2112 eruptione
1004 2038 1235 2114 oppugnarent
1275 2029 1306 2114 (ἕ
1341 2036 1359 2096 9

203 2146 289 2204 tres
335 2139 541 2203 exercitus
582 2145 616 2203 et
654 2136 671 2221 ξ
708 2137 775 2219 13),
814 2138 999 2217 redierunt;
1048 2136 1166 2204 deinde
1208 2136 1357 2223 Capena·

204 2247 294 2312 tibus
329 2253 364 2312 et
392 2246 528 2311 Faliscis
563 2245 641 2329 fuga
677 2246 874 2311 abeuntibus
902 2246 958 2310 alii
986 2247 1126 2311 Romani
1154 2266 1195 2311 ex
1222 2247 1359 2314 adverso

205 2360 427 2434 occurrerunt,
456 2355 512 2437 qui
535 2353 697 2419 hactenus
720 2375 835 2437 agrum
858 2352 1061 2438 Capenatem
1084 2354 1234 2438 populati
1256 2362 1360 2435 erant,

204 2462 274 2546 (cir.
299 2484 325 2528 c.
352 2467 400 2542 12,
423 2468 442 2527 5
467 2462 507 2527 de
530 2463 635 2540 simili,
666 2462 743 2527 dum
765 2462 837 2526 Veii
861 2462 1065 2541 obsidentur,
1088 2463 1157 2546 agri
1182 2462 1359 2547 Capenatis

204 2571 442 2655 populatione)
470 2570 695 2654 reliquiasque
719 2591 838 2654 pugnae
861 2570 1127 2655 absumpserunt.
1184 2571 1254 2636 Iam
1276 2571 1359 2637 illud

204 2697 336 2762 quoque
360 2685 513 2763 apparet,
549 2679 678 2762 opinor,
712 2678 938 2762 palantium
961 2678 1235 2762 appellationem,
1270 2680 1359 2763 quod

203 2788 273 2870 ipse
302 2786 455 2851 vocabuli
482 2785 671 2870 palantes
699 2786 790 2851 locus
820 2793 896 2852 ante
926 2807 1080 2851 occursus
1104 2787 1302 2852 mentionem
1325 2795 1360 2853 et

202 2894 367 2978 particula
388 2895 465 2959 iam
489 2894 650 2974 ostendit,
684 2896 849 2978 pertinere
877 2896 919 2960 ad
943 2895 1126 2979 Capenates
1149 2902 1182 2960 et
1203 2895 1359 2976 Faliscos,

203 3002 261 3086 qui
284 3023 323 3067 eo
346 3000 475 3067 facilius
499 3001 598 3067 deleti
622 3003 696 3067 sint.
748 3002 821 3067 Non
848 3004 950 3086 igitur
978 3004 1054 3068 iam
1082 3003 1272 3087 palantes
1295 3004 1358 3069 ob·

201 3108 281 3175 lati
305 3116 414 3190 sunt,
449 3110 508 3175 sed
530 3111 608 3175 iam
631 3111 872 3194 palantibus
896 3118 962 3192 aut,
996 3111 1084 3195 quod
1106 3111 1217 3176 Livius
1240 3112 1358 3196 sepius

117 3227 187 3296 (117)
206 3218 300 3297 dicit,
334 3218 534 3302 palatis.¹)
591 3218 775 3303 Saepissime
807 3220 918 3284 Livius
951 3221 984 3284 in
1017 3219 1149 3303 palatos
1178 3219 1358 3303 (palantes)

231 3439 253 3505 ¹)
271 3437 397 3493 Palans
417 3439 518 3504 octies,
542 3440 565 3493 si
588 3444 665 3494 recte
688 3441 796 3506 notam,
819 3441 894 3511 apud
911 3441 1024 3495 Livium
1042 3439 1148 3510 legitur
1165 3439 1216 3506 (ΙΙ,
1240 3441 1287 3507 26,
1309 3439 1357 3507 IV,

271 3527 318 3592 55,
341 3523 407 3591 VH,
433 3526 473 3589 17,
495 3522 529 3591 X,
552 3526 594 3591 20,
616 3523 690 3592 XXI,
713 3527 745 3580 61
765 3527 817 3593 bis,
840 3526 928 3593 XXII,
951 3528 994 3591 81,
1015 3524 1116 3592 XXIV,
1138 3523 1192 3592 41),
1214 3525 1358 3594 palatus

270 3610 366 3664 tricies
388 3609 433 3663 bis
456 3608 492 3676 (l,
518 3612 561 3676 11,
587 3613 613 3677 1,
638 3611 686 3664 ubi
709 3630 766 3666 non
784 3617 861 3666 recte
878 3611 1012 3665 IIertzius
1031 3627 1046 3664 e
1064 3610 1126 3664 cod.
1145 3610 1311 3665 Florentino
1331 3609 1357 3665 S.

269 3695 358 3750 Marci
376 3694 537 3764 palantes
555 3695 658 3762 posuit,
682 3695 717 3764 II,
742 3699 783 3763 50,
807 3696 856 3763 ΙΠ,
880 3699 904 3764 5,
927 3696 974 3763 IV,
996 3697 1031 3749 46
1049 3699 1079 3749 et
1096 3697 1138 3763 58,
1161 3694 1194 3763 V,
1216 3697 1251 3750 28
1268 3700 1298 3750 et
1314 3696 1358 3763 45,

270 3783 295 3848 5,
313 3780 362 3835 ubi
380 3780 554 3834 recentiores
572 3780 684 3835 codices
702 3782 863 3851 palantes
880 3782 994 3849 habeut,
1018 3780 1066 3847 VI,
1089 3783 1132 3848 42,
1156 3780 1218 3849 VII,
1243 3784 1255 3834 1
1276 3786 1305 3835 et
1325 3784 1355 3834 11

230 3905 234 3913 ·
270 3872 300 3922 et
323 3868 357 3921 36
379 3870 409 3919 et
426 3866 473 3930 37;
500 3870 610 3920 ceteros
632 3865 710 3920 locos
731 3872 831 3922 notare
854 3866 976 3934 omitto).
1021 3865 1242 3936 significationis
1261 3865 1359 3920 discri-

269 3968 334 4005 men
356 3950 465 4005 nullum
488 3955 544 4016 eet;
572 3969 642 4019 quos
666 3952 731 4019 VH,
757 3955 800 4020 17,
823 3955 886 4008 Set
903 3951 941 4020 X,
965 3954 1011 4020 20,
1036 3954 1175 4021 tragos
1193 3951 1357 4022 palantes

269 4037 365 4091 Livius
396 4037 479 4105 dicit,
511 4038 624 4091 eosdem
651 4037 757 4106 XXIII,
789 4041 835 4105 42,
870 4041 901 4092 12
932 4055 1038 4107 vagos
1064 4037 1137 4092 sine
1169 4037 1278 4107 signis
1305 4056 1357 4108 pa·

270 4122 360 4178 latos
408 4122 491 4191 Apud
514 4121 678 4177 Sallustium
701 4121 849 4192 (quattuor
866 4124 952 4191 locis,
975 4123 1034 4193 Ing.
1055 4125 1100 4190 18,
1123 4124 1171 4190 44,
1194 4125 1236 4190 54,
1258 4121 1302 4191 66)
1328 4128 1358 4177 et

270 4207 426 4277 Vergilium
443 4213 555 4263 tantum
573 4208 697 4276 palene
717 4209 865 4279 reperitur.
