3060 5272
784 319 847 378 444

153 501 370 585 1181110010,
397 509 619 585 praeterquam
642 502 730 586 quod
753 503 906 581 nescitur,
929 503 1058 567 minora
1080 502 1241 585 quoedam,
1265 503 1400 586 quaein

239 609 290 674 ed.
324 609 521 692 Mogontina
560 617 594 674 et
626 610 837 675 Frobeniana
871 611 942 675 sine
975 609 1191 676 adnotatione
1224 616 1400 692 nouantur,

238 718 348 783 sintne
379 739 395 781 e
425 718 537 782 codice
568 717 670 781 ducta
698 739 740 782 an
770 719 960 783 coniectura
986 726 1046 783 aut
1074 720 1174 783 etiam
1202 739 1284 783 casu
1311 725 1400 799 orta,

239 833 273 890 et
307 825 395 910 quod
428 827 462 889 in
495 826 536 890 iis
571 847 715 909 quoque,
750 848 822 909 quae
857 826 984 891 tradita
1017 833 1107 907 sunt,
1141 832 1290 891 erratum
1323 846 1398 892 esse

239 941 350 1018 potest
385 932 490 1018 (quod
526 934 664 997 maxime
700 935 852 1016 suspicor
884 934 1043 999 accidisse
1072 936 1105 999 in
1136 934 1289 1018 partibus
1317 933 1398 999 binc

240 1044 381 1125 primum
404 1041 517 1120 editis,
546 1050 583 1106 ut
610 1061 650 1105 ne
675 1041 831 1105 Gelenius
855 1042 987 1124 quidem
1011 1043 1121 1108 omnia
1142 1049 1231 1107 recte
1253 1041 1398 1126 legerit),

241 1158 367 1216 certum
402 1157 465 1229 est,
499 1171 564 1213 non
598 1170 706 1231 pauca
739 1150 860 1214 omissa
893 1171 980 1230 esse,
1014 1172 1086 1232 quae
1114 1156 1173 1215 aut
1203 1150 1399 1234 simpliciter

240 1258 413 1344 probanda
445 1257 570 1321 fuerint
598 1264 657 1322 aut
685 1280 701 1321 0
732 1258 850 1341 quibus
879 1259 1018 1340 vestigia
1045 1258 1195 1323 rimando
1223 1255 1399 1339 (quemad-

240 1365 375 1430 modum
398 1363 544 1444 XXXVI,
573 1368 624 1445 25,
654 1370 683 1444 7,
711 1364 871 1446 XXXVII,
903 1372 953 1444 41,
976 1370 995 1428 2
1019 1366 1159 1448 aliisque
1182 1366 1265 1432 locis
1286 1365 1399 1431 lacere

241 1481 381 1538 conatus
415 1472 501 1553 snm)
536 1494 648 1537 verum
682 1473 752 1536 erni
770 1475 942 1557 potuerit.
955 1474 984 1554 ¹)
1040 1474 1067 1537 E
1097 1472 1209 1537 codice
1238 1472 1398 1539 Bamber-

240 1583 348 1663 gensi,
382 1582 439 1665 qui
472 1587 549 1664 post
583 1580 707 1645 editam
740 1581 816 1644 inde
850 1581 944 1645 initio
979 1582 1089 1646 saeculi
1117 1581 1247 1664 septimi
1276 1580 1398 1646 decimi

240 1689 385 1771 priorem
414 1688 490 1752 libri
513 1686 653 1751 XXXIII
681 1696 810 1770 partem
837 1689 1006 1771 neglectus
1034 1690 1198 1768 iacuerat,
1233 1695 1310 1772 post
1337 1709 1398 1772 pa·

240 1819 313 1861 rum
342 1803 531 1860 accuratam
556 1804 589 1860 et
611 1796 727 1860 scitam
752 1797 895 1861 Goelleri
920 1817 1054 1880 operam
1079 1797 1122 1876 (a.
1149 1796 1244 1877 1822)
1266 1796 1313 1861 Ιο.
1336 1795 1397 1861 Th.

244 1905 453 1990 Kreyssigius
489 1906 522 1968 in
552 1903 697 1968 editione
725 1904 801 1968 libri
832 1903 972 1968 XXXIII
1002 1904 1044 1985 (a.
1079 1904 1174 1985 1839)
1203 1905 1399 1970 varietatem

241 2015 412 2097 scripturae
440 2012 482 2076 ad
512 2033 624 2077 omnes
653 2012 754 2077 libros
785 2012 832 2075 sic
855 2013 1017 2092 enotavit,
1052 2019 1089 2077 ut
1111 2013 1193 2077 nihil
1216 2012 1400 2078 desiderari

241 2122 403 2186 videatur.
448 2122 477 2184 Α
500 2120 622 2185 codicis
646 2120 841 2203 Moguntini,
866 2120 1014 2201 quisine
1038 2121 1138 2186 dubio
1162 2121 1398 2204 Bambergensi

242 2230 413 2312 aliquanto
436 2229 500 2293 fuit
522 2230 705 2312 antiquior,
741 2230 930 2312 propinqua
958 2229 1154 2311 cognatione
1178 2228 1399 2311 Bambergen·

242 2360 310 2403 sem
352 2337 400 2418 (et
438 2337 579 2418 ceteros)
621 2343 797 2402 secernunt
841 2338 983 2418 primum
1023 2338 1150 2420 proprii
1190 2337 1325 2420 quidam
1363 2339 1399 2402 in

243 2467 371 2511 summa
409 2444 556 2527 alioquin
595 2445 787 2528 praestantia
831 2444 1014 2526 hloguntini
1055 2467 1094 2509 ex
1140 2444 1398 2528 interpolatione

242 2555 341 2632 naevi,
375 2574 513 2635 quorum
541 2552 666 2616 nullum
694 2553 726 2614 in
757 2551 992 2635 Bambergensi
1017 2552 1204 2634 (ceterisve)
1227 2552 1401 2635 vestigium

244 2670 295 2726 est
324 2660 369 2741 (in
399 2681 464 2741 qno
493 2679 612 2741 genere
641 2658 722 2722 nibil
745 2661 893 2742 apertius
917 2669 968 2725 est
991 2682 1089 2745 quam
1111 2663 1146 2724 in
1169 2659 1300 2739 XXXV,
1324 2666 1354 2738 4,
1379 2661 1399 2723 3

244 2768 287 2834 ad
309 2768 378 2832 hacc
402 2768 515 2831 verba:
545 2768 702 2850 agmine
731 2768 898 2840 incauto
928 2777 972 2833 ut
1000 2771 1108 2834 inter
1136 2775 1309 2852 pacatos
1338 2767 1398 2833 ad·

245 2878 350 2942 ditum
383 2896 501 2959 agros
535 2882 596 2939 aut
624 2876 657 2938 in
686 2874 865 2954 XXXVIII,
897 2881 924 2955 3,
955 2876 1080 2941 ahaec:
1115 2875 1401 2960 Amphilochia

273 3158 298 3224 ¹)
317 3156 450 3211 Gelenius
474 3163 503 3210 01
525 3157 555 3210 in
577 3155 743 3225 praefatione
767 3157 845 3210 etin
868 3156 942 3209 notis
967 3156 1013 3222 (ad
1036 3155 1098 3222 XL,
1122 3158 1169 3222 39,
1192 3158 1210 3210 8
1233 3161 1262 3211 et
1278 3159 1328 3222 41,
1354 3155 1397 3223 10)

314 3243 448 3311 queritur,
473 3243 521 3310 qui
540 3247 605 3296 ante
624 3259 653 3295 ae
671 3241 769 3296 codiee
789 3241 831 3294 usi
849 3247 951 3307 essent,
971 3243 1143 3310 scripturam
1161 3242 1237 3296 lectu
1255 3240 1401 3296 difficilem

312 3345 370 3382 ncn
389 3329 458 3382 satis
477 3345 587 3397 semper
604 3329 696 3397 perite
715 3328 902 3396 diligenteme
920 3326 1102 3395 expedivisse.
1132 3329 1238 3395 Aperte
1257 3325 1401 3381 contraria

314 3413 467 3467 Carbachio
486 3414 597 3480 scribit,
620 3419 654 3467 nt
670 3414 714 3466 his
732 3417 805 3478 ntar,
825 3411 860 3465 ad
878 3411 1004 3476 XXXVI,
1027 3413 1068 3478 22,
1092 3414 1107 3463 7
1126 3411 1313 3478 (amniculo
1332 3409 1401 3478 Gel,

314 3499 420 3553 amnis
442 3499 556 3552 latere
575 3498 674 3565 Carb.),
693 3501 734 3565 24,
753 3500 779 3564 6,
798 3497 924 3564 XXXIX,
943 3500 967 3563 3,
987 3500 1003 3549 2
1022 3503 1051 3551 01
1068 3499 1092 3563 5,
1111 3499 1128 3550 9
1146 3503 1174 3550 01
1194 3499 1236 3564 18,
1255 3499 1279 3551 8.
1306 3495 1399 3549 Inter·

313 3584 380 3637 dum
403 3590 521 3654 propter
543 3585 701 3660 ambiguam
726 3581 867 3651 quandam
886 3580 993 3636 Gelenii
1017 3582 1160 3637 scribendi
1183 3583 1351 3635 brevitatem
1372 3585 1402 3634 01

314 3670 478 3724 varietatem
497 3670 601 3724 iniuria
618 3670 779 3724 dubitatum
799 3673 828 3721 et
846 3668 915 3721 olim
934 3674 962 3721 et
979 3685 1070 3736 nuper
1088 3673 1139 3733 est,
1167 3675 1261 3721 ntrnm
1279 3684 1320 3732 ea,
1339 3681 1403 3734 quoe

314 3773 330 3808 a
353 3772 383 3807 se
406 3760 532 3809 correcta
555 3756 666 3821 scribit,
694 3754 785 3808 codici
816 3772 852 3807 an
882 3753 1050 3808 coniecturae
1079 3752 1244 3805 debeantur.
1289 3749 1343 3819 Qui
1365 3750 1402 3805 ad

314 3847 404 3894 totam
428 3840 534 3895 Gelenii
557 3836 790 3894 consuetudinem
815 3839 982 3906 attenderit,
1009 3854 1065 3891 non
1085 3838 1241 3904 dubitabit,
1269 3837 1346 3906 quin,
1369 3840 1403 3890 ut

314 3925 430 3993 XXXV,
457 3928 503 3993 28,
532 3929 560 3978 11
586 3925 740 3993 (,Antiqua
767 3925 906 3993 scriptura
932 3923 1010 3992 equi
1036 3920 1117 3976 duo“
1142 3923 1222 3990 001),
1241 3923 1289 3999 ,sic
1316 3921 1402 3975 etiam

314 4010 438 4077 XXXVI,
457 4013 499 4077 23,
518 4013 542 4077 7,
565 4009 704 4076 XXXVII,
722 4012 764 4077 53,
782 4013 807 4076 4,
826 4008 986 4077 XXXVHI,
1005 4011 1047 4075 28,
1065 4011 1083 4062 8
1100 4014 1130 4062 01
1148 4010 1190 4075 59,
1207 4009 1224 4061 6
1242 4013 1271 4061 01
1288 4010 1305 4060 'l
1323 4006 1401 4061 eodi-

315 4115 376 4151 cem
398 4102 511 4151 secutus
535 4097 580 4150 sit.
624 4096 678 4150 Est
700 4102 811 4162 tamen,
838 4096 884 4149 ubi
912 4094 1017 4148 codicis
1041 4095 1214 4163 scripturam
1236 4093 1401 4147 coniectura

316 4182 440 4236 adiutam
459 4199 516 4236 non
534 4199 644 4250 negem,
662 4187 695 4234 11
712 4180 771 4247 XL,
793 4184 832 4249 14,
850 4181 867 4235 2
885 4178 1044 4249 (gaudio).
