3060 5272
225 394 287 448 Lib.
305 393 417 452 XXVII.
770 379 832 439 400
875 468 881 473 ¹

226 566 330 645 XXV,
360 570 418 643 41,
452 565 522 646 13);
556 564 596 627 de
627 584 665 629 eo
695 562 839 626 dubitari
862 562 991 646 nequit,
1025 563 1103 645 quin
1127 563 1161 626 in
1184 583 1211 626 c.
1235 566 1276 625 40
1299 563 1379 626 scri·

224 673 332 738 bendo
356 672 536 738 Hostilium
558 671 701 736 Tarento
725 669 899 752 praesidere
924 669 1096 753 putarit.¹)

311 780 390 863 Cap,
414 785 470 859 45,
505 783 527 843 3
552 779 600 861 (in
634 780 780 843 oratione
811 777 941 843 Claudii
969 777 1110 843 Neronis
1146 778 1290 843 consulis
1319 779 1378 843 mi·

224 888 339 953 litibus
376 895 501 952 certam
535 887 574 952 de
589 867 596 880 ’
610 885 818 951 Hasdrubale
855 886 998 951 victoriae
1026 907 1117 969 spem
1145 886 1377 967 ostendentisl:

226 995 396 1078 Quippe,
420 994 468 1059 ad
492 994 597 1077 quod
619 993 771 1058 bellum
794 993 955 1076 collega
977 1014 1052 1057 non
1071 999 1174 1073 ante,
1198 1014 1312 1077 quam
1330 993 1378 1058 ad

225 1103 466 1167 satietatem
488 1103 624 1185 ipsius
647 1102 829 1184 pediturn
852 1108 973 1183 atque
997 1102 1179 1183 equitum
1202 1101 1306 1166 datae
1329 1101 1377 1167 ab

226 1216 372 1275 senatu
403 1209 528 1292 copiae
556 1209 811 1287 fuissent—,
846 1209 1065 1291 profectus
1094 1209 1162 1287 sit,
1197 1230 1240 1273 eo
1263 1210 1377 1292 ipsos

225 1323 585 1400 quantumcunque
636 1317 783 1381 virium
833 1325 1076 1391 momentum
1124 1315 1378 1395 addiderint,

224 1446 306 1489 rem
341 1446 494 1489 omnem
528 1424 821 1488 inclinaturos.
880 1423 932 1489 Sic
961 1423 1246 1490 Weissenbornius
1276 1425 1377 1489 inter·

213 1533 352 1614 punxit,
382 1554 432 1611 ne,
457 1534 484 1596 si
507 1553 580 1596 cum
605 1532 723 1596 ceteris
746 1552 873 1596 comma
895 1539 972 1615 post
993 1534 1107 1615 ipsos
1130 1533 1297 1615 posuisset
1319 1531 1376 1612 (eo

224 1639 354 1721 ipsoS,
387 1639 776 1723 quantumcunque),
809 1661 909 1722 prava
940 1646 1088 1704 oreretur
1118 1639 1296 1718 sententia;
1331 1640 1378 1703 sic

225 1747 312 1810 enim
335 1745 491 1812 Claudius
513 1747 576 1812 hoc
599 1754 729 1811 tantum
752 1749 924 1830 promittit,
948 1748 1070 1811 milites
1093 1747 1134 1810 ad
1157 1747 1281 1811 bellum
1303 1766 1377 1810 cum

224 1852 435 1919 Hasdrubale
458 1854 531 1936 (eo)
555 1876 684 1947 omnem
706 1877 775 1918 rem
797 1855 1021 1932 inclinaturos,
1044 1855 1106 1919 hoc
1129 1861 1180 1919 est
1202 1855 1244 1935 (si
1266 1861 1378 1919 tamen
1482 1929 1486 1936 ¹

224 1969 313 2026 recte
344 1962 463 2026 dicitur
492 1984 561 2026 rem
589 1962 630 2026 ad
659 1963 780 2026 bellum
809 1962 942 2044 aliquod
970 1961 1159 2042 inclinare),
1190 1961 1376 2040 effecturos,

115 2118 121 2125 .
225 2075 263 2134 ut
289 2069 323 2133 id
352 2072 519 2154 praecipuo
549 2071 593 2136 sit
619 2070 692 2135 loco
722 2071 810 2134 etin
834 2091 872 2134 eo
896 2071 1005 2134 omnia
1027 2076 1213 2149 certantum
1244 2090 1377 2134 necesse

225 2183 277 2241 est
305 2183 415 2242 autem
438 2179 642 2261 promiserit,
674 2199 732 2243 eos
754 2198 826 2242 rem
848 2177 1064 2242 inclinaturos
1089 2176 1286 2258 (absolute),
1315 2176 1377 2241 hoc

223 2292 288 2362 est,
322 2285 478 2365 facturos,
501 2293 554 2364 ut,
589 2307 660 2368 quae
683 2285 843 2349 hactenus
866 2286 939 2367 pari
963 2293 1128 2350 momento
1152 2285 1309 2362 stetisset,
1343 2286 1377 2348 in

225 2392 363 2456 alteram
394 2392 514 2474 (suam)
542 2400 670 2477 partem
704 2392 920 2456 inclinaretur
948 2390 1009 2470 (sie
1043 2392 1175 2457 wiirden
1204 2393 1266 2456 den
1293 2392 1377 2457 Aus-

225 2498 338 2581 schlag
361 2500 480 2583 geben3
515 2500 578 2564 vid.
603 2499 750 2578 XXVIII,
781 2504 829 2579 15,
860 2504 879 2562 7
907 2506 940 2563 et
963 2503 1012 2578 22,
1042 2504 1072 2579 8,
1100 2497 1173 2580 al.);
1206 2501 1378 2582 nequead

225 2605 326 2669 aliam
353 2606 454 2671 ullam
477 2609 674 2672 sententiam
698 2614 811 2690 aptum
834 2614 884 2671 est
906 2605 988 2672 illud
1010 2613 1377 2689 quantumcumque

224 2713 371 2777 virium
394 2721 639 2779 momentum.
692 2713 813 2778 Verum
835 2713 929 2779 illum
949 2715 1202 2798 interpungendi
1225 2722 1378 2780 conatum

226 2821 344 2885 evertit
372 2823 579 2887 accusativus
608 2823 737 2904 ipsos,
771 2823 827 2904 qui
856 2822 1009 2903 quoniam
1039 2822 1103 2887 nisi
1131 2821 1173 2886 ad
1203 2822 1378 2887 inelina-

226 2934 340 2992 turos
374 2931 538 3012 pertinere
572 2931 701 3012 nequit,
741 2931 925 2994 necessario
960 2931 1075 2995 eodem
1110 2928 1299 2995 adverbium
1334 2952 1377 2995 eo

226 3035 387 3116 trahitur;
427 3058 532 3121 neque
571 3040 605 3102 in
646 3036 708 3102 bac
748 3038 907 3102 orationis
941 3038 1047 3102 forma
1079 3038 1148 3102 ulla
1181 3037 1378 3103 confusionis

228 3146 466 3210 sententiarum
500 3144 688 3228 (συγχύσεως)
722 3144 828 3228 figura
865 3145 973 3210 locum
1012 3145 1122 3210 habet.
1184 3144 1302 3227 ltaque
1341 3152 1379 3209 ut

227 3259 320 3316 recta
357 3254 519 3318 sententia
559 3255 729 3337 oratioque
772 3252 948 3333 efficiatur,
990 3253 1197 3318 scribendum
1231 3260 1295 3317 est:
1334 3274 1377 3319 eo

227 3358 305 3449 tpsl
338 3360 370 3422 al
404 3368 766 3443 quantumcunque
805 3361 953 3425 virium
991 3368 1229 3426 momentum
1261 3361 1378 3426 addi·

227 3466 376 3547 derint,
406 3490 488 3533 rem
510 3491 660 3534 omnem
683 3468 972 3534 inclinatnros.
1023 3469 1076 3534 Ita
1099 3475 1377 3552 quantuscun-

225 3594 299 3656 que
322 3575 487 3641 infinitum
510 3578 575 3641 erit
596 3597 793 3660 pronomen,
822 3575 985 3659 quomodo
1014 3576 1048 3641 id
1069 3576 1180 3641 Livius
1203 3575 1378 3658 aliquoties

253 3850 279 3916 ¹)
297 3847 374 3919 [Cap.
392 3850 436 3914 48,
453 3850 470 3900 7
488 3848 680 3916 interpunctio
698 3848 739 3902 sic
757 3846 933 3902 emendanda
951 3851 995 3901 eat
1012 3846 1198 3914 (verteret,
1221 3845 1378 3914 litteris),

293 3938 327 3988 ut
351 3933 468 3988 verbum
495 3932 633 3998 edocet,
664 3932 793 4002 longiore
819 3932 1045 3987 ratiocinationis
1072 3931 1263 3986 declaratione
1288 3931 1377 4001 parti·

294 4020 369 4090 cipio
397 4022 493 4072 ratus
520 4018 661 4084 subiecta,
695 4019 876 4073 continuetur
903 4017 972 4072 illis:
1005 4023 1073 4071 tum
1100 4015 1280 4082 Claudium
1312 4031 1378 4071 nam
1406 4086 1412 4093 ·

293 4110 364 4158 tum
388 4102 555 4158 Claudius
573 4131 608 4141 -
623 4108 735 4170 ratus,
767 4108 800 4158 ut
823 4105 878 4157 hoc
902 4120 955 4173 pro
977 4101 1057 4158 finito
1080 4102 1132 4168 sit,
1158 4117 1245 4171 prave
1267 4101 1377 4156 dicitur.

294 4189 348 4245 Cfr.
367 4207 392 4259 p.
412 4190 464 4242 216
482 4189 518 4242 de
536 4186 665 4255 XXXIV,
683 4190 726 4257 27,
744 4191 760 4243 5
778 4194 807 4243 et
824 4189 908 4259 paulo
927 4192 993 4242 ante
1011 4187 1046 4241 de
1063 4203 1087 4241 c.
1105 4188 1147 4253 34,
1168 4189 1207 4241 lt
1245 4183 1331 4255 1862]
