3060 5272
245 340 309 394 ms.
326 339 413 393 xxx.
500 402 506 410 ,
792 328 855 387 424

247 511 408 594 collegae
430 531 581 589 nomen,
608 509 783 574 ridendum
806 517 898 593 pute,
926 531 968 574 ne
989 531 1103 574 rerum
1125 511 1169 574 sit
1190 508 1338 589 edidit3
1365 509 1401 575 id

247 621 332 685 enim
361 621 395 683 in
423 619 483 683 tali
510 617 650 682 hominis
678 619 901 682 nominatione
930 625 988 682 aut
1016 617 1138 682 indicio
1160 618 1209 683 rei
1230 618 1402 702 proprium

246 748 364 794 nomen
388 735 456 806 est,
477 726 573 790 dare
595 746 739 789 nomeu
762 723 884 806 (suum)
907 725 1004 790 aliter
1025 724 1157 790 dicitur.
1433 716 1441 726 ’

678 915 770 996 uie.
804 916 975 1025 mnf)

332 1048 411 1133 Cap.
444 1055 475 1127 1,
517 1052 552 1111 9:
592 1049 818 1112 Ariminum
853 1069 937 1112 cum
972 1048 1129 1114 duabus
1163 1047 1402 1130 legionibus

245 1157 332 1237 (sub
351 1156 543 1220 Lucretio
562 1155 707 1239 Spurio
726 1177 777 1219 eae
800 1156 981 1236 suerunt)
999 1156 1254 1233 Quinctilius
1271 1156 1403 1221 Varus

245 1272 307 1330 est
330 1265 515 1329 sortitus.
556 1264 733 1341 Restituto,
756 1263 845 1345 quod
868 1272 946 1327 ante
963 1264 1013 1327 W.
1033 1263 1201 1343 edebatur,
1223 1263 1402 1343 fuerant,

245 1372 375 1449 deinde,
398 1371 555 1455 quoniam
577 1369 657 1434 ferri
679 1371 794 1452 nequit
816 1371 1013 1435 Lucretio
1037 1371 1184 1454 Spurio
1202 1369 1280 1452 (rid.
1298 1390 1403 1453 supra

246 1504 277 1564 p.
292 1484 353 1543 377
366 1479 463 1543 huius
480 1476 556 1558 ed),
580 1477 790 1541 scribendum
812 1478 941 1542 ridetur
963 1488 1035 1542 aut:
1060 1479 1120 1561 Sp.
1138 1478 1325 1543 Lucretii
1347 1498 1403 1542 eae

245 1589 415 1652 fuerant
448 1592 521 1649 aut:
564 1584 633 1647 snb
669 1584 728 1667 Sp.
762 1585 954 1650 Lucretio
988 1608 1041 1650 ea>
1074 1585 1111 1666 f.‚
1145 1594 1183 1650 ut
1216 1592 1294 1668 post
1326 1576 1414 1649 sub'

246 1694 403 1760 exciderit
427 1690 497 1775 Sp,
520 1692 595 1756 dein
618 1712 719 1775 pravo
742 1693 815 1757 loco
839 1694 1028 1777 suppletum
1050 1696 1103 1758 sit.
1148 1692 1271 1775 (1863.)

331 1799 410 1883 Cap.
434 1807 469 1879 4,
500 1805 518 1863 5
548 1799 619 1879 (ubi
648 1798 831 1882 legatorum
856 1802 1076 1865 Romanorum
1104 1800 1193 1885 apud
1217 1798 1401 1884 Syphacem

245 1930 355 1993 regem
379 1909 485 1972 oratio
508 1907 705 1988 indicatum:
739 1907 932 1985 Proinde,
963 1931 1030 1972 seu
1061 1910 1143 1992 ipsi
1168 1910 1401 1974 staretiam

246 2017 455 2083 sententia
477 2036 548 2079 seu
572 2014 849 2079 consulendus
873 2016 1107 2080 Hasdrubal
1129 2025 1168 2080 et
1191 2013 1402 2099 Carthagi·

245 2127 408 2192 nienses
432 2130 580 2202 essent,
604 2123 852 2187 consuleret.
905 2122 999 2199 Quod
1023 2145 1082 2206 pro
1105 2123 1244 2208 apodesi
1266 2125 1403 2207 ponitur

246 2232 494 2309 consuleret,
518 2231 616 2295 alteri
639 2237 768 2295 tantum
791 2231 973 2296 condicioni
996 2231 1205 2315 respondere,
1228 2232 1271 2296 ab
1294 2231 1404 2297 altera

247 2344 332 2413 lacu
366 2341 448 2423 ipsi
477 2346 516 2402 st.
547 2340 567 2401 i.
599 2338 638 2419 a.)
667 2360 801 2421 prorsus
830 2339 974 2403 alienum
1002 2360 1073 2403 esse
1097 2339 1403 2405 ll'eisseubornium

160 2466 232 2533 (sm)
251 2472 316 2514 uon
338 2447 463 2512 fefellit.
520 2445 584 2509 Sed
613 2445 701 2529 qued
729 2447 870 2528 priorem
895 2446 1055 2528 apoduein
1078 2469 1118 2511 ex
1140 2447 1403 2531 praecedentibus

246 2557 314 2641 peti
338 2576 434 2639 posse
458 2559 563 2637 putat,
593 2551 626 2615 id
649 2553 682 2615 iu
705 2553 768 2616 hae
791 2555 950 2617 orationis
973 2552 1080 2618 forma
1102 2554 1192 2639 (post
1214 2552 1401 2639 proinde)

275 2825 299 2889 ¹)
318 2823 351 2876 ln
378 2822 432 2874 hoe
459 2821 532 2874 libro
559 2822 651 2874 minus
678 2822 760 2890 plene
787 2828 914 2876 enotatas
942 2841 993 2877 nes
1017 2824 1120 2879 habere
1143 2825 1248 2879 codicis
1271 2826 1400 2895 Pserip·

315 2912 403 2973 turae,
431 2906 490 2959 dixi
518 2923 603 2975 supra
629 2906 666 2975 (p.
692 2909 760 2973 204).
811 2907 844 2962 In
871 2910 968 2977 primis
996 2910 1062 2963 libri
1089 2911 1228 2979 capitibus
1255 2910 1402 2980 complura

315 2997 389 3058 sunt,
414 3008 476 3060 quae
495 3008 753 3058 commemorarem,
772 2993 827 3046 uisi
845 2995 966 3047 instituti
990 2996 1046 3048 mei
1062 2996 1137 3048 ratio
1156 2996 1254 3048 moab
1273 2996 1316 3063 iis,
1336 3011 1399 3064 quse

314 3075 361 3129 alii
381 3076 435 3129 iam
455 3083 531 3131 reete
549 3077 791 3144 administrarant,
810 3085 949 3132 avocaret.
985 3079 1049 3133 Duo
1068 3088 1163 3134 tamen
1182 3086 1287 3149 prester
1305 3086 1402 3135 cetera

314 3161 433 3215 miratus
458 3180 531 3229 sum,
558 3163 677 3232 primum
702 3181 762 3232 cap.
781 3166 810 3227 2,
838 3168 921 3232 ipro
944 3165 1100 3219 certissima
1125 3167 1178 3219 hac
1202 3165 1357 3234 scripture,
1383 3182 1401 3219 a

314 3246 443 3301 Creverio
468 3248 597 3314 iuventa,
622 3266 683 3316 qum
702 3264 758 3302 una
775 3253 888 3302 tantum
906 3250 1001 3303 littera
1019 3268 1035 3303 a
1052 3249 1074 3302 P
1093 3249 1225 3304 discedit:
1253 3255 1287 3304 et
1309 3251 1400 3318 quia,

313 3350 352 3386 ue
385 3350 450 3400 qua
476 3332 714 3401 (quiantequa)
742 3334 870 3387 classis
898 3351 937 3387 ex
964 3334 1088 3388 Africa
1113 3336 1310 3403 traiiceret,
1343 3335 1400 3390 XL

314 3418 462 3472 navibus
504 3417 681 3471 custodiri
720 3418 913 3487 placuerat
949 3420 1085 3474 Siciliae
1121 3438 1225 3487 oram,
1266 3421 1401 3475 substitui

313 3503 440 3571 petuisse
462 3502 725 3556 ell'eissenbornie
750 3502 825 3569 (nem
844 3504 1050 3558 Alschefskium
1073 3523 1131 3559 non
1156 3505 1234 3571 curo)
1252 3505 1338 3561 banc:
1367 3511 1401 3560 et

314 3588 406 3655 quia,
434 3592 616 3655 antequam
640 3587 850 3656 classiscet,
871 3606 925 3656 qua
943 3589 1013 3643 nihil
1031 3591 1187 3659 perversius
1207 3589 1277 3660 fingi
1294 3596 1399 3660 potest,

313 3688 396 3739 quem
412 3671 548 3725 custodiri
563 3672 654 3725 iuberi
670 3688 756 3738 oram,
774 3677 925 3741 antequam
940 3674 1035 3728 hostes
1050 3676 1264 3744 aggredientem
1284 3674 1399 3744 [omisso

313 3774 375 3810 eum
394 3754 536 3810 Gronovio
556 3762 590 3809 et
608 3762 673 3809 unte
691 3757 771 3826 prius
790 3758 881 3825 quia,
912 3759 1004 3813 oratio
1027 3762 1067 3814 sic
1092 3760 1318 3829 interpungeuda
1342 3767 1398 3815 est:

313 3841 351 3894 ln
379 3840 539 3896 Siciliam
567 3869 601 3880 -
626 3842 774 3909 scripta,
803 3843 883 3910 quia
904 3870 939 3879 —
962 3843 1091 3912 suerat;
1119 3850 1153 3899 et
1180 3847 1273 3914 quia,
1301 3863 1341 3901 ne
1363 3874 1400 3884 -

313 3943 417 3992 eram,
445 3925 617 3981 tredecim
639 3953 672 3963 -
695 3926 804 3992 duxit;
827 3933 956 3982 ceteras
984 3958 1020 3983 -.
1061 3929 1106 3983 Ita
1131 3931 1221 3984 omnis
1245 3929 1398 3985 difficultas

312 4008 446 4079 tolleturl.
488 4010 615 4064 Alterum
634 4018 685 4077 est,
708 4028 731 4064 c.
751 4013 776 4078 3,
794 4015 811 4065 4
830 4014 925 4082 sperni
943 4015 1070 4083 petuisse
1089 4015 1257 4084 scripturam
1275 4016 1318 4069 ed.
1337 4016 1397 4070 blo·

312 4100 402 4164 gunt:
432 4096 460 4150 si
488 4095 581 4151 sorte
608 4096 673 4149 iam
700 4098 812 4151 satias
838 4100 963 4153 amoris
987 4101 1019 4154 iu
1044 4116 1150 4153 uxore
1175 4128 1209 4139 -
1232 4101 1396 4170 cepisset,

311 4180 425 4233 retineri
443 4181 533 4234 satis
552 4182 685 4237 amoris.
