3060 5272
764 291 847 354 ’20

252 480 365 545 codice
392 478 539 544 Mediceo
568 476 737 560 (quoniam
765 477 805 542 de
828 475 978 543 Rhenani
1005 477 1076 543 cod.
1099 479 1244 561 tacetur)
1274 484 1308 543 et
1336 497 1402 541 uno

252 589 396 654 alterove
424 593 584 672 praterea
613 593 672 651 aut
699 586 799 651 etiam
826 587 861 650 in
888 585 960 652 solo
982 586 1130 652 Mediceo
1153 586 1276 670 duplex
1298 587 1403 671 scrip-

250 705 327 763 tura
359 697 537 780 reperitur,
571 701 609 759 ut
643 695 805 779 suspicari
838 694 974 777 aliquis,
1007 695 1065 779 qui
1097 695 1204 759 minus
1240 694 1402 773 attendat,

250 806 371 890 possit,
406 826 478 870 eam
506 803 558 868 his
585 802 667 867 locis
696 824 761 867 non
791 802 824 866 in
853 803 1016 867 communi
1045 804 1189 868 omnium
1211 810 1403 869 nostrorum

250 911 342 978 fonte
365 913 431 977 iam
453 910 569 990 luisse,
603 910 662 976 sed
689 911 723 975 iu
752 910 863 993 aliquo
887 911 998 977 codice
1020 911 1107 977 inter
1129 911 1222 976 illum
1244 918 1278 977 et
1298 911 1403 977 Medi·

252 1041 345 1086 ceum
372 1021 545 1086 interiecto
574 1021 716 1103 primum
744 1024 851 1084 ortam
874 1039 962 1100 esse;
995 1041 1071 1085 uam
1093 1020 1127 1084 in
1150 1021 1223 1105 ipso
1245 1018 1331 1084 Med.
1355 1020 1403 1084 sic

252 1128 385 1194 confuse
419 1128 647 1194 additamenta
674 1126 789 1192 mediae
817 1127 960 1192 orationi
988 1128 1257 1212 interponuntur,
1291 1134 1330 1193 ut
1356 1126 1404 1193 ibi

146 1225 148 1229 ⁸
250 1238 391 1322 primum
415 1237 584 1320 adscripta
605 1256 701 1301 nemo
724 1235 857 1300 credere
880 1236 995 1319 possit.
1052 1236 1116 1302 Sed
1138 1236 1207 1301 haec
1231 1257 1361 1320 quoque
1385 1259 1403 1302 e

251 1344 364 1410 codice
386 1346 457 1428 ipso
481 1345 659 1429 archetypo
682 1345 716 1408 in
738 1344 921 1409 Mediceum
943 1346 1118 1423 transisse,
1148 1366 1213 1411 non
1236 1345 1340 1411 solum
1363 1367 1403 1410 ex

252 1474 290 1519 eo
314 1459 467 1537 apparet,
501 1452 589 1535 quod
618 1451 784 1517 nonnullis
812 1457 923 1517 tamon
950 1453 1032 1518 locis
1062 1452 1105 1517 ad
1133 1452 1215 1519 alios
1244 1452 1404 1536 quosdam

183 1571 236 1639 (19)
255 1561 384 1627 codices
407 1584 427 1626 a
448 1560 595 1627 Mediceo
624 1558 787 1625 diiunctos
809 1566 1048 1644 propagantur,
1077 1567 1135 1625 aut
1157 1561 1244 1643 quod
1266 1582 1403 1645 prorsus

251 1669 399 1735 eiusdem
423 1669 553 1751 generis
577 1677 655 1733 sunt
677 1673 777 1749 atque
801 1688 850 1745 ea,
880 1688 952 1749 quae
975 1670 1119 1761 omnium
1142 1675 1201 1733 aut
1222 1669 1404 1752 plerorum-

252 1799 315 1860 que
339 1797 501 1842 consensu
524 1775 567 1840 ad
590 1774 802 1859 archetypum
824 1783 1037 1855 revocantur,
1073 1777 1130 1842 sed
1153 1777 1257 1842 multo
1280 1778 1404 1842 certius

252 1886 521 1966 manifestiusque
555 1905 595 1948 ex
628 1904 682 1962 eo,
721 1884 810 1965 quod
850 1905 889 1948 ex
930 1884 1051 1967 duplici
1085 1885 1249 1969 scriptura
1280 1886 1403 1951 codicis

251 1993 392 2058 Medicei
421 1993 454 2057 in
478 1992 608 2071 ceteris,
642 1993 782 2056 maxime
805 1991 982 2057 Parisiensi
1006 2001 1039 2058 et
1062 1993 1295 2079 deterioribus,
1328 1994 1403 2060 aliis

251 2101 332 2167 locis
360 2102 480 2180 verior,
508 2100 583 2165 aliis
607 2100 766 2178 deterior,
796 2099 858 2165 hoc
881 2108 945 2179 est,
974 2102 1301 2185 interpretamentum
1324 2104 1403 2168 reti-

251 2216 356 2275 netur.
406 2209 522 2293 Itaque
545 2209 700 2291 quoniam
723 2209 1051 2292 interpretamentum
1074 2210 1168 2275 initio
1192 2211 1402 2275 coniunctum

252 2341 323 2385 esse
353 2318 467 2383 debuit
497 2339 571 2381 cum
600 2338 677 2381 vera
706 2317 869 2401 scriptura
892 2338 930 2381 ac
953 2324 1068 2401 postea
1091 2317 1220 2382 demum
1244 2320 1272 2382 ei
1296 2319 1403 2384 solum

251 2427 408 2496 substitui
430 2426 551 2510 potuit,
584 2424 636 2489 his
664 2446 793 2507 quoque
821 2424 903 2489 locis
926 2427 959 2490 in
982 2425 1093 2508 aliquo
1117 2426 1242 2505 codice,
1276 2448 1314 2491 ex
1337 2449 1402 2510 quo

252 2543 285 2601 et
306 2534 475 2600 Mediceus
507 2542 540 2598 et
562 2533 757 2598 Parisiensis
788 2533 954 2616 ceterique
984 2535 1048 2599 orti
1077 2541 1167 2614 sunt,
1201 2533 1264 2599 hoc
1287 2540 1346 2616 est,
1368 2535 1402 2600 iu

252 2643 323 2708 cod.
352 2642 532 2725 archetypo
567 2641 686 2724 duplex
726 2642 892 2725 scriptura
928 2640 1009 2721 fnit,
1049 2642 1106 2707 sed
1140 2641 1267 2707 librarii
1302 2646 1402 2709 ceteri

253 2750 386 2835 (praeter
407 2750 498 2829 illos,
528 2750 583 2832 qui
606 2749 691 2814 Med.
716 2756 750 2814 et
771 2748 921 2814 Rhenani
951 2749 1080 2815 codices
1103 2751 1314 2834 scripserunt,
1343 2759 1403 2817 aut

252 2858 361 2937 illum,
395 2859 451 2940 qui
479 2857 577 2923 huius
605 2858 777 2940 utriusque
801 2858 986 2941 parentem)
1009 2858 1176 2942 plerisque
1198 2859 1280 2924 locis
1304 2882 1403 2929 unam

253 2968 450 3049 scripturam
473 2971 659 3045 tenuerunt,
683 2973 743 3030 aut
761 2987 842 3044 eam,
866 2986 939 3050 quae
956 2967 990 3030 in
1007 2966 1122 3031 ordine
1140 2975 1239 3047 esset,
1262 2968 1403 3034 feliciter

251 3073 540 3158 interpolationem
561 3075 716 3154 vitantes,
747 3081 804 3138 aut
826 3094 911 3152 eam,
935 3094 1006 3155 quae
1030 3096 1130 3159 supra
1152 3077 1284 3160 scripta,
1315 3077 1403 3160 quod

252 3204 326 3248 eam
349 3183 604 3247 emendatiorem
625 3182 798 3266 putabant.
811 3181 840 3264 1)
890 3182 998 3265 Atque
1022 3182 1092 3248 hac
1114 3184 1162 3247 ita
1184 3206 1271 3264 esse,
1300 3206 1402 3270 appa-

252 3291 353 3372 rebit,
386 3312 426 3357 ne
450 3291 546 3375 plura
569 3312 753 3374 congeram,
787 3289 838 3355 vel
861 3311 901 3354 ex
923 3291 1020 3356 unius
1042 3291 1119 3356 libri
1141 3293 1232 3356 tertii
1254 3293 1335 3359 locis
1358 3295 1402 3360 ad

281 3564 304 3628 ¹)
324 3563 352 3617 Si
372 3564 444 3632 quis,
462 3561 514 3617 hae
533 3563 675 3632 descripta
692 3562 821 3617 codicum
840 3562 1024 3630 cognatione:

663 3648 724 3702 cod.
744 3647 818 3701 arch.

618 3753 637 3787 x
842 3732 871 3784 P.
891 3736 920 3785 et
939 3733 1026 3786 ceteri

558 3806 777 3885 When),

321 3904 350 3957 in
373 3903 435 3959 cod.
458 3922 476 3957 x
500 3904 627 3974 duplices
649 3903 713 3956 illas
737 3903 891 3970 scripturas
916 3908 993 3957 ortas
1016 3909 1111 3974 putat,
1139 3924 1201 3975 quse
1224 3907 1254 3961 in
1271 3907 1400 3962 Mediceo

322 3995 395 4058 sunt,
412 4005 470 4045 non
488 3993 643 4060 potnerunt
660 3989 911 4057 interpretamenta
929 3989 959 4043 iu
976 4008 994 4043 x
1009 3990 1120 4046 demum
1140 3992 1282 4062 adscripta
1294 3993 1325 4048 in
1338 3993 1401 4048 cod.

320 4072 351 4126 P.
370 4079 399 4128 et
417 4079 525 4130 eeteros
544 4073 674 4140 transire,
694 4074 809 4142 expulsa
827 4092 893 4130 vera
912 4075 1058 4145 scriptura.
