3060 5272
705 806 766 868 359
1146 817 1208 873 Lib.
1227 817 1313 872 XXV.

154 993 308 1060 Graccho
331 999 479 1058 struente
501 992 535 1056 in
559 992 670 1058 codice
692 991 718 1056 P
741 993 789 1056 sic
811 990 977 1070 scribitur,
1005 991 1135 1071 ceteris,
1163 998 1202 1056 ut
1224 993 1313 1074 quis·

154 1124 223 1188 que
246 1103 378 1167 minime
402 1107 577 1185 corruptus
601 1108 660 1179 est,
685 1102 832 1185 proxime
855 1098 1105 1165 accedentibus:
1138 1100 1314 1165 Deducit

154 1211 307 1293 (Flavus)
340 1209 514 1275 Poenum
553 1210 593 1274 in
633 1209 764 1273 locum
804 1211 948 1292 paucis
982 1208 1207 1275 Gracchum
1242 1210 1313 1274 ad-

154 1319 526 1400 ducturumamago
549 1317 608 1381 ibi
631 1317 795 1402 pedites
818 1319 1065 1401 equitesque
1089 1327 1314 1384 armareset

51 1497 54 1505 ,
154 1447 302 1511 capere
331 1447 399 1492 eas
429 1425 602 1490 latebrae
631 1426 698 1490 ubi
728 1427 936 1508 ingentem
964 1448 1170 1492 numerum
1200 1449 1313 1492 occu·

156 1535 273 1601 leret.
329 1535 367 1599 In
400 1534 520 1598 horum
553 1533 728 1598 verborum
760 1535 867 1619 prima
900 1543 995 1618 parte
1028 1558 1094 1600 non
1122 1537 1314 1602 mutandum

156 1664 233 1709 cum
263 1636 428 1708 Gronovio
456 1643 495 1706 in
524 1641 669 1721 locum,
704 1642 763 1707 sed
791 1642 1062 1725 intellegendum,
1095 1643 1149 1709 hic
1171 1667 1312 1730 quoque,
1356 1711 1360 1717 ,

156 1757 194 1817 nt
216 1772 303 1836 saepe
326 1752 360 1815 in
382 1748 433 1815 his
455 1750 566 1828 libris,
595 1750 727 1816 litteras
755 1751 884 1834 aliquot
911 1751 953 1816 ob
983 1752 1231 1818 similitudinem
1259 1776 1314 1819 ex·

155 1860 292 1939 cidisse,
316 1858 525 1924 scribendum
549 1865 598 1923 est
620 1859 720 1923 enim:
752 1859 791 1923 in
814 1859 954 1939 locum,
977 1878 1048 1936 que
1070 1880 1148 1923 ιιι
1171 1864 1313 1946 paucis

156 1968 383 2036 Gracchum
418 1966 685 2033 adducturum
718 1969 786 2032 ait.
844 1966 1042 2049 (Gronovius
1076 1969 1138 2033 ait
1171 1969 1313 2035 ductu—

157 2098 250 2156 rum,
279 2074 429 2159 neglecto
453 2095 479 2154 a,
508 2075 595 2158 quod
618 2077 653 2140 in
676 2076 788 2141 codice
811 2083 889 2142 ante
911 2076 1024 2159 Mago
1048 2076 1227 2160 scribitur.)
1272 2078 1310 2144 In
1328 2085 1401 2156 (294)

157 2184 294 2268 reliquis
332 2205 440 2267 neque
474 2182 638 2249 Gronovio
677 2206 784 2270 neque
818 2185 1084 2251 Weissenbomio
1124 2188 1315 2277 coniectura

157 2293 298 2359 feliciter
332 2293 509 2370 successit,
542 2292 606 2356 nisi
640 2292 728 2375 quod
751 2293 933 2359 Gronovius
961 2301 1050 2360 recte
1073 2295 1315 2377 animadvertit,

155 2401 340 2467 orationem
375 2401 417 2465 ab
447 2400 576 2464 infinita
603 2399 710 2466 forma
738 2403 882 2467 transire
911 2404 944 2467 in
974 2404 1217 2468 coniunctirum
1245 2405 1314 2470 eius

158 2510 302 2595 generis,
336 2529 400 2591 quo
429 2508 573 2573 iubentis
602 2510 709 2574 oratio
738 2510 871 2595 oblique
900 2510 1049 2576 refertur.
1105 2511 1177 2576 Hoc
1205 2514 1314 2596 posito

156 2617 335 2683 tenendum
369 2617 485 2681 deinde
520 2623 585 2697 est,
619 2618 745 2682 iussum
778 2640 852 2683 esse
879 2618 1052 2702 Magonem
1086 2640 1152 2684 non
1186 2620 1314 2704 pedites

158 2726 353 2811 equitesque
376 2746 506 2789 armare
530 2724 639 2807 (quasi
662 2746 755 2789 arma
777 2747 843 2790 non
866 2724 1035 2807 habeant),
1066 2747 1171 2810 neque
1195 2748 1314 2812 capere

159 2834 305 2900 latebras
334 2832 462 2916 aliquas
487 2833 662 2911 eiusmodi,
697 2833 755 2898 ubi
783 2854 936 2915 magnum
965 2855 1136 2899 numerum
1165 2835 1314 2902 occulere

159 2950 272 3027 posset
290 2941 477 3024 '(utendum
517 2943 603 3006 enim
643 2948 715 3006 erat
755 2941 893 3007 latebris
927 2942 997 3007 eius
1031 2941 1109 3022 loci,
1150 2943 1183 3007 in
1218 2965 1314 3026 quem

159 3051 278 3116 Flavus
302 3049 487 3116 Gracchum
517 3050 737 3115 adducturum
765 3073 799 3116 se
829 3049 985 3132 dixerat),
1015 3051 1073 3115 sed
1101 3057 1233 3116 tantum
1255 3054 1315 3117 mi·

158 3158 234 3225 lites
267 3159 333 3224 illis
360 3158 499 3223 latebris
529 3157 694 3237 occulere3
729 3159 842 3243 itaque
877 3159 947 3223 haec
982 3158 1122 3224 efficitur
1154 3160 1315 3226 orationis

158 3267 279 3334 forma:
314 3268 427 3348 Mago
463 3266 519 3331 ibi
553 3266 716 3351 pedites
750 3268 990 3350 equitesque
1024 3303 1067 3313 —
1095 3268 1314 3333 occuleret.

157 3377 373 3441 Accusativus
402 3376 504 3458 igitur
531 3375 586 3439 ille
614 3376 817 3456 ingentem
845 3397 1048 3442 nnmerum
1071 3376 1136 3441 alio
1160 3378 1314 3460 pertinet.

158 3482 213 3549 Sic
248 3483 417 3566 perficitur
449 3484 552 3548 totius
585 3483 650 3547 loci
684 3482 753 3547 hac
781 3483 982 3549 emendatio:
1017 3485 1132 3567 Mago
1162 3484 1219 3548 ibi
1245 3506 1316 3568 pe·

158 3591 265 3657 dites
294 3593 536 3676 equitesque
564 3596 742 3656 armatos
771 3590 824 3671 (et
852 3613 998 3675 capere
1029 3612 1099 3657 eas
1129 3590 1314 3657 latebras

158 3700 361 3782 ingentem
403 3698 619 3781 numerum)
664 3699 889 3778 occuleret,
929 3700 991 3765 boc
1030 3707 1082 3764 est
1113 3706 1205 3765 recta
1241 3721 1315 3764 ora·

158 3809 264 3874 tione:
304 3808 369 3888 Tu,
402 3809 514 3891 Mage,
548 3807 602 3872 hic
630 3806 759 3891 pedites
788 3809 981 3891 equitesque
1011 3814 1156 3873 armatos
1185 3806 1233 3889 (et
1260 3828 1315 3872 ca·

159 3917 254 4000 pinnt
286 3916 337 3981 ha
371 3916 506 3981 latebra
541 3917 706 3997 ingentem
734 3914 918 3997 numerum)
959 3914 1083 3981 occule.
1139 3916 1314 3998 Aptissime

158 4024 299 4109 ingentis
326 4025 453 4089 numeri
476 4025 613 4102 mentio,
648 4045 721 4107 quae
749 4024 782 4088 in
811 4025 884 4107 ipso
913 4029 1078 4107 praecepto
1107 4023 1315 4089 incommoda

159 4139 224 4213 est,
258 4134 293 4198 in
327 4133 557 4216 interpositam
591 4133 789 4197 sententiam
824 4133 872 4196 sic
904 4131 1100 4210 includitur,
1134 4139 1172 4197 ut
1204 4139 1315 4197 osten·

159 4239 272 4322 datur,
316 4241 424 4306 locum
470 4239 687 4305 multitudinis
727 4239 769 4304 ad
808 4260 876 4304 rem
915 4237 1147 4323 perficiendam
1188 4239 1314 4304 idoneae

159 4370 317 4434 capacem
346 4371 429 4415 esse.
485 4349 641 4413 Armati
675 4347 863 4413 occultandi
898 4368 970 4412 esse
998 4348 1120 4412 milites
1149 4347 1314 4427 dicuntur,

158 4463 196 4523 ut
217 4457 350 4537 XXVII,
380 4447 432 4535 4'8,
462 4461 480 4521 3
504 4458 657 4522 instructi
679 4457 863 4541 armatique
886 4457 1022 4520 venisse.
1072 4456 1145 4521 Non
1168 4456 1315 4520 animad—

158 4587 253 4632 versa
285 4565 492 4651 parenthesi,
527 4565 678 4630 additum
712 4571 764 4630 est
796 4564 880 4642 ubi,
913 4570 951 4629 ut
978 4562 1156 4628 referretur
1184 4564 1227 4628 nd
1257 4563 1314 4628 ibi

158 4673 252 4740 initio
282 4675 435 4758 positum.
487 4674 609 4752 Quum,
640 4673 777 4738 confusa
804 4672 893 4737 omni
920 4670 984 4736 loci
1006 4671 1128 4752 forma,
1156 4672 1315 4756 scriptum
