3060 5272
154 357 216 411 nn.
234 353 318 409 xxa
698 339 762 400 440
873 419 876 425 ⁴

241 525 319 609 Cap.
343 528 399 602 43,
429 526 447 586 3
471 522 631 587 edebatur
652 521 763 605 vulgo:
793 523 839 586 de
869 543 967 606 pace
990 524 1051 588 uti
1073 529 1312 606 rogassent,

156 655 291 702 omnes
313 631 444 697 tribus
467 631 689 709 iusserunt,
714 636 747 694 et
770 631 816 694 sio
835 629 926 695 Colb.
945 637 979 695 et
995 631 1144 714 plerique
1161 631 1314 711 codices,

154 741 268 808 Bamb.
299 746 332 805 et
367 739 445 804 edit.
470 738 566 802 Frob.
593 742 691 802 1535:
730 740 788 803 uti
821 745 973 821 rogatae
1007 745 1124 803 erant
1158 758 1312 817 omnes,

156 850 242 935 quod
266 846 447 912 Weissenb.
472 847 587 910 tenuit.
637 846 717 928 Ipsa
745 846 967 930 discrepantia
996 845 1142 911 ostendit
1163 845 1313 923 subesse,

155 958 244 1041 quod
268 956 418 1040 Sigonius
440 953 544 1019 voluit
567 953 721 1036 quodque
743 960 944 1037 praeceptum
967 960 1040 1019 erat
1063 955 1254 1019 coniectura
1275 953 1310 1017 in

155 1065 249 1131 codd.
273 1063 350 1128 Lov.
375 1068 409 1141 4,
441 1062 548 1125 Voss:
584 1062 643 1125 uti
672 1082 812 1143 rogas,
845 1083 990 1126 omnes.
1047 1061 1173 1126 Eadem
1201 1061 1315 1127 forma

154 1174 269 1257 (etiam
303 1171 343 1236 de
377 1169 505 1252 legibus
534 1191 554 1233 a
583 1169 712 1233 duobus
740 1168 931 1253 pluribusve
959 1169 1052 1250 latis)
1081 1171 1115 1234 in
1142 1169 1313 1235 narrando

154 1282 304 1367 ponitur,
339 1277 617 1342 consentientibus
651 1278 785 1360 optimis
819 1277 1001 1357 codicibus,
1031 1277 1090 1358 VI,
1121 1282 1176 1356 38,
1205 1282 1239 1356 5,
1270 1276 1312 1357 X,

155 1395 190 1469 8,
224 1392 277 1459 12,
307 1394 392 1452 teste
421 1391 530 1450 autem
561 1383 632 1450 cod.
657 1383 892 1466 Bambergensi
916 1384 1070 1465 XXXIII,
1099 1389 1156 1463 25,
1185 1390 1221 1463 7,
1252 1384 1311 1449 ubi

156 1495 342 1578 Moguntini
372 1493 546 1557 ediderunt
570 1492 627 1556 uti
651 1500 818 1574 rogatae3
841 1491 962 1567 XXXI,
993 1498 1027 1571 8,
1059 1498 1073 1556 l
1099 1494 1200 1558 editio
1222 1490 1311 1577 Meg.

154 1606 218 1669 uti
240 1606 417 1684 rogarat,
441 1599 556 1664 Bamb.
576 1600 635 1663 nti
658 1607 837 1680 rogaret3
861 1599 1041 1679 XXXVIII,
1066 1607 1117 1679 54,
1144 1601 1313 1666 laeditur

153 1713 212 1778 uti
247 1715 482 1793 rogassent,
518 1709 742 1785 iusserunt,
777 1708 890 1773 Bamb.
921 1730 980 1773 nos
1011 1709 1137 1790 deficit,
1172 1709 1312 1792 Mogun·

157 1821 247 1884 tinus
270 1817 349 1899 quid
372 1815 541 1894 habuerit,
570 1817 756 1898 ignoratur,
789 1817 847 1881 sed
877 1820 1071 1882 varietatem
1099 1823 1134 1883 et
1155 1817 1310 1882 mendum

156 1926 302 1992 ostendit
325 1925 401 1988 Lov.
429 1929 455 2002 1,
480 1925 512 1987 in
537 1945 601 2005 quo
625 1931 690 1987 est:
722 1946 875 2001 „omnes
900 1926 1058 1989 tribuni
1082 1925 1143 1990 vel
1166 1932 1311 2007 rogate

153 2035 261 2100 iussi
295 2039 413 2098 erant
446 2039 479 2096 et
518 2039 570 2097 est
602 2032 732 2115 planior
766 2040 873 2097 testas
908 2031 1044 2116 [textus]
1080 2038 1310 2116 rogassent,

154 2142 398 2209 iusserunt“.
443 2141 566 2205 Fuerat
589 2141 645 2205 uti
670 2162 799 2223 rogas.
846 2140 969 2221 (1863.)

240 2250 318 2334 Cap.
337 2256 387 2327 44,
412 2254 430 2312 7
455 2248 502 2328 (in
526 2250 675 2313 oratione
695 2248 902 2319 Hannibalis,
927 2255 1097 2331 postquam
1122 2249 1214 2325 dixit,
1238 2255 1309 2314 tum

153 2358 441 2441 Carthaginienses
472 2356 670 2433 concidisse,
703 2378 803 2437 quum
833 2357 989 2440 adempta
1017 2357 1082 2422 illis
1111 2376 1204 2421 arma
1232 2358 1311 2436 sint,

153 2488 253 2532 naues
281 2467 435 2541 incensae,
471 2465 681 2529 interdictum
712 2466 856 2529 externis
885 2464 1009 2545 bellis):
1045 2465 1074 2528 N
1082 2486 1124 2530 eo
1152 2486 1242 2530 esse
1270 2466 1310 2530 in

153 2597 222 2639 vos
257 2573 348 2638 odio
381 2580 517 2637 vestro
552 2572 781 2636 consultum
816 2572 863 2637 ab
893 2573 1085 2637 Romanis
1114 2573 1326 2639 credatis„

153 2681 275 2746 Nulla
319 2699 461 2761 magna
510 2681 660 2744 civitas
706 2679 772 2744 diu
819 2682 1032 2762 quiescere
1074 2688 1228 2764 potest3
1275 2681 1309 2745 si

154 2789 256 2854 loris
280 2788 436 2852 hostem
460 2809 534 2851 non
560 2786 697 2863 habet,
726 2787 827 2852 domi
852 2789 1016 2853 inuenit.
1070 2789 1123 2853 Sic
1147 2788 1309 2854 edebatur

154 2899 222 2962 sine
256 2896 425 2959 varietatis
458 2895 671 2961 adnotatione
705 2896 781 2977 (nisi
816 2898 848 2961 in
879 2895 979 2976 diu),
1014 2896 1240 2962 Alschefskius
1274 2898 1309 2962 in

153 3006 223 3071 cod.
248 3003 483 3084 Bambergensi
506 3004 621 3068 scribit
644 3025 731 3069 esse:
754 3025 829 3069 nec
853 3025 940 3069 esse
963 3012 1026 3070 est
1049 3007 1087 3069 in
1110 3026 1189 3084 uos,
1210 3007 1244 3070 in
1267 3004 1308 3071 C:

153 3134 321 3178 necesse
351 3118 412 3176 est
442 3134 486 3176 ne
514 3132 602 3192 eros,
633 3113 702 3196 ipse
734 3115 859 3196 posuit:
895 3134 1064 3178 necesse
1095 3115 1217 3179 estin
1241 3135 1309 3179 vos

154 3227 215 3286 cet.
267 3220 372 3297 Quam
396 3220 487 3283 nulla
509 3228 596 3285 esset
618 3223 650 3284 in
674 3222 808 3304 vulgata
831 3222 996 3304 scriptura
1020 3223 1188 3286 sententia
1212 3221 1308 3304 (prse-

152 3337 304 3413 terquam
333 3328 421 3411 quud
450 3330 603 3393 vitiosum
633 3337 814 3394 essetnec
837 3330 1023 3393 credatis
1047 3351 1105 3412 pro
1129 3351 1200 3394 nec
1223 3351 1308 3393 cre·

153 3438 371 3516 dideritis),
395 3438 530 3519 exposui
553 3437 585 3500 in
606 3436 725 3520 Opusc.
746 3437 846 3501 Acad.
867 3436 897 3499 II
921 3460 952 3520 p.
975 3440 1087 3516 106¹);
1111 3459 1309 3522 quamquam

297 3610 382 3617 -—---

181 3692 205 3759 ¹)
224 3691 280 3759 „Ut
304 3690 416 3759 possint
443 3691 528 3744 verba
554 3691 609 3747 hoc
637 3690 807 3759 significare:
842 3691 907 3744 Nec
934 3691 1107 3745 Romanos
1136 3691 1212 3746 ideo
1240 3697 1309 3745 tam

221 3776 348 3830 acerbe
380 3776 412 3829 in
445 3794 503 3829 vos
536 3777 702 3830 statuisse
734 3778 964 3845 putaveritis,
997 3783 1033 3830 ut
1065 3777 1180 3831 odium
1214 3795 1309 3831 suum

221 3861 403 3930 explerent
425 3861 495 3925 (non
519 3866 638 3929 possunt
662 3866 769 3927 antem3
797 3879 880 3915 nemo
909 3864 983 3916 euim
1013 3880 1135 3931 unquam
1160 3863 1200 3916 sic
1223 3861 1308 3916 dixit:

221 3946 406 4000 consulere
424 3947 459 4000 in
478 3947 628 4015 aliquem
649 3947 725 3999 odio
744 3948 826 4014 eius,
844 3964 895 4000 nec
909 3947 1005 4001 Livius
1025 3947 1140 4001 odium
1157 3954 1309 4002 vestrum

220 4050 271 4101 pro
302 4031 380 4085 odio
404 4033 514 4086 vestri
538 4031 657 4100 posuit),
685 4033 736 4086 sed
759 4039 789 4086 ut
811 4033 935 4101 possint,
963 4033 1029 4102 qnid
1053 4032 1201 4087 absurdius
1225 4049 1308 4101 quam

221 4117 408 4171 Hannibalem
435 4117 530 4171 induci
553 4118 695 4173 Romanos
724 4119 921 4173 defendentem
947 4125 976 4173 et
1003 4118 1179 4172 crudelitatis
1203 4120 1308 4172 crimen

221 4204 256 4255 ab
275 4203 309 4256 iis
328 4202 544 4256 amoventem?“
572 4203 764 4259 Alselrefskius
787 4212 881 4259 tamen
904 4221 991 4273 prope
1016 4204 1181 4258 absurdiora
1199 4204 1309 4273 excogi-
