<?xml version="1.0" encoding="UTF-8"?>
<!DOCTYPE html PUBLIC "-//W3C//DTD XHTML 1.0 Transitional//EN"
    "http://www.w3.org/TR/xhtml1/DTD/xhtml1-transitional.dtd">
<html xmlns="http://www.w3.org/1999/xhtml" xml:lang="en" lang="en">
 <head>
  <title>
</title>
<meta http-equiv="Content-Type" content="text/html;charset=utf-8" />
  <meta name='ocr-system' content='tesseract 3.04.00' />
  <meta name='ocr-capabilities' content='ocr_page ocr_carea ocr_par ocr_line ocrx_word'/>
</head>
<body>
  <div class='ocr_page' id='page_1' title='image "./emendationesliv01madvgoog_0285.png"; bbox 0 0 3060 5272; ppageno 0'>
   <div class='ocr_carea' id='block_1_1' title="bbox 303 340 911 412">
    <p class='ocr_par' dir='ltr' id='par_1_1' title="bbox 303 340 911 412">
     <span class='ocr_line' id='line_1_1' title="bbox 303 340 911 412; baseline -0.002 -1"><span class='ocrx_word' id='word_1_1' title='bbox 303 355 466 412; x_wconf 78' lang='grc'>111111.</span> <span class='ocrx_word' id='word_1_2' title='bbox 849 340 911 400; x_wconf 79' lang='lat'><strong>276</strong></span> 
     </span>
    </p>
   </div>
   <div class='ocr_carea' id='block_1_2' title="bbox 144 516 1465 4266">
    <p class='ocr_par' dir='ltr' id='par_1_2' title="bbox 144 516 1465 4266">
     <span class='ocr_line' id='line_1_2' title="bbox 304 516 1462 612; baseline -0.002 -21"><span class='ocrx_word' id='word_1_3' title='bbox 304 527 649 612; x_wconf 86' lang='lat' dir='ltr'><strong>positos-quum</strong></span> <span class='ocrx_word' id='word_1_4' title='bbox 670 516 908 608; x_wconf 87' lang='lat' dir='ltr'><strong>inopinatos</strong></span> <span class='ocrx_word' id='word_1_5' title='bbox 930 522 1199 602; x_wconf 76' lang='lat' dir='ltr'><strong>invasissent,</strong></span> <span class='ocrx_word' id='word_1_6' title='bbox 1217 522 1462 589; x_wconf 86' lang='lat' dir='ltr'><strong>restituendum</strong></span> 
     </span>
     <span class='ocr_line' id='line_1_3' title="bbox 304 630 1462 718; baseline -0.002 -19"><span class='ocrx_word' id='word_1_7' title='bbox 304 635 528 718; x_wconf 91' lang='lat' dir='ltr'><strong>inopinato.</strong></span> <span class='ocrx_word' id='word_1_8' title='bbox 584 633 687 697; x_wconf 90' lang='lat' dir='ltr'><strong>Nemo</strong></span> <span class='ocrx_word' id='word_1_9' title='bbox 722 633 808 696; x_wconf 92' lang='lat' dir='ltr'><strong>enim</strong></span> <span class='ocrx_word' id='word_1_10' title='bbox 836 630 1095 713; x_wconf 90' lang='lat' dir='ltr'><strong>inopinatum</strong></span> <span class='ocrx_word' id='word_1_11' title='bbox 1123 651 1183 714; x_wconf 89' lang='lat' dir='ltr'><strong>pro</strong></span> <span class='ocrx_word' id='word_1_12' title='bbox 1211 632 1462 716; x_wconf 77' lang='lat' dir='ltr'><strong>inopinante</strong></span> 
     </span>
     <span class='ocr_line' id='line_1_4' title="bbox 304 737 1463 823; baseline -0.002 -16"><span class='ocrx_word' id='word_1_13' title='bbox 304 743 396 807; x_wconf 83' lang='lat' dir='ltr'><strong>dixit.</strong></span> <span class='ocrx_word' id='word_1_14' title='bbox 454 741 625 806; x_wconf 84' lang='lat' dir='ltr'><strong>Librarius</strong></span> <span class='ocrx_word' id='word_1_15' title='bbox 659 739 701 803; x_wconf 90' lang='lat' dir='ltr'><strong>ad</strong></span> <span class='ocrx_word' id='word_1_16' title='bbox 733 737 958 823; x_wconf 80' lang='lat' dir='ltr'><strong>praecedentes</strong></span> <span class='ocrx_word' id='word_1_17' title='bbox 992 739 1200 805; x_wconf 78' lang='lat' dir='ltr'><strong>accusativos</strong></span> <span class='ocrx_word' id='word_1_18' title='bbox 1233 737 1296 805; x_wconf 90' lang='lat' dir='ltr'><strong>hoc</strong></span> <span class='ocrx_word' id='word_1_19' title='bbox 1329 759 1463 823; x_wconf 91' lang='lat' dir='ltr'><strong>qnoque</strong></span> 
     </span>
     <span class='ocr_line' id='line_1_5' title="bbox 304 843 1462 929; baseline -0.003 -15"><span class='ocrx_word' id='word_1_20' title='bbox 304 849 573 915; x_wconf 75' lang='lat' dir='ltr'><strong>accommodavit.</strong></span> <span class='ocrx_word' id='word_1_21' title='bbox 605 846 728 928; x_wconf 76' lang='grc'>(1861.)</span> <span class='ocrx_word' id='word_1_22' title='bbox 762 845 890 924; x_wconf 86' lang='lat' dir='ltr'><strong>Deinde</strong></span> <span class='ocrx_word' id='word_1_23' title='bbox 908 843 925 927; x_wconf 76' lang='lat'>§</span> <span class='ocrx_word' id='word_1_24' title='bbox 947 849 983 910; x_wconf 94' lang='lat' dir='ltr'><strong>ll</strong></span> <span class='ocrx_word' id='word_1_25' title='bbox 1004 868 1106 929; x_wconf 91' lang='lat' dir='ltr'><strong>quum</strong></span> <span class='ocrx_word' id='word_1_26' title='bbox 1127 846 1163 911; x_wconf 92' lang='lat' dir='ltr'><strong>in</strong></span> <span class='ocrx_word' id='word_1_27' title='bbox 1185 846 1357 912; x_wconf 82' lang='lat' dir='ltr'><strong>codicibus</strong></span> <span class='ocrx_word' id='word_1_28' title='bbox 1380 844 1462 929; x_wconf 85' lang='grc' dir='ltr'><strong>(Ρο)</strong></span> 
     </span>
     <span class='ocr_line' id='line_1_6' title="bbox 144 950 1462 1048; baseline -0.002 -26"><span class='ocrx_word' id='word_1_29' title='bbox 144 950 147 955; x_wconf 68' lang='grc'><strong>’</strong></span> <span class='ocrx_word' id='word_1_30' title='bbox 205 973 289 1048; x_wconf 71' lang='grc' dir='ltr'><strong>Ι(111)</strong></span> <span class='ocrx_word' id='word_1_31' title='bbox 308 957 523 1022; x_wconf 85' lang='lat' dir='ltr'><strong>scriberetur:</strong></span> <span class='ocrx_word' id='word_1_32' title='bbox 547 956 670 1020; x_wconf 89' lang='lat' dir='ltr'><strong>Varia</strong></span> <span class='ocrx_word' id='word_1_33' title='bbox 692 955 786 1019; x_wconf 91' lang='lat' dir='ltr'><strong>inde</strong></span> <span class='ocrx_word' id='word_1_34' title='bbox 808 975 943 1038; x_wconf 86' lang='lat' dir='ltr'><strong>pugna</strong></span> <span class='ocrx_word' id='word_1_35' title='bbox 967 960 1271 1037; x_wconf 77' lang='lat' dir='ltr'><strong>sequentesque</strong></span> <span class='ocrx_word' id='word_1_36' title='bbox 1293 974 1462 1037; x_wconf 90' lang='lat' dir='ltr'><strong>cumque</strong></span> 
     </span>
     <span class='ocr_line' id='line_1_7' title="bbox 305 1061 1461 1148; baseline -0.003 -18"><span class='ocrx_word' id='word_1_37' title='bbox 305 1066 352 1148; x_wconf 90' lang='lat' dir='ltr'><strong>(M</strong></span> <span class='ocrx_word' id='word_1_38' title='bbox 375 1072 408 1130; x_wconf 90' lang='grc'><strong>11</strong></span> <span class='ocrx_word' id='word_1_39' title='bbox 429 1065 630 1129; x_wconf 87' lang='lat' dir='ltr'><strong>recentiores</strong></span> <span class='ocrx_word' id='word_1_40' title='bbox 652 1062 781 1145; x_wconf 89' lang='lat' dir='ltr'><strong>aliquot</strong></span> <span class='ocrx_word' id='word_1_41' title='bbox 810 1068 1030 1144; x_wconf 87' lang='lat' dir='ltr'><strong>sequentes</strong></span> <span class='ocrx_word' id='word_1_42' title='bbox 1058 1081 1321 1144; x_wconf 86' lang='lat' dir='ltr'><strong>quaecunque,</strong></span> <span class='ocrx_word' id='word_1_43' title='bbox 1347 1061 1406 1127; x_wconf 88' lang='lat' dir='ltr'><strong>alii</strong></span> <span class='ocrx_word' id='word_1_44' title='bbox 1434 1083 1461 1126; x_wconf 90' lang='grc'><strong>1.</strong></span> 
     </span>
     <span class='ocr_line' id='line_1_8' title="bbox 305 1169 1462 1257; baseline -0.003 -20"><span class='ocrx_word' id='word_1_45' title='bbox 305 1193 544 1257; x_wconf 89' lang='lat' dir='ltr'><strong>quacunque</strong></span> <span class='ocrx_word' id='word_1_46' title='bbox 573 1178 631 1236; x_wconf 90' lang='lat' dir='ltr'><strong>aut</strong></span> <span class='ocrx_word' id='word_1_47' title='bbox 654 1192 678 1235; x_wconf 92' lang='lat' dir='ltr'><strong>s.</strong></span> <span class='ocrx_word' id='word_1_48' title='bbox 702 1169 961 1252; x_wconf 88' lang='lat' dir='ltr'><strong>quocunque)</strong></span> <span class='ocrx_word' id='word_1_49' title='bbox 992 1169 1040 1234; x_wconf 89' lang='lat' dir='ltr'><strong>ad</strong></span> <span class='ocrx_word' id='word_1_50' title='bbox 1068 1176 1289 1250; x_wconf 86' lang='lat' dir='ltr'><strong>extremum</strong></span> <span class='ocrx_word' id='word_1_51' title='bbox 1311 1189 1462 1253; x_wconf 87' lang='lat' dir='ltr'><strong>aequas-</strong></span> 
     </span>
     <span class='ocr_line' id='line_1_9' title="bbox 306 1275 1462 1357; baseline -0.003 -12"><span class='ocrx_word' id='word_1_52' title='bbox 306 1287 397 1346; x_wconf 89' lang='lat' dir='ltr'><strong>sent</strong></span> <span class='ocrx_word' id='word_1_53' title='bbox 436 1287 658 1357; x_wconf 89' lang='lat' dir='ltr'><strong>certamen,</strong></span> <span class='ocrx_word' id='word_1_54' title='bbox 703 1278 830 1342; x_wconf 89' lang='lat' dir='ltr'><strong>maior</strong></span> <span class='ocrx_word' id='word_1_55' title='bbox 868 1283 1003 1340; x_wconf 89' lang='lat' dir='ltr'><strong>tamen</strong></span> <span class='ocrx_word' id='word_1_56' title='bbox 1041 1275 1221 1342; x_wconf 90' lang='lat' dir='ltr'><strong>hostium</strong></span> <span class='ocrx_word' id='word_1_57' title='bbox 1259 1277 1462 1342; x_wconf 89' lang='lat' dir='ltr'><strong>Romanos</strong></span> 
     </span>
     <span class='ocr_line' id='line_1_10' title="bbox 305 1382 1462 1470; baseline -0.003 -18"><span class='ocrx_word' id='word_1_58' title='bbox 305 1387 533 1470; x_wconf 76' lang='lat' dir='ltr'><strong>(recentioreS,</strong></span> <span class='ocrx_word' id='word_1_59' title='bbox 564 1393 602 1450; x_wconf 93' lang='lat' dir='ltr'><strong>ut</strong></span> <span class='ocrx_word' id='word_1_60' title='bbox 624 1386 767 1464; x_wconf 80' lang='lat' dir='ltr'><strong>ridetur,</strong></span> <span class='ocrx_word' id='word_1_61' title='bbox 797 1383 1004 1465; x_wconf 85' lang='lat' dir='ltr'><strong>Romanis)</strong></span> <span class='ocrx_word' id='word_1_62' title='bbox 1032 1384 1138 1449; x_wconf 90' lang='lat' dir='ltr'><strong>fama</strong></span> <span class='ocrx_word' id='word_1_63' title='bbox 1164 1385 1349 1450; x_wconf 81' lang='lat' dir='ltr'><strong>victoriae</strong></span> <span class='ocrx_word' id='word_1_64' title='bbox 1371 1382 1462 1464; x_wconf 89' lang='lat' dir='ltr'><strong>fuit,</strong></span> 
     </span>
     <span class='ocr_line' id='line_1_11' title="bbox 304 1491 1463 1578; baseline -0.001 -19"><span class='ocrx_word' id='word_1_65' title='bbox 304 1497 338 1559; x_wconf 89' lang='lat' dir='ltr'><strong>iu</strong></span> <span class='ocrx_word' id='word_1_66' title='bbox 377 1496 490 1578; x_wconf 88' lang='lat' dir='ltr'><strong>primis</strong></span> <span class='ocrx_word' id='word_1_67' title='bbox 530 1493 638 1558; x_wconf 79' lang='lat' dir='ltr'><strong>uerbis</strong></span> <span class='ocrx_word' id='word_1_68' title='bbox 671 1491 768 1556; x_wconf 90' lang='lat' dir='ltr'><strong>facile</strong></span> <span class='ocrx_word' id='word_1_69' title='bbox 802 1491 1008 1556; x_wconf 89' lang='lat' dir='ltr'><strong>intellectum</strong></span> <span class='ocrx_word' id='word_1_70' title='bbox 1041 1498 1094 1557; x_wconf 90' lang='lat' dir='ltr'><strong>est</strong></span> <span class='ocrx_word' id='word_1_71' title='bbox 1127 1493 1255 1576; x_wconf 89' lang='lat' dir='ltr'><strong>aliquid</strong></span> <span class='ocrx_word' id='word_1_72' title='bbox 1288 1492 1463 1574; x_wconf 84' lang='lat' dir='ltr'><strong>excidisse,</strong></span> 
     </span>
     <span class='ocr_line' id='line_1_12' title="bbox 304 1599 1465 1687; baseline -0.001 -20"><span class='ocrx_word' id='word_1_73' title='bbox 304 1602 588 1687; x_wconf 83' lang='lat' dir='ltr'><strong>probabiliterque</strong></span> <span class='ocrx_word' id='word_1_74' title='bbox 612 1599 722 1665; x_wconf 90' lang='lat' dir='ltr'><strong>editur</strong></span> <span class='ocrx_word' id='word_1_75' title='bbox 745 1601 819 1678; x_wconf 90' lang='lat' dir='ltr'><strong>iam,</strong></span> <span class='ocrx_word' id='word_1_76' title='bbox 850 1601 1029 1663; x_wconf 90' lang='lat' dir='ltr'><strong>coniuncta</strong></span> <span class='ocrx_word' id='word_1_77' title='bbox 1050 1600 1249 1684; x_wconf 86' lang='lat' dir='ltr'><strong>Heusingeri</strong></span> <span class='ocrx_word' id='word_1_78' title='bbox 1272 1601 1465 1665; x_wconf 89' lang='lat' dir='ltr'><strong>coniectura</strong></span> 
     </span>
     <span class='ocr_line' id='line_1_13' title="bbox 306 1707 1461 1792; baseline 0 -19"><span class='ocrx_word' id='word_1_79' title='bbox 306 1716 340 1773; x_wconf 88' lang='lat' dir='ltr'><strong>ot</strong></span> <span class='ocrx_word' id='word_1_80' title='bbox 367 1709 490 1773; x_wconf 91' lang='lat' dir='ltr'><strong>codicis</strong></span> <span class='ocrx_word' id='word_1_81' title='bbox 514 1707 696 1772; x_wconf 87' lang='lat' dir='ltr'><strong>Colbertini</strong></span> <span class='ocrx_word' id='word_1_82' title='bbox 725 1708 830 1771; x_wconf 89' lang='lat' dir='ltr'><strong>altera</strong></span> <span class='ocrx_word' id='word_1_83' title='bbox 859 1708 1025 1791; x_wconf 90' lang='lat' dir='ltr'><strong>scriptura</strong></span> <span class='ocrx_word' id='word_1_84' title='bbox 1046 1708 1145 1789; x_wconf 87' lang='lat' dir='ltr'><strong>(cum</strong></span> <span class='ocrx_word' id='word_1_85' title='bbox 1173 1731 1233 1792; x_wconf 89' lang='lat' dir='ltr'><strong>pro</strong></span> <span class='ocrx_word' id='word_1_86' title='bbox 1263 1708 1461 1791; x_wconf 89' lang='lat' dir='ltr'><strong>cumque):</strong></span> 
     </span>
     <span class='ocr_line' id='line_1_14' title="bbox 306 1815 1464 1899; baseline 0.003 -21"><span class='ocrx_word' id='word_1_87' title='bbox 306 1817 429 1880; x_wconf 89' lang='lat' dir='ltr'><strong>Varia</strong></span> <span class='ocrx_word' id='word_1_88' title='bbox 451 1815 544 1880; x_wconf 91' lang='lat' dir='ltr'><strong>inde</strong></span> <span class='ocrx_word' id='word_1_89' title='bbox 567 1836 700 1899; x_wconf 81' lang='lat' dir='ltr'><strong>pugna</strong></span> <span class='ocrx_word' id='word_1_90' title='bbox 723 1822 944 1898; x_wconf 88' lang='lat' dir='ltr'><strong>sequentes</strong></span> <span class='ocrx_word' id='word_1_91' title='bbox 968 1815 1248 1899; x_wconf 90' lang='lat' dir='ltr'><strong>cedentesque</strong></span> <span class='ocrx_word' id='word_1_92' title='bbox 1271 1836 1389 1898; x_wconf 90' lang='lat' dir='ltr'><strong>quum</strong></span> <span class='ocrx_word' id='word_1_93' title='bbox 1411 1815 1464 1881; x_wconf 87' lang='lat' dir='ltr'><strong>ad</strong></span> 
     </span>
     <span class='ocr_line' id='line_1_15' title="bbox 306 1922 1463 2007; baseline 0 -18"><span class='ocrx_word' id='word_1_94' title='bbox 306 1930 526 1989; x_wconf 88' lang='lat' dir='ltr'><strong>extremum</strong></span> <span class='ocrx_word' id='word_1_95' title='bbox 561 1931 623 1988; x_wconf 88' lang='lat' dir='ltr'><strong>cet.</strong></span> <span class='ocrx_word' id='word_1_96' title='bbox 664 1922 745 2005; x_wconf 78' lang='lat' dir='ltr'><strong>[velz</strong></span> <span class='ocrx_word' id='word_1_97' title='bbox 782 1924 897 1986; x_wconf 85' lang='lat' dir='ltr'><strong>varia</strong></span> <span class='ocrx_word' id='word_1_98' title='bbox 934 1923 1027 1987; x_wconf 89' lang='lat' dir='ltr'><strong>inde</strong></span> <span class='ocrx_word' id='word_1_99' title='bbox 1066 1945 1201 2007; x_wconf 86' lang='lat' dir='ltr'><strong>pugna</strong></span> <span class='ocrx_word' id='word_1_100' title='bbox 1240 1930 1463 2007; x_wconf 89' lang='lat' dir='ltr'><strong>sequentes</strong></span> 
     </span>
     <span class='ocr_line' id='line_1_16' title="bbox 305 2031 1463 2114; baseline 0 -18"><span class='ocrx_word' id='word_1_101' title='bbox 305 2032 414 2096; x_wconf 92' lang='lat' dir='ltr'><strong>iuter</strong></span> <span class='ocrx_word' id='word_1_102' title='bbox 445 2031 738 2114; x_wconf 88' lang='lat' dir='ltr'><strong>cedentesque,</strong></span> <span class='ocrx_word' id='word_1_103' title='bbox 767 2051 968 2113; x_wconf 89' lang='lat' dir='ltr'><strong>quumque</strong></span> <span class='ocrx_word' id='word_1_104' title='bbox 990 2065 1047 2110; x_wconf 90' lang='lat'><strong>-,</strong></span> <span class='ocrx_word' id='word_1_105' title='bbox 1079 2052 1118 2096; x_wconf 89' lang='lat' dir='ltr'><strong>eo</strong></span> <span class='ocrx_word' id='word_1_106' title='bbox 1141 2032 1314 2097; x_wconf 85' lang='lat' dir='ltr'><strong>verborum</strong></span> <span class='ocrx_word' id='word_1_107' title='bbox 1337 2031 1463 2113; x_wconf 90' lang='lat' dir='ltr'><strong>ordine,</strong></span> 
     </span>
     <span class='ocr_line' id='line_1_17' title="bbox 306 2136 1463 2222; baseline 0.003 -20"><span class='ocrx_word' id='word_1_108' title='bbox 306 2139 363 2221; x_wconf 93' lang='lat' dir='ltr'><strong>qui</strong></span> <span class='ocrx_word' id='word_1_109' title='bbox 387 2146 438 2203; x_wconf 92' lang='lat' dir='ltr'><strong>est</strong></span> <span class='ocrx_word' id='word_1_110' title='bbox 460 2138 568 2217; x_wconf 89' lang='lat' dir='ltr'><strong>XXII,</strong></span> <span class='ocrx_word' id='word_1_111' title='bbox 599 2143 634 2215; x_wconf 83' lang='lat'><strong>3,</strong></span> <span class='ocrx_word' id='word_1_112' title='bbox 667 2136 710 2220; x_wconf 88' lang='lat'><strong>3].</strong></span> <span class='ocrx_word' id='word_1_113' title='bbox 761 2138 926 2201; x_wconf 80' lang='lat' dir='ltr'><strong>Extremis</strong></span> <span class='ocrx_word' id='word_1_114' title='bbox 955 2137 1063 2203; x_wconf 85' lang='lat' dir='ltr'><strong>verbis</strong></span> <span class='ocrx_word' id='word_1_115' title='bbox 1092 2160 1228 2222; x_wconf 90' lang='lat' dir='ltr'><strong>prorsus</strong></span> <span class='ocrx_word' id='word_1_116' title='bbox 1252 2139 1463 2205; x_wconf 88' lang='lat' dir='ltr'><strong>incredibiles</strong></span> 
     </span>
     <span class='ocr_line' id='line_1_18' title="bbox 306 2245 1464 2330; baseline 0.002 -20"><span class='ocrx_word' id='word_1_117' title='bbox 306 2247 546 2330; x_wconf 87' lang='lat' dir='ltr'><strong>interpretandi</strong></span> <span class='ocrx_word' id='word_1_118' title='bbox 568 2246 740 2310; x_wconf 89' lang='lat' dir='ltr'><strong>machinas</strong></span> <span class='ocrx_word' id='word_1_119' title='bbox 764 2245 948 2323; x_wconf 76' lang='lat' dir='ltr'><strong>admouent,</strong></span> <span class='ocrx_word' id='word_1_120' title='bbox 971 2245 1060 2311; x_wconf 84' lang='lat' dir='ltr'><strong>velut</strong></span> <span class='ocrx_word' id='word_1_121' title='bbox 1081 2246 1367 2312; x_wconf 87' lang='lat' dir='ltr'><strong>Weissenboruius</strong></span> <span class='ocrx_word' id='word_1_122' title='bbox 1390 2246 1464 2329; x_wconf 87' lang='lat' dir='ltr'><strong>(qui</strong></span> 
     </span>
     <span class='ocr_line' id='line_1_19' title="bbox 305 2352 1462 2437; baseline 0.001 -19"><span class='ocrx_word' id='word_1_123' title='bbox 305 2355 591 2437; x_wconf 82' lang='lat' dir='ltr'><strong>pro-Romanis</strong></span> <span class='ocrx_word' id='word_1_124' title='bbox 626 2376 666 2418; x_wconf 85' lang='lat' dir='ltr'><strong>ex</strong></span> <span class='ocrx_word' id='word_1_125' title='bbox 699 2355 898 2418; x_wconf 86' lang='lat' dir='ltr'><strong>Romanos</strong></span> <span class='ocrx_word' id='word_1_126' title='bbox 938 2352 1048 2418; x_wconf 85' lang='lat' dir='ltr'><strong>effecit</strong></span> <span class='ocrx_word' id='word_1_127' title='bbox 1080 2353 1275 2434; x_wconf 88' lang='lat' dir='ltr'><strong>Romano)</strong></span> <span class='ocrx_word' id='word_1_128' title='bbox 1308 2354 1380 2419; x_wconf 87' lang='lat' dir='ltr'><strong>haec</strong></span> <span class='ocrx_word' id='word_1_129' title='bbox 1412 2355 1462 2420; x_wconf 92' lang='lat' dir='ltr'><strong>sic</strong></span> 
     </span>
     <span class='ocr_line' id='line_1_20' title="bbox 306 2459 1464 2528; baseline 0.002 -2"><span class='ocrx_word' id='word_1_130' title='bbox 306 2469 453 2526; x_wconf 88' lang='lat' dir='ltr'><strong>enarrat:</strong></span> <span class='ocrx_word' id='word_1_131' title='bbox 500 2463 626 2526; x_wconf 86' lang='lat' dir='ltr'><strong>maior</strong></span> <span class='ocrx_word' id='word_1_132' title='bbox 664 2461 843 2526; x_wconf 89' lang='lat' dir='ltr'><strong>hostium</strong></span> <span class='ocrx_word' id='word_1_133' title='bbox 884 2459 989 2524; x_wconf 85' lang='lat' dir='ltr'><strong>fama</strong></span> <span class='ocrx_word' id='word_1_134' title='bbox 1021 2461 1209 2526; x_wconf 84' lang='lat' dir='ltr'><strong>victoriae</strong></span> <span class='ocrx_word' id='word_1_135' title='bbox 1241 2461 1323 2526; x_wconf 91' lang='lat' dir='ltr'><strong>fuit</strong></span> <span class='ocrx_word' id='word_1_136' title='bbox 1354 2461 1464 2528; x_wconf 91' lang='lat' dir='ltr'><strong>fama</strong></span> 
     </span>
     <span class='ocr_line' id='line_1_21' title="bbox 305 2552 1462 2650; baseline 0.003 -18"><span class='ocrx_word' id='word_1_137' title='bbox 305 2570 499 2647; x_wconf 87' lang='lat' dir='ltr'><strong>Romano,</strong></span> <span class='ocrx_word' id='word_1_138' title='bbox 529 2570 562 2632; x_wconf 89' lang='lat' dir='ltr'><strong>in</strong></span> <span class='ocrx_word' id='word_1_139' title='bbox 591 2590 657 2650; x_wconf 90' lang='lat' dir='ltr'><strong>qua</strong></span> <span class='ocrx_word' id='word_1_140' title='bbox 686 2552 900 2633; x_wconf 31' lang='lat' dir='ltr'><strong>enarratione*</strong></span> <span class='ocrx_word' id='word_1_141' title='bbox 923 2567 1002 2649; x_wconf 93' lang='lat' dir='ltr'><strong>quid</strong></span> <span class='ocrx_word' id='word_1_142' title='bbox 1030 2569 1171 2632; x_wconf 83' lang='lat' dir='ltr'><strong>maxime</strong></span> <span class='ocrx_word' id='word_1_143' title='bbox 1194 2568 1308 2648; x_wconf 87' lang='lat' dir='ltr'><strong>mirer,</strong></span> <span class='ocrx_word' id='word_1_144' title='bbox 1337 2569 1462 2650; x_wconf 92' lang='lat' dir='ltr'><strong>nescio,</strong></span> 
     </span>
     <span class='ocr_line' id='line_1_22' title="bbox 306 2675 1463 2769; baseline 0.003 -29"><span class='ocrx_word' id='word_1_145' title='bbox 306 2678 604 2759; x_wconf 88' lang='lat' dir='ltr'><strong>comparationisue</strong></span> <span class='ocrx_word' id='word_1_146' title='bbox 626 2677 730 2760; x_wconf 89' lang='lat' dir='ltr'><strong>ipsius</strong></span> <span class='ocrx_word' id='word_1_147' title='bbox 755 2675 994 2740; x_wconf 88' lang='lat' dir='ltr'><strong>absurditatem</strong></span> <span class='ocrx_word' id='word_1_148' title='bbox 1012 2675 1092 2756; x_wconf 87' lang='lat' dir='ltr'><strong>(qua</strong></span> <span class='ocrx_word' id='word_1_149' title='bbox 1110 2675 1184 2740; x_wconf 83' lang='lat' dir='ltr'><strong>duae</strong></span> <span class='ocrx_word' id='word_1_150' title='bbox 1201 2677 1348 2742; x_wconf 78' lang='lat' dir='ltr'><strong>victoriae</strong></span> <span class='ocrx_word' id='word_1_151' title='bbox 1365 2676 1463 2769; x_wconf 84' lang='lat' dir='ltr'><strong>famae</strong></span> 
     </span>
     <span class='ocr_line' id='line_1_23' title="bbox 306 2782 1463 2867; baseline 0.003 -21"><span class='ocrx_word' id='word_1_152' title='bbox 306 2785 392 2847; x_wconf 89' lang='lat' dir='ltr'><strong>inter</strong></span> <span class='ocrx_word' id='word_1_153' title='bbox 421 2804 455 2847; x_wconf 86' lang='lat' dir='ltr'><strong>se</strong></span> <span class='ocrx_word' id='word_1_154' title='bbox 484 2784 754 2866; x_wconf 85' lang='lat' dir='ltr'><strong>componuntur),</strong></span> <span class='ocrx_word' id='word_1_155' title='bbox 790 2804 832 2846; x_wconf 86' lang='lat' dir='ltr'><strong>an</strong></span> <span class='ocrx_word' id='word_1_156' title='bbox 866 2783 899 2846; x_wconf 92' lang='lat' dir='ltr'><strong>in</strong></span> <span class='ocrx_word' id='word_1_157' title='bbox 933 2782 995 2846; x_wconf 89' lang='lat' dir='ltr'><strong>hac</strong></span> <span class='ocrx_word' id='word_1_158' title='bbox 1024 2785 1270 2867; x_wconf 89' lang='lat' dir='ltr'><strong>comparatione</strong></span> <span class='ocrx_word' id='word_1_159' title='bbox 1297 2785 1463 2850; x_wconf 84' lang='lat' dir='ltr'><strong>variatum</strong></span> 
     </span>
     <span class='ocr_line' id='line_1_24' title="bbox 305 2891 1462 2970; baseline 0.003 -15"><span class='ocrx_word' id='word_1_160' title='bbox 305 2912 477 2955; x_wconf 88' lang='lat' dir='ltr'><strong>numerum</strong></span> <span class='ocrx_word' id='word_1_161' title='bbox 510 2892 544 2954; x_wconf 91' lang='grc'><strong>11</strong></span> <span class='ocrx_word' id='word_1_162' title='bbox 577 2891 753 2955; x_wconf 90' lang='lat' dir='ltr'><strong>hostium</strong></span> <span class='ocrx_word' id='word_1_163' title='bbox 788 2897 821 2954; x_wconf 92' lang='grc'><strong>11</strong></span> <span class='ocrx_word' id='word_1_164' title='bbox 848 2891 1040 2970; x_wconf 86' lang='lat' dir='ltr'><strong>Romano,</strong></span> <span class='ocrx_word' id='word_1_165' title='bbox 1075 2912 1117 2955; x_wconf 87' lang='lat' dir='ltr'><strong>an</strong></span> <span class='ocrx_word' id='word_1_166' title='bbox 1145 2911 1261 2956; x_wconf 85' lang='lat' dir='ltr'><strong>novam</strong></span> <span class='ocrx_word' id='word_1_167' title='bbox 1288 2891 1381 2955; x_wconf 90' lang='lat' dir='ltr'><strong>illam</strong></span> <span class='ocrx_word' id='word_1_168' title='bbox 1402 2892 1462 2958; x_wconf 88' lang='lat' dir='ltr'><strong>ab·</strong></span> 
     </span>
     <span class='ocr_line' id='line_1_25' title="bbox 305 2997 1463 3081; baseline 0.002 -19"><span class='ocrx_word' id='word_1_169' title='bbox 305 2999 398 3062; x_wconf 89' lang='lat' dir='ltr'><strong>lativi</strong></span> <span class='ocrx_word' id='word_1_170' title='bbox 426 2999 459 3062; x_wconf 92' lang='lat' dir='ltr'><strong>in</strong></span> <span class='ocrx_word' id='word_1_171' title='bbox 483 2998 704 3081; x_wconf 89' lang='lat' dir='ltr'><strong>comparando</strong></span> <span class='ocrx_word' id='word_1_172' title='bbox 728 3005 762 3063; x_wconf 89' lang='lat' dir='ltr'><strong>et</strong></span> <span class='ocrx_word' id='word_1_173' title='bbox 783 2998 924 3080; x_wconf 82' lang='lat' dir='ltr'><strong>genetivi</strong></span> <span class='ocrx_word' id='word_1_174' title='bbox 948 2997 1067 3078; x_wconf 91' lang='lat' dir='ltr'><strong>(fama</strong></span> <span class='ocrx_word' id='word_1_175' title='bbox 1089 2999 1287 3080; x_wconf 87' lang='lat' dir='ltr'><strong>victoriae)</strong></span> <span class='ocrx_word' id='word_1_176' title='bbox 1311 2999 1463 3064; x_wconf 91' lang='lat' dir='ltr'><strong>omissio·</strong></span> 
     </span>
     <span class='ocr_line' id='line_1_26' title="bbox 306 3105 1463 3187; baseline 0.003 -18"><span class='ocrx_word' id='word_1_177' title='bbox 306 3127 388 3170; x_wconf 89' lang='lat' dir='ltr'><strong>nem.</strong></span> <span class='ocrx_word' id='word_1_178' title='bbox 452 3105 583 3182; x_wconf 83' lang='lat' dir='ltr'><strong>Quanto</strong></span> <span class='ocrx_word' id='word_1_179' title='bbox 625 3106 735 3170; x_wconf 88' lang='lat' dir='ltr'><strong>fuerat</strong></span> <span class='ocrx_word' id='word_1_180' title='bbox 772 3105 889 3169; x_wconf 87' lang='lat' dir='ltr'><strong>melius</strong></span> <span class='ocrx_word' id='word_1_181' title='bbox 923 3105 1035 3185; x_wconf 89' lang='lat' dir='ltr'><strong>fateri,</strong></span> <span class='ocrx_word' id='word_1_182' title='bbox 1074 3106 1175 3171; x_wconf 84' lang='lat' dir='ltr'><strong>verba</strong></span> <span class='ocrx_word' id='word_1_183' title='bbox 1213 3106 1361 3187; x_wconf 79' lang='lat' dir='ltr'><strong>intellegi</strong></span> <span class='ocrx_word' id='word_1_184' title='bbox 1394 3129 1463 3173; x_wconf 93' lang='lat' dir='ltr'><strong>non</strong></span> 
     </span>
     <span class='ocr_line' id='line_1_27' title="bbox 304 3213 1463 3297; baseline 0.002 -20"><span class='ocrx_word' id='word_1_185' title='bbox 304 3214 416 3297; x_wconf 89' lang='lat' dir='ltr'><strong>posse!</strong></span> <span class='ocrx_word' id='word_1_186' title='bbox 446 3213 607 3278; x_wconf 86' lang='lat' dir='ltr'><strong>Nimirum</strong></span> <span class='ocrx_word' id='word_1_187' title='bbox 629 3214 683 3277; x_wconf 90' lang='lat' dir='ltr'><strong>hic</strong></span> <span class='ocrx_word' id='word_1_188' title='bbox 706 3233 837 3297; x_wconf 93' lang='lat' dir='ltr'><strong>quoque</strong></span> <span class='ocrx_word' id='word_1_189' title='bbox 861 3213 984 3277; x_wconf 85' lang='lat' dir='ltr'><strong>excidit</strong></span> <span class='ocrx_word' id='word_1_190' title='bbox 1005 3213 1147 3296; x_wconf 89' lang='lat' dir='ltr'><strong>aliquid;</strong></span> <span class='ocrx_word' id='word_1_191' title='bbox 1173 3215 1353 3297; x_wconf 89' lang='lat' dir='ltr'><strong>scripserat</strong></span> <span class='ocrx_word' id='word_1_192' title='bbox 1375 3215 1463 3280; x_wconf 88' lang='lat' dir='ltr'><strong>enim</strong></span> 
     </span>
     <span class='ocr_line' id='line_1_28' title="bbox 305 3319 1462 3401; baseline -0.002 -16"><span class='ocrx_word' id='word_1_193' title='bbox 305 3321 416 3385; x_wconf 86' lang='lat' dir='ltr'><strong>Livius</strong></span> <span class='ocrx_word' id='word_1_194' title='bbox 438 3321 480 3386; x_wconf 90' lang='lat' dir='ltr'><strong>ad</strong></span> <span class='ocrx_word' id='word_1_195' title='bbox 503 3322 588 3386; x_wconf 87' lang='lat' dir='ltr'><strong>hanc</strong></span> <span class='ocrx_word' id='word_1_196' title='bbox 610 3319 765 3387; x_wconf 89' lang='lat' dir='ltr'><strong>formam:</strong></span> <span class='ocrx_word' id='word_1_197' title='bbox 795 3321 921 3385; x_wconf 88' lang='lat' dir='ltr'><strong>maior</strong></span> <span class='ocrx_word' id='word_1_198' title='bbox 950 3327 1083 3385; x_wconf 89' lang='lat' dir='ltr'><strong>tamen</strong></span> <span class='ocrx_word' id='word_1_199' title='bbox 1111 3321 1292 3386; x_wconf 91' lang='lat' dir='ltr'><strong>hostium</strong></span> <span class='ocrx_word' id='word_1_200' title='bbox 1322 3322 1462 3401; x_wconf 71' lang='lat' dir='ltr'><strong>cades,</strong></span> 
     </span>
     <span class='ocr_line' id='line_1_29' title="bbox 305 3428 1463 3513; baseline 0.003 -21"><span class='ocrx_word' id='word_1_201' title='bbox 305 3448 421 3510; x_wconf 83' lang='lat' dir='ltr'><strong>penes</strong></span> <span class='ocrx_word' id='word_1_202' title='bbox 453 3430 656 3494; x_wconf 86' lang='lat' dir='ltr'><strong>Romanos</strong></span> <span class='ocrx_word' id='word_1_203' title='bbox 695 3428 801 3492; x_wconf 85' lang='lat' dir='ltr'><strong>fama</strong></span> <span class='ocrx_word' id='word_1_204' title='bbox 840 3429 1024 3493; x_wconf 81' lang='lat' dir='ltr'><strong>victoriae</strong></span> <span class='ocrx_word' id='word_1_205' title='bbox 1057 3428 1146 3492; x_wconf 91' lang='lat' dir='ltr'><strong>fuit.</strong></span> <span class='ocrx_word' id='word_1_206' title='bbox 1208 3428 1307 3494; x_wconf 92' lang='lat' dir='ltr'><strong>Initio</strong></span> <span class='ocrx_word' id='word_1_207' title='bbox 1343 3429 1463 3513; x_wconf 90' lang='lat' dir='ltr'><strong>capitis</strong></span> 
     </span>
     <span class='ocr_line' id='line_1_30' title="bbox 306 3534 1462 3618; baseline 0.002 -19"><span class='ocrx_word' id='word_1_208' title='bbox 306 3536 337 3618; x_wconf 75' lang='lat'><strong>(§</strong></span> <span class='ocrx_word' id='word_1_209' title='bbox 361 3538 394 3618; x_wconf 75' lang='lat'><strong>2)</strong></span> <span class='ocrx_word' id='word_1_210' title='bbox 418 3538 499 3601; x_wconf 85' lang='lat' dir='ltr'><strong>satis</strong></span> <span class='ocrx_word' id='word_1_211' title='bbox 523 3545 647 3601; x_wconf 90' lang='lat' dir='ltr'><strong>certum</strong></span> <span class='ocrx_word' id='word_1_212' title='bbox 671 3534 809 3613; x_wconf 82' lang='lat' dir='ltr'><strong>videtur,</strong></span> <span class='ocrx_word' id='word_1_213' title='bbox 840 3536 956 3599; x_wconf 86' lang='lat' dir='ltr'><strong>Latine</strong></span> <span class='ocrx_word' id='word_1_214' title='bbox 978 3558 1044 3600; x_wconf 92' lang='lat' dir='ltr'><strong>nou</strong></span> <span class='ocrx_word' id='word_1_215' title='bbox 1068 3535 1134 3599; x_wconf 87' lang='lat' dir='ltr'><strong>dici</strong></span> <span class='ocrx_word' id='word_1_216' title='bbox 1156 3536 1322 3601; x_wconf 89' lang='lat' dir='ltr'><strong>hominem</strong></span> <span class='ocrx_word' id='word_1_217' title='bbox 1344 3556 1462 3618; x_wconf 90' lang='lat' dir='ltr'><strong>eque·</strong></span> 
     </span>
     <span class='ocr_line' id='line_1_31' title="bbox 307 3642 1462 3727; baseline 0.001 -19"><span class='ocrx_word' id='word_1_218' title='bbox 307 3645 384 3709; x_wconf 91' lang='lat' dir='ltr'><strong>stri</strong></span> <span class='ocrx_word' id='word_1_219' title='bbox 417 3645 577 3727; x_wconf 87' lang='lat' dir='ltr'><strong>proelio</strong></span> <span class='ocrx_word' id='word_1_220' title='bbox 612 3649 650 3707; x_wconf 92' lang='lat' dir='ltr'><strong>et</strong></span> <span class='ocrx_word' id='word_1_221' title='bbox 680 3642 847 3706; x_wconf 88' lang='lat' dir='ltr'><strong>vulnere</strong></span> <span class='ocrx_word' id='word_1_222' title='bbox 876 3663 947 3707; x_wconf 92' lang='lat' dir='ltr'><strong>suo</strong></span> <span class='ocrx_word' id='word_1_223' title='bbox 977 3644 1044 3707; x_wconf 83' lang='lat' dir='ltr'><strong>sive</strong></span> <span class='ocrx_word' id='word_1_224' title='bbox 1073 3644 1268 3707; x_wconf 89' lang='lat' dir='ltr'><strong>minutum</strong></span> <span class='ocrx_word' id='word_1_225' title='bbox 1296 3644 1365 3708; x_wconf 83' lang='lat' dir='ltr'><strong>sive</strong></span> <span class='ocrx_word' id='word_1_226' title='bbox 1393 3642 1462 3709; x_wconf 86' lang='lat' dir='ltr'><strong>de·</strong></span> 
     </span>
     <span class='ocr_line' id='line_1_32' title="bbox 306 3748 1464 3834; baseline 0 -18"><span class='ocrx_word' id='word_1_227' title='bbox 306 3754 514 3830; x_wconf 88' lang='lat' dir='ltr'><strong>minutum,</strong></span> <span class='ocrx_word' id='word_1_228' title='bbox 548 3760 584 3814; x_wconf 90' lang='lat' dir='ltr'><strong>ut</strong></span> <span class='ocrx_word' id='word_1_229' title='bbox 618 3750 719 3813; x_wconf 87' lang='lat' dir='ltr'><strong>animi</strong></span> <span class='ocrx_word' id='word_1_230' title='bbox 753 3749 909 3813; x_wconf 89' lang='lat' dir='ltr'><strong>demissio</strong></span> <span class='ocrx_word' id='word_1_231' title='bbox 943 3748 1161 3832; x_wconf 72' lang='lat' dir='ltr'><strong>significetur,</strong></span> <span class='ocrx_word' id='word_1_232' title='bbox 1196 3770 1272 3834; x_wconf 90' lang='lat' dir='ltr'><strong>spes</strong></span> <span class='ocrx_word' id='word_1_233' title='bbox 1306 3751 1395 3815; x_wconf 91' lang='lat' dir='ltr'><strong>enim</strong></span> <span class='ocrx_word' id='word_1_234' title='bbox 1429 3758 1464 3816; x_wconf 96' lang='grc'><strong>11</strong></span> 
     </span>
     <span class='ocr_line' id='line_1_33' title="bbox 306 3855 1463 3938; baseline -0.001 -14"><span class='ocrx_word' id='word_1_235' title='bbox 306 3861 434 3925; x_wconf 87' lang='lat' dir='ltr'><strong>animus</strong></span> <span class='ocrx_word' id='word_1_236' title='bbox 470 3860 641 3935; x_wconf 88' lang='lat' dir='ltr'><strong>minuitur,</strong></span> <span class='ocrx_word' id='word_1_237' title='bbox 676 3878 741 3921; x_wconf 92' lang='lat' dir='ltr'><strong>non</strong></span> <span class='ocrx_word' id='word_1_238' title='bbox 774 3855 888 3934; x_wconf 89' lang='lat' dir='ltr'><strong>home,</strong></span> <span class='ocrx_word' id='word_1_239' title='bbox 921 3855 1109 3938; x_wconf 85' lang='lat' dir='ltr'><strong>frustraque</strong></span> <span class='ocrx_word' id='word_1_240' title='bbox 1143 3857 1306 3923; x_wconf 84' lang='lat' dir='ltr'><strong>Homerus</strong></span> <span class='ocrx_word' id='word_1_241' title='bbox 1335 3878 1356 3921; x_wconf 91' lang='lat' dir='ltr'><strong>a</strong></span> <span class='ocrx_word' id='word_1_242' title='bbox 1379 3857 1463 3924; x_wconf 87' lang='lat' dir='ltr'><strong>Gro-</strong></span> 
     </span>
     <span class='ocr_line' id='line_1_34' title="bbox 306 3964 1462 4046; baseline -0.003 -13"><span class='ocrx_word' id='word_1_243' title='bbox 306 3968 401 4033; x_wconf 81' lang='lat' dir='ltr'><strong>nouio</strong></span> <span class='ocrx_word' id='word_1_244' title='bbox 431 3967 609 4031; x_wconf 85' lang='lat' dir='ltr'><strong>arcessitur</strong></span> <span class='ocrx_word' id='word_1_245' title='bbox 638 3965 745 4043; x_wconf 88' lang='lat' dir='ltr'><strong>testis,</strong></span> <span class='ocrx_word' id='word_1_246' title='bbox 781 3966 836 4046; x_wconf 93' lang='lat' dir='ltr'><strong>qui</strong></span> <span class='ocrx_word' id='word_1_247' title='bbox 864 3986 905 4029; x_wconf 93' lang='grc'><strong>11</strong></span> <span class='ocrx_word' id='word_1_248' title='bbox 935 3964 1018 4028; x_wconf 82' lang='lat' dir='ltr'><strong>dixit</strong></span> <span class='ocrx_word' id='word_1_249' title='bbox 1046 3965 1178 4046; x_wconf 90' lang='lat' dir='ltr'><strong>quidem</strong></span> <span class='ocrx_word' id='word_1_250' title='bbox 1200 3967 1249 4030; x_wconf 91' lang='lat' dir='ltr'><strong>ita</strong></span> <span class='ocrx_word' id='word_1_251' title='bbox 1269 3973 1397 4044; x_wconf 72' lang='grc' dir='ltr'><strong>μινύθειν</strong></span> <span class='ocrx_word' id='word_1_252' title='bbox 1420 3966 1462 4030; x_wconf 94' lang='lat' dir='ltr'><strong>de</strong></span> 
     </span>
     <span class='ocr_line' id='line_1_35' title="bbox 306 4071 1462 4155; baseline -0.002 -15"><span class='ocrx_word' id='word_1_253' title='bbox 306 4076 453 4152; x_wconf 87' lang='lat' dir='ltr'><strong>homine,</strong></span> <span class='ocrx_word' id='word_1_254' title='bbox 498 4081 535 4138; x_wconf 91' lang='lat' dir='ltr'><strong>ut</strong></span> <span class='ocrx_word' id='word_1_255' title='bbox 574 4078 661 4138; x_wconf 84' lang='lat' dir='ltr'><strong>esset</strong></span> <span class='ocrx_word' id='word_1_256' title='bbox 694 4072 839 4136; x_wconf 86' lang='lat' dir='ltr'><strong>animum</strong></span> <span class='ocrx_word' id='word_1_257' title='bbox 873 4071 1036 4155; x_wconf 85' lang='lat' dir='ltr'><strong>frangere.</strong></span> <span class='ocrx_word' id='word_1_258' title='bbox 1093 4071 1179 4148; x_wconf 83' lang='lat' dir='ltr'><strong>Quid</strong></span> <span class='ocrx_word' id='word_1_259' title='bbox 1220 4072 1462 4138; x_wconf 87' lang='lat' dir='ltr'><strong>restituendum</strong></span> 
     </span>
     <span class='ocr_line' id='line_1_36' title="bbox 306 4178 1462 4266; baseline -0.002 -19"><span class='ocrx_word' id='word_1_260' title='bbox 306 4185 351 4248; x_wconf 90' lang='lat' dir='ltr'><strong>sit</strong></span> <span class='ocrx_word' id='word_1_261' title='bbox 390 4183 464 4266; x_wconf 90' lang='lat' dir='ltr'><strong>(pro</strong></span> <span class='ocrx_word' id='word_1_262' title='bbox 499 4179 753 4260; x_wconf 87' lang='lat' dir='ltr'><strong>etminutus),</strong></span> <span class='ocrx_word' id='word_1_263' title='bbox 793 4178 929 4245; x_wconf 90' lang='lat' dir='ltr'><strong>dubium</strong></span> <span class='ocrx_word' id='word_1_264' title='bbox 962 4187 1031 4260; x_wconf 86' lang='lat' dir='ltr'><strong>est;</strong></span> <span class='ocrx_word' id='word_1_265' title='bbox 1070 4180 1173 4247; x_wconf 89' lang='lat' dir='ltr'><strong>fuitne</strong></span> <span class='ocrx_word' id='word_1_266' title='bbox 1208 4181 1462 4246; x_wconf 79' lang='lat' dir='ltr'><strong>admonitus?</strong></span> 
     </span>
    </p>
   </div>
   <div class='ocr_carea' id='block_1_3' title="bbox 0 0 1535 5272">
    <p class='ocr_par' dir='ltr' id='par_1_3' title="bbox 0 0 1535 5272">
     <span class='ocr_line' id='line_1_37' title="bbox 0 0 1535 5272; baseline 0 0"><span class='ocrx_word' id='word_1_267' title='bbox 0 0 1535 5272; x_wconf 95' lang='lat' dir='ltr'><strong> </strong></span> 
     </span>
    </p>
   </div>
  </div>
 </body>
</html>
