3060 5272
762 269 805 332 IV

208 454 365 520 nonnulla
387 456 493 519 minus
516 456 748 538 expolirentur,
772 477 870 539 quam
893 457 1025 535 vellem,
1050 459 1141 522 euius
1164 459 1212 522 rei
1235 459 1365 522 veniam

209 553 318 638 verbis
349 580 461 657 petere
489 573 604 640 inutile
634 574 771 639 videtur.
818 575 1060 641 Adlaboratum
1089 584 1198 642 tamen
1227 581 1293 654 est,
1322 597 1367 640 ne

208 694 242 757 in
274 715 400 758 summa
430 715 466 758 re
495 715 515 758 a
543 695 711 777 proposito
742 696 878 760 oonsilio
907 695 1112 761 deficeretur.
1158 696 1369 779 Propositum

208 821 318 879 autem
340 820 412 878 erat
433 814 588 897 primum,
622 820 674 892 ut,
710 816 863 898 quoniam
891 822 967 899 post
994 817 1137 899 priorem
1165 814 1261 881 huius
1290 815 1370 879 libri

211 933 397 1012 editionem,
417 955 516 1016 quum
533 933 659 998 Livium
675 957 831 1000 unacum
850 935 1002 1017 Ussingio
1021 935 1159 1013 ederem,
1183 934 1367 1017 quindecim

213 1053 344 1135 quidem
379 1053 502 1136 primos
535 1054 638 1119 libros
671 1054 736 1132 bis,
771 1054 893 1119 multos
922 1055 1013 1120 locos
1044 1055 1136 1120 novis
1170 1053 1369 1119 coniecturis

213 1173 437 1238 emendassem
455 1180 681 1253 tentassemus,
700 1173 770 1238 haec
788 1175 893 1238 omnis
911 1175 1065 1239 materies
1082 1176 1116 1238 in
1133 1175 1196 1240 hoc
1214 1173 1368 1239 volumen

211 1292 455 1372 transferretur,
479 1315 529 1372 ue,
553 1294 610 1374 qui
632 1294 754 1359 nestris
777 1295 978 1359 coniecturis
1001 1294 1145 1358 Liuianis
1168 1294 1215 1357 uti
1239 1292 1370 1371 vellent,

212 1413 362 1497 pluribus
397 1435 453 1477 eas
476 1413 558 1477 locis
592 1434 665 1477 oum
694 1413 847 1478 molestia
877 1422 1071 1495 quaererent.
1116 1415 1233 1497 ltaque
1267 1412 1371 1476 erevit

214 1554 265 1596 me
288 1554 353 1596 non
375 1531 501 1596 libente
524 1532 699 1597 voluminis
722 1532 840 1609 moles,
864 1553 965 1614 quum
989 1535 1171 1616 praesertim
1194 1532 1260 1596 alia
1283 1551 1371 1613 quae·

215 1651 290 1717 dam
314 1658 347 1715 et
364 1651 587 1734 disputatione
611 1658 642 1715 et
667 1652 864 1716 testimoniis
883 1651 1105 1735 exemplisque
1124 1651 1276 1735 augenda
1293 1672 1371 1716 eou-

214 1771 440 1855 firmandaque
464 1779 574 1835 essent
597 1771 700 1850 (velut
728 1771 769 1834 ad
799 1770 914 1850 XXIV,
940 1778 967 1848 2,
993 1773 1035 1852 9).
1080 1772 1221 1849 Deinde,
1249 1772 1276 1834 si
1306 1789 1385 1851 qua.

215 1893 281 1956 iam
305 1893 411 1955 minus
434 1899 527 1955 reeta
554 1912 694 1972 veraque
718 1890 926 1969 videbantur,
959 1912 1031 1972 quae
1060 1891 1155 1957 laetor
1182 1912 1246 1954 non
1278 1889 1372 1953 valde

215 2011 321 2075 multa
342 2011 458 2090 fuisse,
482 2032 522 2075 ea
550 2011 768 2087 detraximus,
793 2011 949 2093 pleraque
977 2013 1098 2075 iam‘iu
1121 2011 1185 2074 illis
1208 2009 1372 2093 praefatio-

215 2131 313 2195 nibus
337 2137 452 2195 notata
474 2138 507 2194 et
530 2138 692 2209 eorrecta3
717 2153 783 2194 uuo
807 2137 839 2195 et
857 2130 963 2196 altere
980 2130 1052 2196 loeo
1076 2133 1108 2195 in
1132 2127 1372 2214 posterioribus

216 2250 312 2315 libris
335 2271 421 2315 nuno
444 2250 575 2314 demum
597 2251 727 2314 veriora
748 2271 783 2316 se
806 2250 1006 2316 obtuleruut.
1052 2251 1131 2328 Quae
1156 2248 1196 2313 de
1225 2247 1374 2311 codicum

216 2371 426 2436 auctoritatis
460 2371 494 2433 in
527 2371 626 2434 tertia
659 2370 783 2435 decade
824 2371 1042 2435 aestimatione
1076 2369 1154 2434 olim
1188 2367 1376 2450 disputave-

217 2512 302 2566 ram,
333 2511 373 2554 ea
394 2510 497 2567 nuno,
527 2489 614 2571 quod
643 2488 684 2553 ad
709 2491 852 2572 quinque
875 2490 1076 2573 posteriores
1099 2488 1201 2552 libros
1224 2487 1377 2571 pertinet,

217 2611 395 2675 retractavi
418 2631 496 2673 usus
514 2608 737 2690 Heerwagenii
762 2617 794 2673 et
817 2609 956 2673 aliorum
980 2608 1277 2684 admonitionibus3
1301 2626 1374 2687 quae

218 2730 260 2794 ab
285 2728 359 2794 aliis
382 2749 488 2812 nuper
517 2727 556 2791 de
579 2728 696 2791 iisdem
720 2727 801 2792 Livii
830 2729 926 2806 loeis,
955 2749 1037 2810 quos
1061 2750 1126 2814 ego,
1144 2733 1375 2795 tractaveram,

219 2849 350 2932 prolata
361 2855 465 2925 erant,
486 2869 557 2931 quae
575 2847 706 2931 quidem
726 2846 805 2910 mihi
823 2848 1045 2912 innotuissent
1068 2850 1156 2927 (nam
1177 2847 1254 2929 quin
1272 2844 1377 2907 multa

220 2991 279 3042 me,
309 2967 458 3048 quaedem
483 2967 582 3030 etiam
613 2965 802 3048 Siesbyeum
825 2966 978 3047 fugerint,
1002 2988 1066 3030 non
1098 2966 1237 3046 dubito),
1262 2984 1375 3029 eorum

219 3089 379 3152 hactenus
402 3085 517 3151 habita
539 3087 624 3149 ratio
648 3093 707 3165 est,
730 3092 776 3165 ut,
800 3087 827 3149 si
851 3087 930 3169 quid
954 3093 1011 3149 aut
1033 3086 1155 3150 nostris
1179 3084 1295 3148 melius
1318 3087 1377 3146 aut

219 3207 337 3272 saltem
349 3226 439 3287 seque
451 3204 621 3287 probabile
633 3216 800 3289 repertum
813 3213 906 3285 esset,
919 3206 952 3268 id
964 3227 1038 3270 oum
1047 3206 1189 3269 adsensu
1201 3203 1376 3266 adnotare-

220 3348 301 3404 mus,
326 3325 366 3390 de
390 3326 438 3404 iis,
461 3345 534 3406 quae
557 3347 622 3389 non
645 3346 729 3404 vore,
754 3325 812 3389 sed
829 3331 939 3389 tamen
957 3345 1031 3388 cum
1049 3324 1161 3408 aliqua
1177 3322 1244 3386 veri
1267 3319 1377 3402 speeie

221 3447 390 3530 disputata
411 3445 610 3522 viderentur,
635 3446 830 3510 sententiam
853 3453 1001 3511 nostram
1024 3445 1168 3509 breviter
1191 3440 1376 3506 declarare·

221 3587 302 3643 mus,
327 3565 500 3628 manifesto
525 3586 702 3647 pravorum
724 3587 824 3628 unum
848 3571 881 3629 et
903 3565 1045 3629 alterum
1070 3562 1253 3646 exemplum
1276 3581 1376 3644 pone·

221 3706 331 3749 remus
365 3693 397 3748 et
428 3683 660 3748 admonitionis
683 3704 786 3748 eausa
808 3682 1139 3766 reprehenderemus,
1162 3681 1267 3746 multa
1289 3679 1377 3743 enim

222 3805 326 3868 tacita
348 3803 598 3886 praetermittere
622 3809 656 3867 et
677 3803 799 3867 licebat
822 3810 855 3867 et
877 3803 1024 3867 decebat.

309 3921 412 3986 Sorib.
436 3922 574 3985 Hauniae
597 3923 691 3986 nonis
714 3922 808 3986 Maiis
831 3944 859 3987 a.
884 3921 1187 3987 MDCCCLXXVII.
