3060 5272
700 863 763 924 42?
1141 877 1204 931 Lib.
1222 876 1308 931 XXX

154 1049 244 1133 gine
278 1049 464 1133 conspici
498 1054 538 1112 et
570 1047 754 1132 praebere
787 1049 874 1132 ipsc
908 1054 1169 1131 conspectum
1203 1069 1307 1113 cum·

61 1159 66 1169 ’
153 1155 284 1221 fusum
311 1157 706 1241 mareurbiposset.
761 1155 814 1220 Sic
836 1155 980 1233 codices,
1010 1176 1149 1239 quorum
1171 1155 1307 1239 aliquod

154 1272 205 1329 est
231 1271 450 1344 momentum,
484 1286 611 1344 omnes,
647 1285 731 1348 quos
760 1263 1064 1342 Weissenbornius,
1098 1263 1229 1329 adscita
1250 1263 1307 1329 ΑΙ-

154 1372 310 1438 schefskii
326 1374 532 1438 coniectura:
556 1378 818 1456 conspectum
835 1373 873 1436 in
891 1371 1175 1436 circumfusum
1191 1391 1307 1451 mare,

154 1488 303 1560 secutus,
343 1480 468 1566 expulit
508 1482 714 1565 superiorum
747 1479 981 1563 interpolatam
1016 1480 1229 1562 scripturam:
1269 1485 1309 1544 et

154 1589 334 1674 praebere
363 1590 450 1672 ipse
479 1594 737 1671 prospectum
768 1609 883 1671 quum
912 1587 961 1651 ad
988 1587 1127 1652 urbem
1154 1593 1236 1650 tum
1259 1587 1308 1651 ad

154 1697 441 1763 circumfusum
464 1718 505 1760 m.
529 1718 559 1760 u.
583 1702 731 1778 posset.
783 1694 847 1759 Sed
871 1697 940 1777 ipse
963 1694 1208 1774 animadvertit,
1236 1715 1302 1759 non
1320 1702 1393 1771 (348)

154 1806 219 1871 diei
240 1805 357 1869 Latine
381 1809 645 1887 conspectum
670 1803 709 1867 in
732 1823 838 1866 mare
863 1824 923 1887 pro
945 1806 1182 1886 prospectu3
1207 1809 1241 1867 et
1256 1809 1308 1868 ta-

153 1933 227 1978 men
253 1912 493 1977 substantivum
512 1932 584 1975 cum
605 1910 887 1994 conspiciendi
906 1910 1005 1975 verbo
1024 1911 1233 1992 coniugatum
1250 1932 1308 1995 po·

155 2018 259 2111 stulat
283 2020 423 2104 quaesita
447 2020 606 2084 orationis
630 2019 845 2082 concinnitas.
893 2017 1109 2083 Scribendum
1133 2024 1214 2098 erat,
1241 2041 1309 2084 una

152 2127 266 2192 littera
287 2133 432 2191 mutata:
463 2134 501 2192 et
528 2126 710 2210 praebere
733 2127 821 2210 ipse
844 2125 1068 2206 conspectui
1092 2126 1308 2191 circumfu-

154 2257 238 2301 sum
261 2256 365 2300 mare
388 2235 480 2299 urbi
505 2241 654 2318 posset.
684 2233 875 2299 Subiectum
899 2233 1088 2317 conspectui
1111 2254 1201 2298 mare
1224 2242 1307 2298 erat.

239 2341 318 2427 Cep.
346 2347 399 2422 10,
429 2347 448 2405 7
472 2341 526 2422 (de
555 2342 690 2407 navibus
713 2342 755 2406 ad
777 2341 909 2406 Uticam
932 2363 952 2405 a
975 2340 1127 2424 Scipione
1150 2340 1309 2407 adversus

154 2448 475 2534 Carthaginiensium
515 2451 672 2533 impetum
711 2447 912 2529 instructis):
956 2447 1130 2513 telorum
1175 2449 1308 2513 missi·

153 2557 267 2637 lium,
296 2564 341 2622 ut
363 2559 548 2640 quamvis
570 2557 688 2640 longo
712 2557 936 2621 certamine
958 2555 1221 2633 sufficerent,
1248 2558 1308 2620 ris

153 2667 297 2748 ingens
321 2667 568 2747 congeritur.
625 2664 668 2729 Ut
699 2665 829 2729 dicatur
856 2670 948 2728 recte
977 2663 1161 2746 quamvis
1184 2662 1307 2747 longo

153 2774 378 2838 certamine
401 2795 462 2858 pro
486 2795 540 2852 eu,
570 2772 658 2856 quod
682 2779 747 2836 est:
782 2768 950 2835 etiamsi
979 2771 1141 2852 longum
1170 2782 1307 2839 certa·

157 2901 240 2945 men
263 2880 280 2944 f
284 2881 405 2958 ieret,
436 2880 476 2945 de
499 2903 566 2964 quo
590 2880 798 2944 vehementer
821 2879 952 2958 dubito,
980 2884 1092 2943 tamen
1115 2901 1180 2944 non
1204 2882 1308 2947 credi·

156 2988 260 3053 derim
282 2989 407 3053 Livium
432 2996 501 3053 tam
524 2989 660 3053 moleste
683 2988 814 3066 dixisse,
843 3008 942 3070 quum
965 2985 1062 3051 facile
1085 2993 1118 3051 et
1140 2989 1309 3070 eleganter

157 3104 286 3181 posset:
320 3103 364 3161 ut
396 3098 578 3179 quemuis
612 3096 736 3178 longo
767 3096 984 3160 certamini
1013 3094 1308 3179 sufficerent.¹)

156 3203 297 3268 Inferius
320 3205 352 3268 in
376 3204 439 3268 boc
462 3205 570 3288 capite
594 3202 625 3286 (ἓ
651 3205 718 3282 19),
748 3203 806 3267 ubi
834 3224 960 3268 summa
989 3209 1124 3268 eventus
1150 3204 1309 3286 longioris

157 3313 348 3376 certaminis
372 3313 538 3392 colligitur
567 3310 655 3391 (hoc
685 3313 854 3375 maxime
885 3310 998 3375 modo
1021 3309 1197 3377 lacerati
1221 3315 1310 3398 qui·

158 3418 243 3482 dem
272 3440 404 3485 omnes
433 3419 608 3503 pontes),
643 3418 806 3503 particula
841 3418 1001 3502 quidem
1028 3426 1096 3482 tem
1123 3441 1223 3503 prave
1251 3442 1311 3505 po·

156 3527 261 3604 nitur,
295 3548 396 3610 quum
430 3527 521 3591 nulla
554 3528 688 3590 minima
721 3527 765 3590 sit
799 3546 899 3590 causa
934 3525 1025 3589 verbi
1058 3525 1234 3591 lacerati
1263 3529 1310 3593 sic

157 3633 343 3709 extollendi,
367 3643 404 3700 ut
427 3634 579 3700 mendum
603 3633 812 3698 manifestum
835 3638 997 3696 teneatur.
1043 3632 1180 3698 Videtur
1201 3635 1310 3700 Livius

159 3788 385 3799 ———

188 3852 213 3919 ¹)
233 3850 261 3920 [ξ
279 3856 296 3905 4
314 3855 409 3907 nescio
428 3871 464 3908 an
481 3872 534 3924 pro
553 3859 723 3924 poterant
741 3852 918 3906 scribendum
938 3853 976 3905 sit
993 3856 1189 3921 potuerant.
1223 3850 1309 3922 lesa]

226 3936 243 4007 ὃ
262 3941 279 3992 b
296 3939 397 3993 vellem
415 3939 457 3992 W.
476 3940 626 4005 tenuisset,
650 3938 725 4008 quod
748 3939 778 3991 in
796 3938 890 4007 priore
909 3938 1032 3991 editione
1049 3943 1193 4006 posuerat:
1217 3939 1311 3992 tabu·

227 4023 350 4093 lasque
378 4026 664 4094 superinstravit,
697 4029 735 4078 nt
761 4024 875 4094 pervii
903 4023 1047 4078 ordines
1075 4028 1204 4089 essent,
1235 4023 1311 4093 qnod

226 4110 300 4178 ipse,
323 4110 419 4163 recisis
443 4111 472 4165 in
489 4110 622 4164 Gronorii
641 4110 837 4165 emendatione
856 4108 964 4162 duabus
983 4109 1104 4175 voculis,
1128 4109 1237 4178 pridem
1260 4109 1309 4164 ad·

225 4200 361 4248 notarem.
404 4193 476 4247 Nam
501 4195 576 4263 qnod
601 4213 675 4250 nunc
698 4196 805 4265 posuit:
834 4196 884 4248 ita
906 4212 979 4248 cum
1002 4194 1065 4264 (pro
1088 4193 1138 4261 nt)
1156 4195 1311 4264 pervium

226 4279 379 4334 ordinem
419 4278 584 4346 lecisset,
616 4280 723 4334 nullam
755 4281 842 4335 habet
874 4280 1040 4335 mutationis
1074 4280 1310 4350 probabilitatem.

225 4364 270 4417 Ex
303 4364 574 4419 ordinesessent
605 4372 699 4419 ortum
730 4366 1020 4433 ordinalecisset,
1054 4367 1119 4420 dein
1147 4366 1311 4433 ordinem,

227 4456 288 4503 tum
306 4451 468 4520 pervium.
496 4445 638 4517 [Fortasse
656 4451 702 4505 hic
721 4468 833 4520 quoque
851 4450 1018 4521 simpliciter
1031 4451 1155 4506 tenenda
1170 4455 1213 4506 cst
1227 4452 1312 4521 scrip·

226 4545 292 4590 tura
309 4535 372 4590 cod.
392 4534 463 4606 Spir.
482 4542 521 4589 ut
542 4535 698 4605 pervium
722 4536 757 4589 in
775 4541 884 4590 totum
904 4535 1059 4591 ordinem
1077 4542 1182 4605 esset,
1207 4542 1241 4591 ut
1258 4537 1312 4606 sig-

226 4618 357 4676 nificetur
380 4620 528 4675 transitum
552 4619 677 4689 patuisse
695 4637 729 4675 ex
746 4621 904 4690 posteriore
923 4638 1034 4690 quaque
1052 4638 1124 4676 navo
1141 4622 1171 4676 in
1189 4622 1312 4691 priorem

228 4722 264 4759 ex
282 4705 326 4773 iis,
352 4722 416 4775 quse
434 4723 491 4760 nna
509 4706 579 4760 serie
597 4721 628 4760 se
646 4704 833 4774 excipiebant
873 4704 1034 4760 Pervinm
1052 4712 1104 4761 est
1121 4706 1161 4760 sic
1178 4706 1313 4776 imperso-

226 4790 331 4846 naliter
347 4788 481 4845 dixerunt
498 4788 604 4845 Seneca
622 4790 657 4845 ds
674 4788 755 4843 Pror.
773 4790 800 4857 6,
819 4791 837 4844 9
854 4795 884 4845 at
900 4788 1009 4845 Plinius
1026 4789 1061 4843 H.
1079 4788 1112 4844 N.
1130 4789 1164 4857 V,
1185 4788 1236 4859 12]
