<?xml version="1.0" encoding="UTF-8"?>
<!DOCTYPE html PUBLIC "-//W3C//DTD XHTML 1.0 Transitional//EN"
    "http://www.w3.org/TR/xhtml1/DTD/xhtml1-transitional.dtd">
<html xmlns="http://www.w3.org/1999/xhtml" xml:lang="en" lang="en">
 <head>
  <title>
</title>
<meta http-equiv="Content-Type" content="text/html;charset=utf-8" />
  <meta name='ocr-system' content='tesseract 3.04.00' />
  <meta name='ocr-capabilities' content='ocr_page ocr_carea ocr_par ocr_line ocrx_word'/>
</head>
<body>
  <div class='ocr_page' id='page_1' title='image "./emendationesliv01madvgoog_0179.png"; bbox 0 0 3060 5272; ppageno 0'>
   <div class='ocr_carea' id='block_1_1' title="bbox 237 321 849 388">
    <p class='ocr_par' dir='ltr' id='par_1_1' title="bbox 237 321 849 388">
     <span class='ocr_line' id='line_1_1' title="bbox 237 321 849 388; baseline -0.008 0"><span class='ocrx_word' id='word_1_1' title='bbox 237 330 300 388; x_wconf 87' lang='lat' dir='ltr'>Lib.</span> <span class='ocrx_word' id='word_1_2' title='bbox 317 330 378 387; x_wconf 83' lang='lat' dir='ltr'>vu.</span> <span class='ocrx_word' id='word_1_3' title='bbox 787 321 849 383; x_wconf 72' lang='lat'>170</span> 
     </span>
    </p>
   </div>
   <div class='ocr_carea' id='block_1_2' title="bbox 153 503 1400 4260">
    <p class='ocr_par' dir='ltr' id='par_1_2' title="bbox 153 503 1400 4260">
     <span class='ocr_line' id='line_1_2' title="bbox 238 503 1399 589; baseline 0.003 -20"><span class='ocrx_word' id='word_1_4' title='bbox 238 505 445 589; x_wconf 89' lang='lat' dir='ltr'>cipitaret.</span> <span class='ocrx_word' id='word_1_5' title='bbox 497 503 623 570; x_wconf 89' lang='lat' dir='ltr'>Livium</span> <span class='ocrx_word' id='word_1_6' title='bbox 646 504 734 570; x_wconf 88' lang='lat' dir='ltr'>enim</span> <span class='ocrx_word' id='word_1_7' title='bbox 756 504 797 570; x_wconf 90' lang='lat' dir='ltr'>de</span> <span class='ocrx_word' id='word_1_8' title='bbox 818 506 875 585; x_wconf 92' lang='lat' dir='ltr'>iis,</span> <span class='ocrx_word' id='word_1_9' title='bbox 905 507 961 588; x_wconf 93' lang='lat' dir='ltr'>qui</span> <span class='ocrx_word' id='word_1_10' title='bbox 982 505 1018 569; x_wconf 90' lang='lat' dir='ltr'>in</span> <span class='ocrx_word' id='word_1_11' title='bbox 1038 505 1175 573; x_wconf 91' lang='lat' dir='ltr'>insidias</span> <span class='ocrx_word' id='word_1_12' title='bbox 1196 506 1312 572; x_wconf 88' lang='lat' dir='ltr'>locave</span> <span class='ocrx_word' id='word_1_13' title='bbox 1334 504 1399 572; x_wconf 87' lang='lat' dir='ltr'>ini·</span> 
     </span>
     <span class='ocr_line' id='line_1_3' title="bbox 237 612 1397 698; baseline 0.003 -21"><span class='ocrx_word' id='word_1_14' title='bbox 237 634 304 697; x_wconf 89' lang='lat' dir='ltr'>qua</span> <span class='ocrx_word' id='word_1_15' title='bbox 327 633 405 678; x_wconf 87' lang='lat' dir='ltr'>casu</span> <span class='ocrx_word' id='word_1_16' title='bbox 432 612 599 693; x_wconf 80' lang='lat' dir='ltr'>incidant,</span> <span class='ocrx_word' id='word_1_17' title='bbox 632 634 698 678; x_wconf 89' lang='lat' dir='ltr'>non</span> <span class='ocrx_word' id='word_1_18' title='bbox 726 613 768 678; x_wconf 90' lang='lat' dir='ltr'>ab</span> <span class='ocrx_word' id='word_1_19' title='bbox 797 613 870 678; x_wconf 92' lang='lat' dir='ltr'>aliis</span> <span class='ocrx_word' id='word_1_20' title='bbox 892 612 1084 694; x_wconf 87' lang='lat' dir='ltr'>trudantur,</span> <span class='ocrx_word' id='word_1_21' title='bbox 1117 635 1184 680; x_wconf 89' lang='lat' dir='ltr'>non</span> <span class='ocrx_word' id='word_1_22' title='bbox 1204 612 1303 681; x_wconf 86' lang='lat' dir='ltr'>mode</span> <span class='ocrx_word' id='word_1_23' title='bbox 1324 613 1397 698; x_wconf 86' lang='lat' dir='ltr'>ple-</span> 
     </span>
     <span class='ocr_line' id='line_1_4' title="bbox 238 720 1398 806; baseline 0.002 -20"><span class='ocrx_word' id='word_1_24' title='bbox 238 742 387 804; x_wconf 91' lang='lat' dir='ltr'>rumque,</span> <span class='ocrx_word' id='word_1_25' title='bbox 412 721 470 786; x_wconf 86' lang='lat' dir='ltr'>sed</span> <span class='ocrx_word' id='word_1_26' title='bbox 493 741 623 804; x_wconf 82' lang='lat' dir='ltr'><strong>semper</strong></span> <span class='ocrx_word' id='word_1_27' title='bbox 645 720 751 786; x_wconf 89' lang='lat' dir='ltr'>activo</span> <span class='ocrx_word' id='word_1_28' title='bbox 773 740 869 786; x_wconf 85' lang='lat' dir='ltr'>usum</span> <span class='ocrx_word' id='word_1_29' title='bbox 892 741 964 785; x_wconf 90' lang='lat' dir='ltr'>esse</span> <span class='ocrx_word' id='word_1_30' title='bbox 986 721 1273 806; x_wconf 88' lang='lat' dir='ltr'>praecipitandi</span> <span class='ocrx_word' id='word_1_31' title='bbox 1293 721 1398 789; x_wconf 86' lang='lat' dir='ltr'>verbo</span> 
     </span>
     <span class='ocr_line' id='line_1_5' title="bbox 236 826 1399 914; baseline 0.002 -20"><span class='ocrx_word' id='word_1_32' title='bbox 236 850 298 914; x_wconf 92' lang='lat' dir='ltr'>pro</span> <span class='ocrx_word' id='word_1_33' title='bbox 327 829 545 906; x_wconf 86' lang='lat' dir='ltr'>intransitive,</span> <span class='ocrx_word' id='word_1_34' title='bbox 575 828 851 910; x_wconf 89' lang='lat' dir='ltr'>quemadmodum</span> <span class='ocrx_word' id='word_1_35' title='bbox 873 828 974 892; x_wconf 90' lang='lat' dir='ltr'>etiam</span> <span class='ocrx_word' id='word_1_36' title='bbox 997 826 1112 895; x_wconf 83' lang='lat' dir='ltr'>Cicero</span> <span class='ocrx_word' id='word_1_37' title='bbox 1139 827 1234 910; x_wconf 88' lang='lat' dir='ltr'>facit,</span> <span class='ocrx_word' id='word_1_38' title='bbox 1267 835 1399 896; x_wconf 88' lang='lat' dir='ltr'>certum</span> 
     </span>
     <span class='ocr_line' id='line_1_6' title="bbox 236 934 1398 1021; baseline 0.003 -21"><span class='ocrx_word' id='word_1_39' title='bbox 236 936 381 1016; x_wconf 88' lang='lat' dir='ltr'>videtur,</span> <span class='ocrx_word' id='word_1_40' title='bbox 415 957 482 1001; x_wconf 88' lang='lat' dir='ltr'>non</span> <span class='ocrx_word' id='word_1_41' title='bbox 514 936 648 1001; x_wconf 89' lang='lat' dir='ltr'>minime</span> <span class='ocrx_word' id='word_1_42' title='bbox 682 936 724 1002; x_wconf 92' lang='lat' dir='ltr'>cb</span> <span class='ocrx_word' id='word_1_43' title='bbox 759 955 833 1000; x_wconf 91' lang='lat' dir='ltr'>eam</span> <span class='ocrx_word' id='word_1_44' title='bbox 866 955 1017 1015; x_wconf 90' lang='lat' dir='ltr'>cansam,</span> <span class='ocrx_word' id='word_1_45' title='bbox 1050 934 1140 1021; x_wconf 88' lang='lat' dir='ltr'>quud</span> <span class='ocrx_word' id='word_1_46' title='bbox 1171 938 1207 1003; x_wconf 92' lang='lat' dir='ltr'>in</span> <span class='ocrx_word' id='word_1_47' title='bbox 1232 938 1274 1004; x_wconf 85' lang='lat' dir='ltr'>iis</span> <span class='ocrx_word' id='word_1_48' title='bbox 1302 936 1398 1004; x_wconf 84' lang='lat' dir='ltr'>verbi</span> 
     </span>
     <span class='ocr_line' id='line_1_7' title="bbox 236 1042 1400 1131; baseline 0.003 -21"><span class='ocrx_word' id='word_1_49' title='bbox 236 1044 368 1124; x_wconf 83' lang='lat' dir='ltr'>formis,</span> <span class='ocrx_word' id='word_1_50' title='bbox 402 1065 543 1129; x_wconf 88' lang='lat' dir='ltr'>quarum</span> <span class='ocrx_word' id='word_1_51' title='bbox 566 1042 732 1110; x_wconf 85' lang='lat' dir='ltr'>difficilior</span> <span class='ocrx_word' id='word_1_52' title='bbox 755 1050 828 1108; x_wconf 88' lang='lat' dir='ltr'>erat</span> <span class='ocrx_word' id='word_1_53' title='bbox 849 1043 1067 1127; x_wconf 75' lang='lat' dir='ltr'>permutatio,</span> <span class='ocrx_word' id='word_1_54' title='bbox 1101 1065 1231 1131; x_wconf 88' lang='lat' dir='ltr'>semper</span> <span class='ocrx_word' id='word_1_55' title='bbox 1251 1047 1400 1113; x_wconf 85' lang='lat' dir='ltr'>activum</span> 
     </span>
     <span class='ocr_line' id='line_1_8' title="bbox 237 1151 1396 1235; baseline 0.002 -18"><span class='ocrx_word' id='word_1_56' title='bbox 237 1153 369 1219; x_wconf 88' lang='lat' dir='ltr'>codices</span> <span class='ocrx_word' id='word_1_57' title='bbox 391 1158 514 1217; x_wconf 88' lang='lat' dir='ltr'>tenent.</span> <span class='ocrx_word' id='word_1_58' title='bbox 572 1152 709 1234; x_wconf 79' lang='lat' dir='ltr'>Legitur</span> <span class='ocrx_word' id='word_1_59' title='bbox 733 1158 843 1216; x_wconf 88' lang='lat' dir='ltr'>autem</span> <span class='ocrx_word' id='word_1_60' title='bbox 866 1152 1010 1216; x_wconf 87' lang='lat' dir='ltr'>activum</span> <span class='ocrx_word' id='word_1_61' title='bbox 1033 1151 1084 1216; x_wconf 90' lang='lat' dir='ltr'>his</span> <span class='ocrx_word' id='word_1_62' title='bbox 1106 1151 1204 1218; x_wconf 88' lang='lat' dir='ltr'>lucis:</span> <span class='ocrx_word' id='word_1_63' title='bbox 1234 1152 1276 1235; x_wconf 93' lang='lat' dir='ltr'>II,</span> <span class='ocrx_word' id='word_1_64' title='bbox 1300 1158 1352 1234; x_wconf 76' lang='grc'>61,</span> <span class='ocrx_word' id='word_1_65' title='bbox 1377 1158 1396 1219; x_wconf 83' lang='lat' dir='ltr'>d</span> 
     </span>
     <span class='ocr_line' id='line_1_9' title="bbox 237 1257 1397 1345; baseline 0.001 -19"><span class='ocrx_word' id='word_1_66' title='bbox 237 1260 567 1345; x_wconf 84' lang='lat' dir='ltr'>(praecipitavere</span> <span class='ocrx_word' id='word_1_67' title='bbox 600 1261 640 1324; x_wconf 94' lang='lat' dir='ltr'>in</span> <span class='ocrx_word' id='word_1_68' title='bbox 673 1258 882 1341; x_wconf 84' lang='lat' dir='ltr'>insidias),</span> <span class='ocrx_word' id='word_1_69' title='bbox 915 1257 958 1338; x_wconf 88' lang='lat' dir='ltr'>V,</span> <span class='ocrx_word' id='word_1_70' title='bbox 995 1263 1049 1338; x_wconf 88' lang='lat'>18,</span> <span class='ocrx_word' id='word_1_71' title='bbox 1080 1263 1099 1322; x_wconf 84' lang='grc'><strong>7</strong></span> <span class='ocrx_word' id='word_1_72' title='bbox 1128 1259 1258 1342; x_wconf 92' lang='lat' dir='ltr'>(eadem</span> <span class='ocrx_word' id='word_1_73' title='bbox 1285 1261 1397 1343; x_wconf 81' lang='lat' dir='ltr'>verba,</span> 
     </span>
     <span class='ocr_line' id='line_1_10' title="bbox 236 1367 1398 1453; baseline 0.003 -20"><span class='ocrx_word' id='word_1_74' title='bbox 236 1369 298 1434; x_wconf 89' lang='lat' dir='ltr'>etsi</span> <span class='ocrx_word' id='word_1_75' title='bbox 331 1369 377 1433; x_wconf 91' lang='lat' dir='ltr'>ibi</span> <span class='ocrx_word' id='word_1_76' title='bbox 410 1367 539 1447; x_wconf 91' lang='lat' dir='ltr'>MPHl,</span> <span class='ocrx_word' id='word_1_77' title='bbox 579 1368 760 1432; x_wconf 89' lang='lat' dir='ltr'>deteriores</span> <span class='ocrx_word' id='word_1_78' title='bbox 799 1367 931 1431; x_wconf 90' lang='lat' dir='ltr'>codices</span> <span class='ocrx_word' id='word_1_79' title='bbox 965 1372 1043 1449; x_wconf 89' lang='lat' dir='ltr'>post</span> <span class='ocrx_word' id='word_1_80' title='bbox 1081 1369 1398 1453; x_wconf 71' lang='lat' dir='ltr'>praecipitavere</span> 
     </span>
     <span class='ocr_line' id='line_1_11' title="bbox 236 1473 1400 1559; baseline 0.002 -18"><span class='ocrx_word' id='word_1_81' title='bbox 236 1476 364 1542; x_wconf 87' lang='lat' dir='ltr'>addunt</span> <span class='ocrx_word' id='word_1_82' title='bbox 386 1497 441 1556; x_wconf 91' lang='lat' dir='ltr'>se;</span> <span class='ocrx_word' id='word_1_83' title='bbox 466 1497 564 1559; x_wconf 87' lang='lat' dir='ltr'>quam</span> <span class='ocrx_word' id='word_1_84' title='bbox 587 1496 695 1558; x_wconf 88' lang='lat' dir='ltr'>prave,</span> <span class='ocrx_word' id='word_1_85' title='bbox 719 1475 787 1538; x_wconf 86' lang='lat' dir='ltr'>dixi</span> <span class='ocrx_word' id='word_1_86' title='bbox 810 1495 911 1558; x_wconf 91' lang='lat' dir='ltr'>supra</span> <span class='ocrx_word' id='word_1_87' title='bbox 932 1497 963 1557; x_wconf 90' lang='lat' dir='ltr'>p.</span> <span class='ocrx_word' id='word_1_88' title='bbox 986 1473 1050 1557; x_wconf 77' lang='grc'>32),</span> <span class='ocrx_word' id='word_1_89' title='bbox 1074 1474 1127 1556; x_wconf 90' lang='lat' dir='ltr'>VI,</span> <span class='ocrx_word' id='word_1_90' title='bbox 1152 1479 1200 1557; x_wconf 87' lang='lat'>30,</span> <span class='ocrx_word' id='word_1_91' title='bbox 1223 1482 1244 1539; x_wconf 88' lang='grc'>4</span> <span class='ocrx_word' id='word_1_92' title='bbox 1266 1475 1400 1558; x_wconf 87' lang='lat' dir='ltr'>(eadem</span> 
     </span>
     <span class='ocr_line' id='line_1_12' title="bbox 235 1580 1397 1668; baseline 0.003 -21"><span class='ocrx_word' id='word_1_93' title='bbox 235 1584 360 1666; x_wconf 90' lang='lat' dir='ltr'>verba),</span> <span class='ocrx_word' id='word_1_94' title='bbox 383 1583 484 1662; x_wconf 86' lang='lat' dir='ltr'>XXV,</span> <span class='ocrx_word' id='word_1_95' title='bbox 504 1586 552 1661; x_wconf 94' lang='lat' dir='ltr'>ll,</span> <span class='ocrx_word' id='word_1_96' title='bbox 572 1587 591 1646; x_wconf 89' lang='grc'><strong>6</strong></span> <span class='ocrx_word' id='word_1_97' title='bbox 611 1581 796 1666; x_wconf 88' lang='lat' dir='ltr'>(plurimi</span> <span class='ocrx_word' id='word_1_98' title='bbox 818 1583 857 1646; x_wconf 94' lang='lat' dir='ltr'>in</span> <span class='ocrx_word' id='word_1_99' title='bbox 879 1580 1031 1648; x_wconf 84' lang='lat' dir='ltr'>fossam</span> <span class='ocrx_word' id='word_1_100' title='bbox 1053 1584 1397 1668; x_wconf 83' lang='lat' dir='ltr'>praecipitavere),</span> 
     </span>
     <span class='ocr_line' id='line_1_13' title="bbox 235 1689 1397 1776; baseline 0.003 -21"><span class='ocrx_word' id='word_1_101' title='bbox 235 1691 375 1770; x_wconf 82' lang='lat' dir='ltr'>XXVII,</span> <span class='ocrx_word' id='word_1_102' title='bbox 412 1696 465 1770; x_wconf 82' lang='lat'>16,</span> <span class='ocrx_word' id='word_1_103' title='bbox 501 1695 521 1754; x_wconf 76' lang='lat'>4</span> <span class='ocrx_word' id='word_1_104' title='bbox 555 1689 607 1771; x_wconf 88' lang='lat' dir='ltr'>(in</span> <span class='ocrx_word' id='word_1_105' title='bbox 630 1695 795 1773; x_wconf 92' lang='lat' dir='ltr'>puteum</span> <span class='ocrx_word' id='word_1_106' title='bbox 817 1725 860 1735; x_wconf 93' lang='lat'><strong>—</strong></span> <span class='ocrx_word' id='word_1_107' title='bbox 883 1711 930 1754; x_wconf 86' lang='lat' dir='ltr'>ex</span> <span class='ocrx_word' id='word_1_108' title='bbox 953 1711 1056 1772; x_wconf 88' lang='lat' dir='ltr'>equo</span> <span class='ocrx_word' id='word_1_109' title='bbox 1079 1692 1397 1776; x_wconf 81' lang='lat' dir='ltr'>praecipitasse),</span> 
     </span>
     <span class='ocr_line' id='line_1_14' title="bbox 235 1796 1397 1884; baseline 0.004 -22"><span class='ocrx_word' id='word_1_110' title='bbox 235 1798 391 1877; x_wconf 85' lang='lat' dir='ltr'>XXXIX,</span> <span class='ocrx_word' id='word_1_111' title='bbox 415 1801 448 1877; x_wconf 82' lang='lat'>2,</span> <span class='ocrx_word' id='word_1_112' title='bbox 474 1801 492 1861; x_wconf 90' lang='lat'>3</span> <span class='ocrx_word' id='word_1_113' title='bbox 516 1796 600 1882; x_wconf 89' lang='lat' dir='ltr'>(per</span> <span class='ocrx_word' id='word_1_114' title='bbox 621 1819 806 1880; x_wconf 89' lang='lat' dir='ltr'>—rupes</span> <span class='ocrx_word' id='word_1_115' title='bbox 830 1797 1029 1881; x_wconf 79' lang='lat' dir='ltr'>deruptas</span> <span class='ocrx_word' id='word_1_116' title='bbox 1052 1800 1397 1884; x_wconf 68' lang='lat' dir='ltr'>praecipitantes),</span> 
     </span>
     <span class='ocr_line' id='line_1_15' title="bbox 235 1904 1397 1992; baseline 0.005 -23"><span class='ocrx_word' id='word_1_117' title='bbox 235 1904 351 1986; x_wconf 91' lang='lat' dir='ltr'>XLIII,</span> <span class='ocrx_word' id='word_1_118' title='bbox 382 1910 432 1986; x_wconf 73' lang='lat'>23,</span> <span class='ocrx_word' id='word_1_119' title='bbox 461 1912 481 1970; x_wconf 90' lang='grc'>4</span> <span class='ocrx_word' id='word_1_120' title='bbox 505 1906 556 1988; x_wconf 90' lang='lat' dir='ltr'>(in</span> <span class='ocrx_word' id='word_1_121' title='bbox 579 1905 727 1971; x_wconf 88' lang='lat' dir='ltr'>vallem</span> <span class='ocrx_word' id='word_1_122' title='bbox 749 1907 948 1970; x_wconf 81' lang='lat' dir='ltr'>insessam</span> <span class='ocrx_word' id='word_1_123' title='bbox 970 1906 1018 1971; x_wconf 90' lang='lat' dir='ltr'>ab</span> <span class='ocrx_word' id='word_1_124' title='bbox 1041 1906 1234 1973; x_wconf 90' lang='lat' dir='ltr'>hostibus</span> <span class='ocrx_word' id='word_1_125' title='bbox 1257 1909 1397 1992; x_wconf 78' lang='lat' dir='ltr'>praeci·</span> 
     </span>
     <span class='ocr_line' id='line_1_16' title="bbox 235 2012 1393 2099; baseline 0.004 -21"><span class='ocrx_word' id='word_1_126' title='bbox 235 2014 392 2098; x_wconf 89' lang='lat' dir='ltr'>pitant;</span> <span class='ocrx_word' id='word_1_127' title='bbox 432 2015 465 2078; x_wconf 92' lang='lat' dir='ltr'>in</span> <span class='ocrx_word' id='word_1_128' title='bbox 504 2014 617 2079; x_wconf 91' lang='lat' dir='ltr'>codice</span> <span class='ocrx_word' id='word_1_129' title='bbox 650 2013 727 2078; x_wconf 89' lang='lat' dir='ltr'>huic</span> <span class='ocrx_word' id='word_1_130' title='bbox 760 2014 859 2078; x_wconf 91' lang='lat' dir='ltr'>verbo</span> <span class='ocrx_word' id='word_1_131' title='bbox 893 2012 1105 2079; x_wconf 83' lang='lat' dir='ltr'>adhaeserunt</span> <span class='ocrx_word' id='word_1_132' title='bbox 1140 2036 1194 2095; x_wconf 93' lang='lat' dir='ltr'>ea,</span> <span class='ocrx_word' id='word_1_133' title='bbox 1235 2036 1308 2099; x_wconf 75' lang='lat' dir='ltr'>qua</span> <span class='ocrx_word' id='word_1_134' title='bbox 1340 2038 1393 2084; x_wconf 89' lang='lat' dir='ltr'>se·</span> 
     </span>
     <span class='ocr_line' id='line_1_17' title="bbox 235 2123 1397 2208; baseline 0.002 -20"><span class='ocrx_word' id='word_1_135' title='bbox 235 2130 395 2208; x_wconf 87' lang='lat' dir='ltr'>quuntur,</span> <span class='ocrx_word' id='word_1_136' title='bbox 429 2124 476 2188; x_wconf 91' lang='lat' dir='ltr'>sic</span> <span class='ocrx_word' id='word_1_137' title='bbox 516 2128 689 2207; x_wconf 89' lang='lat' dir='ltr'>corrupta:</span> <span class='ocrx_word' id='word_1_138' title='bbox 733 2123 1397 2207; x_wconf 86' lang='lat' dir='ltr'>praecipitantibusidemoccisis).</span> 
     </span>
     <span class='ocr_line' id='line_1_18' title="bbox 233 2230 1398 2318; baseline 0.003 -22"><span class='ocrx_word' id='word_1_139' title='bbox 233 2232 337 2298; x_wconf 86' lang='lat' dir='ltr'>Panlo</span> <span class='ocrx_word' id='word_1_140' title='bbox 361 2232 426 2297; x_wconf 88' lang='lat' dir='ltr'>alia</span> <span class='ocrx_word' id='word_1_141' title='bbox 444 2231 682 2313; x_wconf 83' lang='lat' dir='ltr'>significatione</span> <span class='ocrx_word' id='word_1_142' title='bbox 693 2230 825 2310; x_wconf 81' lang='lat' dir='ltr'>XXVII,</span> <span class='ocrx_word' id='word_1_143' title='bbox 849 2236 900 2311; x_wconf 80' lang='lat'>40,</span> <span class='ocrx_word' id='word_1_144' title='bbox 925 2235 943 2295; x_wconf 88' lang='lat'><strong>3</strong></span> <span class='ocrx_word' id='word_1_145' title='bbox 962 2231 1236 2297; x_wconf 85' lang='lat' dir='ltr'>ad—-Cannas</span> <span class='ocrx_word' id='word_1_146' title='bbox 1258 2234 1398 2318; x_wconf 80' lang='lat' dir='ltr'>praei·</span> 
     </span>
     <span class='ocr_line' id='line_1_19' title="bbox 238 2338 1396 2425; baseline 0.003 -20"><span class='ocrx_word' id='word_1_147' title='bbox 238 2342 400 2425; x_wconf 88' lang='lat' dir='ltr'>pitasse</span> <span class='ocrx_word' id='word_1_148' title='bbox 429 2341 604 2405; x_wconf 88' lang='lat' dir='ltr'>Romana</span> <span class='ocrx_word' id='word_1_149' title='bbox 631 2360 695 2403; x_wconf 88' lang='lat' dir='ltr'>res</span> <span class='ocrx_word' id='word_1_150' title='bbox 724 2339 860 2419; x_wconf 87' lang='lat' dir='ltr'>dicitur,</span> <span class='ocrx_word' id='word_1_151' title='bbox 896 2339 1171 2423; x_wconf 89' lang='lat' dir='ltr'>quemadmodum</span> <span class='ocrx_word' id='word_1_152' title='bbox 1193 2361 1214 2405; x_wconf 89' lang='lat' dir='ltr'>a</span> <span class='ocrx_word' id='word_1_153' title='bbox 1236 2338 1396 2409; x_wconf 84' lang='lat' dir='ltr'>Cicerone</span> 
     </span>
     <span class='ocr_line' id='line_1_20' title="bbox 238 2446 1400 2532; baseline 0.005 -22"><span class='ocrx_word' id='word_1_154' title='bbox 238 2469 299 2531; x_wconf 92' lang='lat' dir='ltr'>pro</span> <span class='ocrx_word' id='word_1_155' title='bbox 313 2448 407 2512; x_wconf 82' lang='lat' dir='ltr'>Sulla</span> <span class='ocrx_word' id='word_1_156' title='bbox 427 2451 478 2526; x_wconf 83' lang='lat'>31,</span> <span class='ocrx_word' id='word_1_157' title='bbox 496 2451 537 2511; x_wconf 80' lang='lat'>87</span> <span class='ocrx_word' id='word_1_158' title='bbox 555 2468 620 2511; x_wconf 89' lang='lat' dir='ltr'>res</span> <span class='ocrx_word' id='word_1_159' title='bbox 638 2446 809 2530; x_wconf 89' lang='lat' dir='ltr'>publica</span> <span class='ocrx_word' id='word_1_160' title='bbox 826 2449 1105 2532; x_wconf 86' lang='lat' dir='ltr'>praecipitans.</span> <span class='ocrx_word' id='word_1_161' title='bbox 1139 2448 1276 2514; x_wconf 85' lang='lat' dir='ltr'>Passiva</span> <span class='ocrx_word' id='word_1_162' title='bbox 1291 2448 1400 2516; x_wconf 84' lang='lat' dir='ltr'>forma</span> 
     </span>
     <span class='ocr_line' id='line_1_21' title="bbox 238 2553 1399 2641; baseline 0.005 -23"><span class='ocrx_word' id='word_1_163' title='bbox 238 2555 330 2619; x_wconf 90' lang='lat' dir='ltr'>verbi</span> <span class='ocrx_word' id='word_1_164' title='bbox 352 2553 617 2638; x_wconf 89' lang='lat' dir='ltr'>impersonaliter</span> <span class='ocrx_word' id='word_1_165' title='bbox 638 2561 676 2618; x_wconf 86' lang='lat' dir='ltr'>ut</span> <span class='ocrx_word' id='word_1_166' title='bbox 698 2555 900 2620; x_wconf 85' lang='lat' dir='ltr'>intransitivi</span> <span class='ocrx_word' id='word_1_167' title='bbox 923 2557 1059 2639; x_wconf 87' lang='lat' dir='ltr'>ponitur</span> <span class='ocrx_word' id='word_1_168' title='bbox 1081 2557 1145 2637; x_wconf 90' lang='lat' dir='ltr'>III,</span> <span class='ocrx_word' id='word_1_169' title='bbox 1179 2560 1236 2637; x_wconf 82' lang='lat'>43,</span> <span class='ocrx_word' id='word_1_170' title='bbox 1271 2561 1305 2637; x_wconf 81' lang='lat'>5,</span> <span class='ocrx_word' id='word_1_171' title='bbox 1340 2558 1399 2641; x_wconf 91' lang='lat' dir='ltr'>qui</span> 
     </span>
     <span class='ocr_line' id='line_1_22' title="bbox 238 2661 1399 2748; baseline 0.002 -21"><span class='ocrx_word' id='word_1_172' title='bbox 238 2663 331 2727; x_wconf 90' lang='lat' dir='ltr'>locus</span> <span class='ocrx_word' id='word_1_173' title='bbox 366 2683 453 2726; x_wconf 92' lang='lat' dir='ltr'>nnnc</span> <span class='ocrx_word' id='word_1_174' title='bbox 481 2669 572 2726; x_wconf 86' lang='lat' dir='ltr'>recte</span> <span class='ocrx_word' id='word_1_175' title='bbox 599 2663 846 2745; x_wconf 84' lang='lat' dir='ltr'>interpungitur</span> <span class='ocrx_word' id='word_1_176' title='bbox 879 2661 1198 2748; x_wconf 84' lang='lat' dir='ltr'>(praecipitatum</span> <span class='ocrx_word' id='word_1_177' title='bbox 1229 2665 1269 2729; x_wconf 94' lang='lat' dir='ltr'>in</span> <span class='ocrx_word' id='word_1_178' title='bbox 1302 2664 1399 2730; x_wconf 93' lang='lat' dir='ltr'>insi·</span> 
     </span>
     <span class='ocr_line' id='line_1_23' title="bbox 240 2769 1399 2857; baseline 0.003 -22"><span class='ocrx_word' id='word_1_179' title='bbox 240 2771 327 2835; x_wconf 88' lang='lat' dir='ltr'>dias</span> <span class='ocrx_word' id='word_1_180' title='bbox 350 2792 455 2850; x_wconf 75' lang='lat' dir='ltr'>esse,</span> <span class='ocrx_word' id='word_1_181' title='bbox 479 2769 654 2835; x_wconf 85' lang='lat' dir='ltr'>Siccium</span> <span class='ocrx_word' id='word_1_182' title='bbox 675 2805 719 2814; x_wconf 95' lang='lat'>-</span> <span class='ocrx_word' id='word_1_183' title='bbox 741 2770 980 2853; x_wconf 88' lang='lat' dir='ltr'>militesque</span> <span class='ocrx_word' id='word_1_184' title='bbox 1004 2772 1194 2857; x_wconf 91' lang='lat' dir='ltr'>quosdam</span> <span class='ocrx_word' id='word_1_185' title='bbox 1215 2807 1260 2818; x_wconf 92' lang='lat'>—</span> <span class='ocrx_word' id='word_1_186' title='bbox 1281 2773 1399 2838; x_wconf 92' lang='lat' dir='ltr'>amis-</span> 
     </span>
     <span class='ocr_line' id='line_1_24' title="bbox 239 2877 1398 2963; baseline 0.003 -20"><span class='ocrx_word' id='word_1_187' title='bbox 239 2877 330 2960; x_wconf 88' lang='lat' dir='ltr'>sos).</span> <span class='ocrx_word' id='word_1_188' title='bbox 385 2878 579 2958; x_wconf 87' lang='lat' dir='ltr'>Dubitatur,</span> <span class='ocrx_word' id='word_1_189' title='bbox 614 2885 734 2961; x_wconf 86' lang='lat' dir='ltr'>praeter</span> <span class='ocrx_word' id='word_1_190' title='bbox 763 2899 852 2958; x_wconf 92' lang='lat' dir='ltr'>eum,</span> <span class='ocrx_word' id='word_1_191' title='bbox 886 2879 929 2944; x_wconf 89' lang='lat' dir='ltr'>ad</span> <span class='ocrx_word' id='word_1_192' title='bbox 959 2902 1056 2963; x_wconf 89' lang='lat' dir='ltr'>quem</span> <span class='ocrx_word' id='word_1_193' title='bbox 1084 2880 1155 2945; x_wconf 84' lang='lat' dir='ltr'>haec</span> <span class='ocrx_word' id='word_1_194' title='bbox 1184 2879 1398 2960; x_wconf 89' lang='lat' dir='ltr'>adnotantur,</span> 
     </span>
     <span class='ocr_line' id='line_1_25' title="bbox 238 2985 1398 3072; baseline 0.003 -22"><span class='ocrx_word' id='word_1_195' title='bbox 238 2985 360 3066; x_wconf 89' lang='lat' dir='ltr'>locum,</span> <span class='ocrx_word' id='word_1_196' title='bbox 389 2987 423 3050; x_wconf 93' lang='lat' dir='ltr'>in</span> <span class='ocrx_word' id='word_1_197' title='bbox 445 2985 590 3051; x_wconf 90' lang='lat' dir='ltr'>duobus:</span> <span class='ocrx_word' id='word_1_198' title='bbox 624 2985 716 3065; x_wconf 92' lang='lat' dir='ltr'>XXI,</span> <span class='ocrx_word' id='word_1_199' title='bbox 746 2990 801 3066; x_wconf 77' lang='lat'>25,</span> <span class='ocrx_word' id='word_1_200' title='bbox 837 2991 872 3051; x_wconf 84' lang='lat'>9:</span> <span class='ocrx_word' id='word_1_201' title='bbox 913 2987 970 3052; x_wconf 92' lang='lat' dir='ltr'>ibi</span> <span class='ocrx_word' id='word_1_202' title='bbox 1004 2986 1272 3072; x_wconf 85' lang='lat' dir='ltr'>inexplorato</span> <span class='ocrx_word' id='word_1_203' title='bbox 1302 3010 1398 3072; x_wconf 89' lang='lat' dir='ltr'>pro-</span> 
     </span>
     <span class='ocr_line' id='line_1_26' title="bbox 238 3094 1395 3181; baseline 0.001 -21"><span class='ocrx_word' id='word_1_204' title='bbox 238 3095 371 3160; x_wconf 86' lang='lat' dir='ltr'>fectus</span> <span class='ocrx_word' id='word_1_205' title='bbox 421 3095 460 3159; x_wconf 95' lang='lat' dir='ltr'>in</span> <span class='ocrx_word' id='word_1_206' title='bbox 507 3094 682 3181; x_wconf 88' lang='lat' dir='ltr'>insidias</span> <span class='ocrx_word' id='word_1_207' title='bbox 727 3096 1014 3181; x_wconf 83' lang='lat' dir='ltr'>praecipitatus</span> <span class='ocrx_word' id='word_1_208' title='bbox 1060 3096 1269 3179; x_wconf 87' lang='lat' dir='ltr'>multaque</span> <span class='ocrx_word' id='word_1_209' title='bbox 1310 3117 1395 3161; x_wconf 93' lang='lat' dir='ltr'>cum</span> 
     </span>
     <span class='ocr_line' id='line_1_27' title="bbox 239 3203 1397 3289; baseline 0.002 -21"><span class='ocrx_word' id='word_1_210' title='bbox 239 3203 345 3269; x_wconf 79' lang='lat' dir='ltr'>crede</span> <span class='ocrx_word' id='word_1_211' title='bbox 384 3225 547 3269; x_wconf 88' lang='lat' dir='ltr'>suorum</span> <span class='ocrx_word' id='word_1_212' title='bbox 585 3225 686 3287; x_wconf 80' lang='lat' dir='ltr'>aegre</span> <span class='ocrx_word' id='word_1_213' title='bbox 725 3205 765 3268; x_wconf 93' lang='lat' dir='ltr'>in</span> <span class='ocrx_word' id='word_1_214' title='bbox 804 3210 976 3289; x_wconf 89' lang='lat' dir='ltr'>apertos</span> <span class='ocrx_word' id='word_1_215' title='bbox 1016 3224 1177 3288; x_wconf 90' lang='lat' dir='ltr'>campos</span> <span class='ocrx_word' id='word_1_216' title='bbox 1218 3205 1397 3271; x_wconf 88' lang='lat' dir='ltr'>emersit.</span> 
     </span>
     <span class='ocr_line' id='line_1_28' title="bbox 238 3311 1398 3396; baseline -0.001 -18"><span class='ocrx_word' id='word_1_217' title='bbox 238 3311 348 3378; x_wconf 88' lang='lat' dir='ltr'>Sensit</span> <span class='ocrx_word' id='word_1_218' title='bbox 371 3312 570 3391; x_wconf 88' lang='lat' dir='ltr'>Gronovius,</span> <span class='ocrx_word' id='word_1_219' title='bbox 603 3333 704 3395; x_wconf 88' lang='lat' dir='ltr'>prave</span> <span class='ocrx_word' id='word_1_220' title='bbox 732 3313 901 3395; x_wconf 88' lang='lat' dir='ltr'>coniungi:</span> <span class='ocrx_word' id='word_1_221' title='bbox 936 3312 1227 3396; x_wconf 78' lang='lat' dir='ltr'>praecipitatus</span> <span class='ocrx_word' id='word_1_222' title='bbox 1254 3311 1398 3377; x_wconf 86' lang='lat' dir='ltr'>multa·</span> 
     </span>
     <span class='ocr_line' id='line_1_29' title="bbox 239 3418 1399 3504; baseline 0 -19"><span class='ocrx_word' id='word_1_223' title='bbox 239 3441 313 3503; x_wconf 90' lang='lat' dir='ltr'>que</span> <span class='ocrx_word' id='word_1_224' title='bbox 340 3455 385 3465; x_wconf 91' lang='lat'>—</span> <span class='ocrx_word' id='word_1_225' title='bbox 412 3421 595 3500; x_wconf 74' lang='lat' dir='ltr'>emersit,</span> <span class='ocrx_word' id='word_1_226' title='bbox 637 3421 750 3503; x_wconf 85' lang='lat' dir='ltr'>itaque</span> <span class='ocrx_word' id='word_1_227' title='bbox 784 3441 859 3504; x_wconf 90' lang='lat' dir='ltr'>qne</span> <span class='ocrx_word' id='word_1_228' title='bbox 892 3419 967 3485; x_wconf 92' lang='lat' dir='ltr'>tolli</span> <span class='ocrx_word' id='word_1_229' title='bbox 1000 3418 1145 3500; x_wconf 83' lang='lat' dir='ltr'>volebat3</span> <span class='ocrx_word' id='word_1_230' title='bbox 1187 3419 1399 3485; x_wconf 90' lang='lat' dir='ltr'>scribendum</span> 
     </span>
     <span class='ocr_line' id='line_1_30' title="bbox 239 3526 1398 3613; baseline 0.001 -20"><span class='ocrx_word' id='word_1_231' title='bbox 239 3534 304 3593; x_wconf 88' lang='lat' dir='ltr'>est:</span> <span class='ocrx_word' id='word_1_232' title='bbox 339 3528 580 3613; x_wconf 85' lang='lat' dir='ltr'>praecipitat</span> <span class='ocrx_word' id='word_1_233' title='bbox 606 3527 817 3611; x_wconf 89' lang='lat' dir='ltr'>multaque</span> <span class='ocrx_word' id='word_1_234' title='bbox 845 3534 925 3608; x_wconf 78' lang='lat' dir='ltr'>cet,</span> <span class='ocrx_word' id='word_1_235' title='bbox 959 3526 1064 3607; x_wconf 90' lang='lat' dir='ltr'>XXV,</span> <span class='ocrx_word' id='word_1_236' title='bbox 1096 3532 1151 3608; x_wconf 90' lang='grc'>16,</span> <span class='ocrx_word' id='word_1_237' title='bbox 1182 3531 1236 3592; x_wconf 90' lang='lat'>15:</span> <span class='ocrx_word' id='word_1_238' title='bbox 1271 3528 1398 3594; x_wconf 90' lang='lat' dir='ltr'>Grac·</span> 
     </span>
     <span class='ocr_line' id='line_1_31' title="bbox 239 3632 1399 3715; baseline 0.001 -14"><span class='ocrx_word' id='word_1_239' title='bbox 239 3635 351 3715; x_wconf 92' lang='lat' dir='ltr'>chus,</span> <span class='ocrx_word' id='word_1_240' title='bbox 384 3632 567 3700; x_wconf 89' lang='lat' dir='ltr'>fraudem</span> <span class='ocrx_word' id='word_1_241' title='bbox 601 3641 642 3701; x_wconf 93' lang='lat' dir='ltr'>et</span> <span class='ocrx_word' id='word_1_242' title='bbox 671 3636 848 3700; x_wconf 90' lang='lat' dir='ltr'>sermoni</span> <span class='ocrx_word' id='word_1_243' title='bbox 876 3641 916 3700; x_wconf 90' lang='lat' dir='ltr'>et</span> <span class='ocrx_word' id='word_1_244' title='bbox 943 3637 1003 3700; x_wconf 91' lang='lat' dir='ltr'>rei</span> <span class='ocrx_word' id='word_1_245' title='bbox 1033 3636 1178 3702; x_wconf 88' lang='lat' dir='ltr'>abesse</span> <span class='ocrx_word' id='word_1_246' title='bbox 1207 3643 1323 3702; x_wconf 85' lang='lat' dir='ltr'>ratus</span> <span class='ocrx_word' id='word_1_247' title='bbox 1352 3656 1399 3702; x_wconf 85' lang='lat' dir='ltr'>ac</span> 
     </span>
     <span class='ocr_line' id='line_1_32' title="bbox 239 3742 1400 3827; baseline 0.001 -18"><span class='ocrx_word' id='word_1_248' title='bbox 239 3742 516 3810; x_wconf 85' lang='lat' dir='ltr'>similitudine</span> <span class='ocrx_word' id='word_1_249' title='bbox 538 3743 622 3806; x_wconf 90' lang='lat' dir='ltr'>veri</span> <span class='ocrx_word' id='word_1_250' title='bbox 645 3748 805 3827; x_wconf 87' lang='lat' dir='ltr'>captus,</span> <span class='ocrx_word' id='word_1_251' title='bbox 836 3763 921 3807; x_wconf 87' lang='lat' dir='ltr'>cum</span> <span class='ocrx_word' id='word_1_252' title='bbox 949 3742 1171 3809; x_wconf 88' lang='lat' dir='ltr'>lictoribus</span> <span class='ocrx_word' id='word_1_253' title='bbox 1201 3764 1247 3809; x_wconf 92' lang='lat' dir='ltr'>ac</span> <span class='ocrx_word' id='word_1_254' title='bbox 1267 3750 1400 3810; x_wconf 90' lang='lat' dir='ltr'>turma</span> 
     </span>
     <span class='ocr_line' id='line_1_33' title="bbox 153 3850 1399 3943; baseline 0 -25"><span class='ocrx_word' id='word_1_255' title='bbox 153 3872 224 3943; x_wconf 82' lang='lat'>(144)</span> <span class='ocrx_word' id='word_1_256' title='bbox 243 3853 423 3935; x_wconf 86' lang='lat' dir='ltr'>equitum</span> <span class='ocrx_word' id='word_1_257' title='bbox 451 3872 469 3916; x_wconf 93' lang='grc'>6</span> <span class='ocrx_word' id='word_1_258' title='bbox 493 3851 644 3915; x_wconf 88' lang='lat' dir='ltr'>castris</span> <span class='ocrx_word' id='word_1_259' title='bbox 672 3850 887 3934; x_wconf 88' lang='lat' dir='ltr'>profectus</span> <span class='ocrx_word' id='word_1_260' title='bbox 917 3850 1016 3916; x_wconf 87' lang='lat' dir='ltr'>duce</span> <span class='ocrx_word' id='word_1_261' title='bbox 1043 3852 1206 3935; x_wconf 88' lang='lat' dir='ltr'>hospite</span> <span class='ocrx_word' id='word_1_262' title='bbox 1233 3854 1273 3917; x_wconf 92' lang='lat' dir='ltr'>in</span> <span class='ocrx_word' id='word_1_263' title='bbox 1301 3851 1399 3918; x_wconf 93' lang='lat' dir='ltr'>insi·</span> 
     </span>
     <span class='ocr_line' id='line_1_34' title="bbox 239 3957 1398 4045; baseline -0.001 -20"><span class='ocrx_word' id='word_1_264' title='bbox 239 3960 327 4025; x_wconf 89' lang='lat' dir='ltr'>dias</span> <span class='ocrx_word' id='word_1_265' title='bbox 349 3959 646 4045; x_wconf 85' lang='lat' dir='ltr'>praecipitatus.</span> <span class='ocrx_word' id='word_1_266' title='bbox 690 3957 753 4024; x_wconf 92' lang='lat' dir='ltr'>Hic</span> <span class='ocrx_word' id='word_1_267' title='bbox 776 3979 907 4042; x_wconf 86' lang='lat' dir='ltr'>qunque</span> <span class='ocrx_word' id='word_1_268' title='bbox 930 3958 1113 4026; x_wconf 83' lang='lat' dir='ltr'>Gronovius</span> <span class='ocrx_word' id='word_1_269' title='bbox 1136 3965 1212 4043; x_wconf 89' lang='lat' dir='ltr'>post</span> <span class='ocrx_word' id='word_1_270' title='bbox 1233 3959 1300 4025; x_wconf 87' lang='lat' dir='ltr'>tria</span> <span class='ocrx_word' id='word_1_271' title='bbox 1320 3980 1398 4044; x_wconf 91' lang='lat' dir='ltr'>par·</span> 
     </span>
     <span class='ocr_line' id='line_1_35' title="bbox 237 4066 1399 4152; baseline -0.001 -18"><span class='ocrx_word' id='word_1_272' title='bbox 237 4068 368 4152; x_wconf 87' lang='lat' dir='ltr'>ticipia,</span> <span class='ocrx_word' id='word_1_273' title='bbox 396 4088 468 4152; x_wconf 84' lang='lat' dir='ltr'>quae</span> <span class='ocrx_word' id='word_1_274' title='bbox 498 4068 593 4149; x_wconf 89' lang='lat' dir='ltr'>quasi</span> <span class='ocrx_word' id='word_1_275' title='bbox 616 4066 739 4150; x_wconf 84' lang='lat' dir='ltr'>gradus</span> <span class='ocrx_word' id='word_1_276' title='bbox 763 4067 904 4132; x_wconf 90' lang='lat' dir='ltr'>actionis</span> <span class='ocrx_word' id='word_1_277' title='bbox 927 4066 1121 4151; x_wconf 83' lang='lat' dir='ltr'>significant,</span> <span class='ocrx_word' id='word_1_278' title='bbox 1150 4068 1282 4152; x_wconf 89' lang='lat' dir='ltr'>inipso</span> <span class='ocrx_word' id='word_1_279' title='bbox 1306 4068 1399 4133; x_wconf 82' lang='lat' dir='ltr'>exitu</span> 
     </span>
     <span class='ocr_line' id='line_1_36' title="bbox 238 4173 1398 4260; baseline 0.002 -20"><span class='ocrx_word' id='word_1_280' title='bbox 238 4177 288 4241; x_wconf 89' lang='lat' dir='ltr'>rei</span> <span class='ocrx_word' id='word_1_281' title='bbox 316 4175 515 4241; x_wconf 88' lang='lat' dir='ltr'>declarando</span> <span class='ocrx_word' id='word_1_282' title='bbox 543 4174 679 4241; x_wconf 90' lang='lat' dir='ltr'>verbum</span> <span class='ocrx_word' id='word_1_283' title='bbox 705 4173 835 4239; x_wconf 87' lang='lat' dir='ltr'>finitum</span> <span class='ocrx_word' id='word_1_284' title='bbox 862 4175 1052 4260; x_wconf 89' lang='lat' dir='ltr'>ponendum</span> <span class='ocrx_word' id='word_1_285' title='bbox 1079 4175 1182 4241; x_wconf 85' lang='lat' dir='ltr'>fnisse</span> <span class='ocrx_word' id='word_1_286' title='bbox 1203 4175 1303 4257; x_wconf 88' lang='lat' dir='ltr'>vidit;</span> <span class='ocrx_word' id='word_1_287' title='bbox 1337 4195 1398 4242; x_wconf 90' lang='lat' dir='ltr'>nec</span> 
     </span>
    </p>
   </div>
   <div class='ocr_carea' id='block_1_3' title="bbox 0 0 1534 5272">
    <p class='ocr_par' dir='ltr' id='par_1_3' title="bbox 0 0 1534 5272">
     <span class='ocr_line' id='line_1_37' title="bbox 0 0 1534 5272; baseline 0 0"><span class='ocrx_word' id='word_1_288' title='bbox 0 0 1534 5272; x_wconf 95' lang='lat' dir='ltr'> </span> 
     </span>
    </p>
   </div>
  </div>
 </body>
</html>
