3060 5272
238 273 301 328 Lib.
318 272 353 327 11.
785 261 848 324 138

240 444 443 511 Samnitibus
477 446 591 510 stans?
630 445 717 525 Imo,
756 447 877 529 inquit,
911 448 1018 513 vietus
1048 451 1159 514 metus
1192 447 1333 513 deorum
1367 453 1404 515 61

238 554 398 619 memoria
425 552 548 618 occulti
571 555 658 618 sacri
681 553 826 638 diraeque
849 555 1102 635 exsecrationis,
1135 576 1210 640 qua
1230 554 1401 623 hactenus

239 659 403 726 Samnites
431 682 452 726 a
478 660 557 744 fuga
590 662 799 727 retinuerant
826 659 857 744 (ἓ
881 666 900 726 3
924 662 1010 747 sqq.)
1043 683 1182 749 quaequc
1214 663 1298 747 ipsis
1330 662 1401 729 1th

237 769 360 834 verbis:
411 789 484 833 nec
535 789 772 853 quemquam
822 777 972 854 prater
1014 769 1162 838 hostes
1208 776 1401 837 metuunt

153 890 225 959 (191)
243 882 359 962 aperte
398 875 632 959 significantur.
691 877 795 962 Atqui
833 899 873 943 ea
906 878 1111 962 superstitio,
1151 898 1226 962 qua
1258 878 1401 946 deorum

237 991 331 1050 metu
363 985 524 1049 attonitos
552 984 690 1049 tenebat
718 1005 779 1049 nec
806 1005 880 1049 cum
907 984 997 1051 bona
1019 1007 1076 1070 spe
1098 986 1225 1052 alacres
1246 985 1292 1051 ad
1313 1008 1400 1071 pug-

237 1093 384 1158 nandum
405 1091 549 1157 faciebat
572 1090 602 1175 (ἓ
626 1091 669 1173 4),
696 1091 794 1175 longe
818 1092 860 1157 ab
882 1093 1030 1177 ipsorum
1053 1093 1188 1159 deorum
1209 1094 1242 1158 vi
1263 1093 1401 1161 diuersa

239 1206 298 1266 est.
354 1201 443 1265 Deos
478 1199 635 1264 Romanis
669 1206 848 1283 praesentes
884 1200 1000 1265 adesse
1037 1208 1071 1266 et
1102 1200 1213 1266 lavere
1239 1200 1398 1286 Papirius

238 1310 479 1392 interpretatus
512 1314 586 1373 erat
619 1314 653 1372 et
685 1307 806 1372 milites
840 1307 1001 1373 docuerat
1034 1306 1074 1391 (c.
1104 1313 1160 1391 40,
1196 1311 1235 1373 13
1265 1315 1301 1376 61
1330 1308 1398 1393 14).

237 1414 309 1480 Η66
330 1415 456 1479 Livium
479 1421 625 1479 secutum
648 1435 722 1480 6666
746 1417 907 1500 suspicor,
937 1422 974 1481 ut
998 1416 1084 1482 solet
1103 1417 1297 1501 religionem
1319 1437 1400 1483 oum

236 1524 393 1588 Romunae
421 1522 533 1604 gloriae
561 1521 801 1606 amplificandae
824 1524 936 1590 studio
961 1525 1172 1608 coniungere,
1207 1525 1400 1610 scripsisse·

238 1652 316 1714 que:
351 1630 446 1694 Tum
479 1629 558 1694 iam
586 1629 752 1695 deorum
780 1630 1065 1716 hominumque
1093 1634 1210 1698 victae
1238 1633 1276 1698 vi
1305 1630 1400 1698 sun·

238 1739 391 1804 duntur
417 1737 604 1801 linteata
634 1736 839 1803 cobortes.
892 1739 1025 1821 (Victa
1047 1741 1086 1806 ui
1108 1739 1134 1804 P
1158 1746 1192 1806 et
1214 1741 1398 1807 deteriores

237 1847 366 1929 aliquot
387 1850 579 1927 veteresque
602 1844 689 1927 edd.)

324 1952 402 2037 Cap.
427 1956 483 2032 43,
514 1955 552 2017 13
584 1959 736 2037 superest
763 1975 864 2019 unum
892 1955 993 2020 etiam
1021 1976 1108 2020 nunc
1131 1956 1399 2024 additamentum

236 2062 436 2140 tollendum,
472 2061 561 2145 quod
594 2062 628 2125 in
662 2061 775 2127 codice
809 2061 989 2146 archetypo
1018 2062 1117 2128 huius
1146 2062 1280 2129 decadis
1307 2063 1397 2130 Livii

236 2171 344 2238 verbis
374 2192 447 2235 cum
476 2191 600 2235 summo
631 2171 804 2235 sententia
833 2170 1030 2236 detrimento
1060 2192 1100 2236 ac
1122 2173 1234 2255 potius
1255 2170 1398 2239 interitu

235 2283 398 2347 insertum
420 2285 479 2344 est.
526 2278 575 2343 De
598 2277 799 2343 Samnitibus
833 2279 929 2357 enim,
959 2280 1031 2363 qui,
1066 2300 1166 2362 quum
1196 2278 1329 2362 proeliis
1351 2278 1398 2345 ad

237 2387 421 2453 Cominium
459 2391 493 2452 61
525 2385 735 2469 Aquiloniam
768 2408 833 2451 non
867 2386 1110 2467 interfuissent,
1150 2387 1317 2452 Romanos
1352 2388 1398 2453 ti·

235 2502 361 2560 mentes
385 2493 552 2572 errabant,
575 2493 622 2557 sic
644 2493 814 2558 scribitur:
838 2493 971 2558 Prima
991 2493 1080 2558 luce
1102 2493 1260 2573 incerti,
1278 2514 1398 2577 quam

235 2604 274 2668 in
298 2608 455 2687 partem
476 2599 745 2665 intenderent
765 2601 863 2679 iter,
893 2604 1062 2684 repente
1084 2600 1124 2664 in
1146 2600 1280 2683 fugam
1303 2620 1396 2668 con-

235 2715 481 2775 sternantur
516 2707 733 2790 conspecti
762 2705 810 2771 ab
841 2707 1066 2790 equitibus,
1101 2709 1170 2790 qui
1198 2729 1393 2792 egressos

234 2823 354 2883 nocte
388 2816 435 2882 ab
470 2815 620 2900 oppido
651 2814 842 2897 (Aquilonia
871 2814 954 2895 alio,
987 2815 1052 2907 vid.
1083 2836 1111 2880 6.
1133 2821 1192 2897 42,
1219 2815 1254 2899 4)
1282 2815 1395 2883 Sam·

234 2927 343 2991 nites
371 2923 582 3009 persecuti
608 2922 800 2987 viderant
827 2922 1139 2989 multitudinem
1165 2946 1242 2991 non
1269 2922 1394 3007 valle,

234 3056 313 3100 non
341 3030 598 3099 stationibus
627 3031 841 3096 firmatam.
878 3028 1112 3115 Conspecta
1134 3037 1173 3097 et
1195 3053 1242 3096 ex
1263 3032 1395 3098 muris

233 3142 463 3227 Aquiloniae
491 3160 537 3206 ea
559 3138 778 3205 multitudo
802 3145 904 3217 erat,
931 3140 1091 3224 iamque
1114 3139 1239 3205 etiam
1260 3138 1394 3223 legio·

233 3251 358 3316 nariae
381 3248 575 3316 cohortes
600 3246 892 3331 sequebantur.
938 3245 1200 3313 Consternantur
1222 3247 1257 3312 in
1279 3246 1394 3330 fugam

233 3358 393 3439 hominos,
427 3379 493 3423 non
526 3356 615 3440 quod
649 3355 897 3440 conspiciantur
930 3353 972 3419 ab
1006 3353 1172 3437 equitibus
1196 3352 1300 3439 (quod
1326 3354 1393 3438 ipsi

234 3467 427 3551 plerumque
455 3463 637 3550 ignorant),
670 3462 744 3545 sed,
778 3464 806 3528 si
833 3462 928 3528 valde
956 3462 1063 3527 timidi
1092 3467 1171 3528 sunt
1192 3462 1243 3545 (ut
1265 3462 1301 3527 hi
1321 3467 1394 3528 tum

234 3573 358 3658 erant),
391 3572 481 3657 quod
512 3572 640 3655 equites
667 3569 814 3636 bostium
843 3575 1098 3653 conspexerunt,
1131 3575 1205 3650 aut,
1240 3569 1269 3636 61
1290 3568 1392 3654 paulo

232 3682 357 3761 minus,
391 3680 433 3745 ab
467 3679 633 3762 equitibus
667 3677 912 3744 incursantibus
945 3676 1071 3760 (itaque
1104 3677 1206 3743 etiam
1226 3677 1392 3744 Weissen-

233 3789 370 3855 bornius
405 3788 515 3871 potius
544 3787 729 3870 exspectari
759 3785 854 3851 dicit:
889 3786 1127 3868 conspectis
1156 3783 1392 3869 equitibus).

233 3896 423 3963 Ridiculum
445 3895 564 3961 deinde
586 3914 723 3979 prorsus
746 3899 812 3960 est:
846 3894 1061 3977 conspecti
1088 3892 1137 3958 ab
1167 3892 1390 3978 equitibus,

234 4005 305 4090 qui
338 4025 408 4071 eos
441 4003 645 4084 viderant3
683 4002 757 4086 ipsa
794 4001 881 4067 enim
918 3998 990 4066 baec
1029 4008 1080 4068 est
1111 4000 1291 4068 multitudo
1323 4021 1392 4067 non
