3060 5272
215 370 278 428 too
296 370 392 427 XXW.
763 362 824 423 348

129 552 204 616 rm,
224 544 517 611 lt‘eiseenbornius.
542 554 580 609 ut
595 568 635 611 ex
648 546 706 611 illo
723 546 1124 611 uirnliindicioestet
1142 549 1301 611 retineret
1318 550 1376 612 iu·

216 654 340 721 ditio,
373 653 461 735 quod
490 664 599 717 ortum
629 670 681 719 est
710 659 885 739 perspicue
912 678 952 719 ex
975 654 1113 719 divulsis
1133 655 1255 719 littffis
1276 677 1374 720 roen-

216 762 283 827 lruli
307 760 479 826 aliunde
500 761 571 827 leli
594 764 698 831 inde.
721 762 849 827 deinde.
872 785 973 846 quum
995 762 1073 826 ind
1096 784 1157 845 pro
1179 763 1375 846 compendio

216 871 298 934 rutis
330 870 495 953 frequenti
527 868 679 935 habitum
713 882 815 937 esset.
848 871 905 935 ali
938 871 1096 935 iudicio
1129 871 1180 951 e);
1218 892 1374 936 rerumne

216 987 397 1043 tentantem
429 977 591 1044 debuerat
619 980 670 1044 rel
698 1002 818 1063 pravus
847 979 930 1044 ordo
959 979 1135 1043 uerborum
1161 988 1244 1043 stet
1271 1001 1374 1044 sern-

216 1106 287 1169 per
308 1086 488 1153 aliunde,
515 1088 662 1172 pondere
683 1090 717 1151 in
741 1099 824 1152 stet
846 1088 1016 1151 inclinato.
1040 1086 1128 1168 quod
1150 1088 1185 1150 in
1207 1086 1374 1152 nliunrle

216 1214 289 1259 osse
318 1192 433 1271 debet
467 1206 501 1260 et
529 1216 699 1279 semper,
732 1195 821 1279 quod
846 1216 1018 1259 commune
1039 1197 1214 1277 utriusque
1234 1194 1374 1259 membri

216 1311 281 1381 ent,
316 1303 403 1367 inter
432 1324 528 1369 rores
551 1307 671 1388 prioris
694 1297 832 1368 memb'ri
854 1304 962 1368 medio
984 1304 1192 1386 interposito.
1252 1300 1317 1366 Sed
1339 1304 1374 1366 in

216 1410 442 1494 superioribus
467 1413 667 1477 tironorium
697 1434 809 1477 rerum
838 1434 903 1476 non
931 1413 1110 1475 invenisse.
1137 1409 1242 1474 multa
1264 1419 1375 1475 osten·

217 1519 314 1590 dunt,
343 1520 506 1602 turpius
530 1521 693 1585 inutiliter
715 1520 874 1585 additum.
901 1519 1094 1584 ridentur
1115 1540 1253 1600 prorsus
1273 1539 1375 1602 pnre

217 1627 258 1690 de
287 1647 322 1689 ro
351 1628 537 1691 certissimo
570 1630 729 1711 priorum.
764 1650 950 1711 perversum
983 1626 1115 1690 dicendi
1148 1647 1253 1707 genus
1281 1649 1375 1709 pro-

218 1734 412 1799 ditionem
459 1735 618 1801 reierre
658 1736 838 1820 proditis
878 1738 967 1805 lnam
1007 1735 1166 1799 retertur.
1211 1734 1274 1798 hoo
1313 1742 1373 1812 est,

217 1842 358 1906 iteratur
381 1842 541 1927 proditio,
571 1867 636 1909 non
660 1846 758 1909 alieni
782 1843 948 1924 refertur),
978 1843 1074 1907 olim
1098 1844 1203 1906 otiose
1225 1850 1373 1907 extremo

218 1948 290 2014 loeo
320 1948 507 2027 ethereus,
541 1952 680 2018 contusa
710 1956 742 2017 in
772 1961 1023 2035 resurgeret,
1057 1949 1262 2025 videatur,
1290 1957 1374 2015 stet
1410 1992 1414 1997 -

218 2059 375 2142 temporis
399 2060 527 2124 notatio
551 2061 640 2128 inum
665 2061 705 2126 de
728 2082 778 2138 eo,
808 2060 895 2142 qnod
917 2080 1003 2124 nuno
1026 2061 1133 2143 ipsum
1156 2058 1202 2136 fit,
1231 2079 1374 2142 praesens

218 2186 277 2251 pro
308 2167 500 2251 imperieeto
527 2191 565 2233 ex
598 2171 748 2236 oratione
776 2176 868 2233 reeta
895 2176 1057 2232 retentum
1087 2173 1279 2232 constanter
1306 2187 1373 2232 ser·

217 2277 285 2340 ruri
316 2274 446 2356 dolet),
482 2286 648 2360 prietromo
677 2277 826 2342 oodioum
854 2278 1000 2359 vestigia.
1057 2274 1192 2338 Initium
1219 2273 1372 2338 emenda·

216 2383 315 2449 tionis
338 2386 462 2449 fontum
487 2385 560 2463 erit,
583 2385 610 2449 si
634 2385 901 2463 intellexerimus,
924 2384 1117 2448 rideatur
1139 2384 1306 2466 pertinere
1329 2381 1372 2446 ad

215 2492 410 2556 stridentium
441 2491 482 2556 do
511 2514 546 2557 re
570 2492 719 2558 Romane
747 2494 948 2576 resurgenti,
982 2490 1072 2575 quod
1100 2492 1135 2554 in
1164 2511 1222 2573 spe
1245 2495 1280 2555 et
1301 2491 1372 2574 opi·

216 2596 312 2662 nione
336 2599 477 2681 positum
502 2608 584 2664 eret.
642 2601 695 2665 Sic
725 2603 809 2665 enirn
833 2602 944 2665 Livius
973 2600 1119 2682 scripsit:
1155 2605 1252 2675 tum,
1281 2620 1371 2681 qno-

216 2707 316 2770 niem
351 2706 412 2774 (sio
448 2706 494 2770 W.
529 2715 618 2772 roote
653 2730 713 2791 pro
747 2709 879 2792 quarn)
913 2730 977 2772 res
1010 2708 1186 2772 Romans
1225 2711 1371 2770 eontra

215 2834 321 2896 spirim
370 2821 544 2899 miteque
591 2818 678 2880 eius
724 2836 925 2897 resurgere
970 2814 1117 2878 rlrlbrs
1164 2813 1369 2891 videatur,

215 2942 352 2986 lltlt'ttm
396 2922 553 2988 rolerre
593 2924 865 3008 proditionem
905 2922 1084 3008 proditis
1117 2921 1369 3011 villeram,

215 3028 380 3094 uliundo
410 3037 493 3095 strat
521 3052 693 3116 simper,
724 3032 893 3097 aliunde
924 3033 1092 3109 sentiet,
1123 3029 1278 3094 infidus
1306 3050 1369 3094 so·

215 3136 314 3215 olon
343 3159 468 3203 verius
499 3139 640 3205 hostis.
701 3140 870 3205 Postrema
892 3140 961 3205 haeo
985 3140 1150 3204 sententie
1172 3144 1261 3203 reete
1283 3137 1369 3204 rela-

213 3244 279 3310 tivo
309 3267 373 3310 rum
403 3247 544 3330 repetito
575 3254 724 3319 ιὶσυνόέτως
754 3247 901 3326 additur,
936 3249 1143 3330 superiorum
1171 3246 1368 3313 sententiam

213 3352 357 3419 lrrovitor
391 3353 557 3437 «olligens.
621 3356 719 3422 Verbi
758 3355 1026 3440 polliceatur,
1067 3354 1156 3438 quod
1192 3354 1299 3420 oratio
1334 3359 1368 3418 et

214 3463 378 3528 rerutontiu
418 3464 577 3547 postulet,
623 3464 695 3529 duae
743 3465 854 3547 primae
900 3463 1034 3547 syllebae
1075 3470 1280 3541 manserunt,
1328 3483 1369 3525 ex

214 3568 339 3635 turult
370 3578 478 3636 ortum
508 3571 646 3650 umuli,
682 3571 800 3637 deinde
829 3593 867 3636 ex
897 3592 967 3637 oee
989 3570 1129 3649 fectum,
1164 3571 1365 3651 nescioquo

212 3697 332 3755 erroro,
358 3678 425 3743 Vll.
490 3677 695 3743 l‘ollioeor
728 3680 866 3745 fecere
900 3701 965 3744 non
1000 3686 1128 3744 tentum
1162 3676 1300 3742 Plautus
1333 3682 1368 3743 et

212 3785 386 3851 ’l'orontiuu
410 3784 572 3864 dixerunt,
597 3786 653 3851 sed
672 3788 783 3853 Gooser
800 3788 837 3852 B.
856 3787 894 3854 G.
913 3788 966 3864 lv,
991 3792 1028 3850 21
1055 3793 1089 3851 et
1105 3785 1237 3850 Asinius
1261 3785 1367 3850 Pollio

185 3893 300 3979 ‘rtprrrd
335 3896 408 3960 Seu.
441 3894 532 3960 Ithet.
563 3916 593 3979 p.
624 3899 660 3959 tl
699 3894 813 3961 Kiessl.
844 3895 921 3979 [Pro
956 3914 1175 3976 resurgere
1209 3891 1368 3958 viribus

212 4000 353 4068 l'oliritor
382 4001 668 4068 llloissenliornius
699 4024 914 4087 resurgere
944 4003 993 4068 ub
1025 3999 1251 4085 stirpibus]
1301 4000 1367 4065 Ex·

212 4119 315 4177 troruu
349 4109 449 4175 terlio
482 4113 528 4176 sie
563 4109 716 4176 ridentur·
743 4112 932 4178 scribenda:
967 4110 1005 4173 u
1037 4110 1084 4174 ed
1114 4109 1366 4174 Faleriorum

213 4215 440 4303 Pyrrhique
481 4219 734 4303 proditorem
775 4221 942 4285 tertiunr
975 4216 1209 4300 transfugis
1243 4217 1365 4282 donu-
