3060 5272
707 738 770 800 239
1204 749 1267 805 Lib.
1285 749 1321 803 X.

159 922 260 1002 vallo,
289 944 357 989 non
385 921 587 989 stationibus
617 921 759 987 firmata.
813 919 932 986 Omnia
953 928 1046 987 recta
1068 927 1165 987 erunt
1187 920 1319 987 sublato

161 1031 392 1115 conspecti,
421 1036 459 1095 ut
482 1028 663 1095 scribatur:
693 1030 733 1094 in
762 1029 899 1113 lugam
921 1035 1247 1095 consternantur
1269 1029 1319 1095 ab

162 1138 385 1222 equitibus,
409 1139 478 1221 qui
508 1142 569 1203 cet.
619 1137 779 1221 Apertum
802 1144 853 1202 est
875 1143 1000 1216 autem,
1028 1137 1115 1201 unde
1138 1143 1253 1202 natum
1276 1138 1320 1202 sit

160 1245 259 1312 huius
295 1247 385 1313 vocis
425 1243 585 1311 addenda
618 1244 803 1310 consilium.
867 1242 1025 1329 Sequitur
1058 1245 1159 1323 enim,
1199 1249 1320 1328 praeter

161 1355 288 1435 equites
310 1352 395 1434 illos,
423 1353 538 1437 quiin
561 1351 727 1418 Samnites
750 1353 839 1417 visos
861 1352 1080 1433 incurrerunt,
1110 1353 1211 1417 etiam
1233 1352 1319 1419 alios

161 1460 341 1542 Romanos,
372 1478 474 1546 quum
503 1461 636 1527 eosdem
664 1481 704 1524 ex
725 1459 910 1543 Apolloniae
932 1461 1035 1525 muris
1058 1461 1317 1544 conspexissent,

160 1568 203 1632 ad
242 1590 298 1634 eos
338 1569 573 1654 opprimendos
612 1569 731 1634 exisse.
791 1567 932 1652 Propter
964 1567 1034 1632 haec
1065 1569 1167 1652 igitur
1200 1567 1313 1633 verba:
1333 1582 1404 1651 (198)

160 1673 392 1759 Conspecta
420 1684 524 1742 et-
545 1698 591 1742 ea
618 1675 861 1755 multitudo,
890 1697 964 1760 quae
993 1675 1082 1759 apud
1112 1676 1240 1741 Livium
1267 1697 1318 1740 re-

160 1783 325 1867 spondent
347 1784 430 1849 illis:
453 1786 584 1867 qui-
601 1783 793 1849 viderant
815 1789 887 1864 cet,
909 1784 1129 1868 interpolator
1150 1785 1217 1849 iam
1240 1791 1319 1849 ante

158 1891 236 1975 poni
262 1891 384 1957 debere
406 1893 537 1976 putavit
558 1892 781 1976 conspecti.

245 1997 325 2083 (lap.
356 2005 397 2064 44
430 2001 523 2084 piget
558 2020 650 2084 paene
684 1999 792 2064 dicere
822 2005 855 2064 et
883 1996 900 2082 ᾗ
929 2003 949 2063 2
978 1999 1218 2064 emendandam
1244 2020 1316 2065 esse

159 2109 320 2173 orationis
364 2107 665 2191 interpunctionem
710 2105 787 2188 (hoc
826 2106 941 2173 modo:
989 2107 1214 2192 eodemque
1252 2107 1317 2174 die

157 2214 388 2297 Aquilonia
417 2221 455 2280 et
484 2213 713 2281 Cominium
742 2214 1029 2295 deflagravere
1057 2221 1097 2280 et
1124 2216 1316 2282 consules

157 2357 201 2366 —
223 2331 366 2388 castra
396 2322 668 2405 coniunxere)
695 2329 729 2388 et
759 2321 775 2406 ἓ
805 2326 824 2387 6
853 2320 1094 2404 (consilium
1120 2322 1216 2389 inde
1245 2324 1316 2389 ha·

157 2428 298 2495 bitum.
363 2429 486 2508 Quum
527 2431 605 2496 iam
643 2437 806 2514 tempus
846 2436 956 2495 esset
994 2429 1226 2496 deducendi
1266 2432 1315 2497 ab

159 2534 317 2602 Samnio
341 2539 550 2604 exercitus
572 2546 642 2604 aut
663 2539 884 2622 utriusque
907 2543 976 2602 aut
998 2544 1109 2603 certe
1132 2538 1315 2618 alterius,

159 2647 358 2729 optimum
391 2647 520 2711 visum
548 2646 634 2728 cet).
690 2644 769 2726 (Sed
802 2646 836 2710 in
871 2644 922 2710 his
954 2645 1035 2730 ipsis
1067 2645 1176 2711 verbis
1203 2646 1315 2713 insoli-

157 2759 230 2818 tum
262 2775 334 2819 esse
368 2752 594 2819 deducendi
627 2753 674 2819 ab
703 2751 863 2820 Samnio
886 2753 1175 2819 Weissenbornius
1209 2755 1315 2820 anim·

158 2861 312 2927 advertit.
379 2862 454 2926 Non
493 2861 630 2927 dubium
670 2861 814 2941 videtur,
855 2861 933 2944 quin
979 2882 1039 2946 pro
1078 2863 1123 2924 ab
1169 2861 1316 2928 scriben-

159 2969 237 3034 dum
266 2971 310 3035 sit
337 2969 394 3049 de,
429 2990 495 3053 qua
528 2968 648 3035 vocula
679 2974 755 3053 post
788 2968 827 3033 di
863 2969 986 3034 extrita
1017 2968 1077 3034 illa
1109 2990 1209 3053 prave
1238 2991 1314 3052 sup-

158 3076 248 3161 pleta
294 3084 355 3143 est.
411 3075 490 3160 Gap.
527 3081 583 3158 46,
626 3081 641 3140 1
678 3084 766 3142 recte
800 3076 971 3142 scribitur:
1012 3078 1234 3143 exercitum
1268 3077 1314 3144 de

159 3182 324 3250 Samnio
353 3184 532 3249 deduxit.
579 3182 660 3266 cu,
688 3205 761 3268 quae
790 3184 858 3249 dixi
881 3183 924 3249 ad
947 3183 1011 3250 Cio.
1034 3185 1105 3251 Fin.
1128 3185 1187 3266 IV,
1220 3190 1259 3251 56
1281 3209 1313 3271 p.

158 3295 230 3357 scs.
280 3291 386 3375 1875.)

244 3397 322 3485 Cap.
346 3403 403 3480 46,
432 3404 466 3465 6;
506 3406 709 3484 auctaque
737 3422 783 3466 ea
809 3400 966 3466 invidia
994 3399 1099 3484 (quod
1128 3403 1162 3466 in
1192 3402 1229 3466 L.
1252 3400 1313 3467 Pa·

156 3508 232 3592 pirii
270 3508 438 3591 triumpho
477 3507 561 3573 nihil
593 3529 633 3573 ex
666 3507 777 3592 praeda
809 3507 970 3573 militibus
998 3508 1113 3573 datum
1142 3507 1227 3591 erat)
1251 3515 1313 3574 est
1400 3514 1403 3520 '

156 3615 205 3679 ad
240 3614 416 3699 plebem,
449 3615 559 3701 quod
592 3614 798 3681 tributum
832 3615 958 3680 etiam
991 3616 1031 3680 in
1059 3615 1313 3699 stipendium

155 3722 334 3788 militum
373 3722 578 3790 collatum
622 3727 699 3804 est,
744 3739 877 3808 quum,
923 3722 957 3788 si
1002 3728 1142 3807 spreta
1178 3723 1313 3808 gloria

156 3827 305 3897 fuisset
348 3832 522 3915 captiva
561 3830 745 3916 pecuniae
785 3831 826 3896 in
863 3830 1048 3896 crarium
1085 3830 1232 3912 illata,
1273 3838 1313 3898 et

155 3936 284 4004 militi
313 3945 396 4004 tum
425 3939 515 4004 dari
543 3960 589 4005 ex
616 3939 756 4025 praeda
783 3943 823 4004 et
845 3937 1101 4023 stipendium
1122 3939 1311 4006 militare

155 4048 348 4131 praestari
375 4047 594 4131 potuisset.
650 4046 821 4114 Particula
847 4053 930 4113 tum
957 4046 1040 4112 nihil
1067 4047 1184 4128 habet,
1219 4048 1311 4132 quod

155 4162 247 4237 agat,
276 4157 433 4239 quoniam
461 4156 502 4222 de
524 4155 614 4223 nullo
637 4155 704 4223 alio
728 4163 876 4240 tempore
899 4155 1037 4237 cogitari
1058 4162 1187 4240 potest3
1221 4156 1311 4222 dari

156 4263 203 4328 sio
236 4261 402 4345 absolute,
442 4264 532 4330 nullo
571 4263 688 4330 addito
727 4264 876 4331 subiecto
917 4262 1058 4347 (militi
1096 4284 1143 4329 ex
1175 4264 1311 4348 prada

154 4368 306 4453 datur),
337 4371 402 4437 dici
429 4373 552 4458 nequit.
608 4371 822 4439 Manifestum
850 4378 915 4452 est,
944 4373 977 4436 in
1000 4378 1084 4437 tum
1106 4372 1210 4438 latere
1232 4372 1309 4439 sub·

154 4479 334 4545 stantivum
374 4480 574 4545 contrarium
609 4480 829 4565 stipendio.
891 4479 931 4545 Id
971 4486 1031 4546 aut
1069 4480 1217 4546 donum
1251 4486 1310 4548 aut
