3060 5272
713 249 753 311 38

156 441 316 518 quatenus
345 434 476 518 quidem
498 433 564 516 legi
585 439 733 518 poterat,
768 456 894 500 summo
924 434 1033 500 studio
1063 455 1207 519 curaque
1230 455 1251 500 a
1274 457 1310 500 se

155 544 352 627 exscriptum
379 563 418 608 ea
446 541 509 607 fide
538 563 642 625 eaque
664 541 772 608 forma
795 544 829 607 in
851 542 1027 608 academiae
1050 541 1193 609 Berolin.
1219 565 1309 609 com·

156 651 413 717 mentationibus
458 652 529 716 eius
569 652 646 715 anni
685 651 814 734 generis
853 650 1004 717 historici
1044 656 1078 716 et
1116 651 1310 736 philologici

157 759 276 839 edidit,
311 766 348 825 ut
381 760 453 844 ipsa
486 757 566 825 folia
600 759 643 825 ob
674 758 787 825 oculos
817 759 938 825 habere
968 759 1146 833 videamur,
1201 759 1310 844 Atque

158 890 233 932 eum
255 868 411 948 codicem,
436 867 528 931 cuius
551 867 621 931 haec
643 875 820 951 supersunt
842 867 932 946 folia,
957 869 1014 952 qui
1038 874 1095 933 aut
1116 869 1190 951 ipso
1212 868 1311 933 Nico·

156 976 346 1042 machorum
374 982 521 1060 tempore
551 981 611 1040 aut
638 975 737 1059 paulo
766 981 846 1041 aute
869 982 984 1060 postve
1008 976 1041 1041 id
1064 977 1206 1061 scriptus
1229 982 1311 1055 erat,

155 1084 238 1149 nihil
266 1105 339 1150 cum
368 1106 480 1151 eorum
508 1084 732 1167 recognitione
761 1085 925 1150 coniuncti
947 1083 1069 1150 habere
1091 1106 1197 1169 neque
1220 1086 1310 1169 quic·

156 1213 254 1276 quam
284 1193 359 1258 inde
388 1194 545 1272 traxisse,
580 1199 617 1256 ut
646 1194 717 1276 ipse
747 1193 811 1256 iam
841 1214 880 1256 ex
909 1194 1086 1277 specimine
1114 1194 1310 1277 aZumptio

156 1302 328 1385 proposito
361 1301 586 1366 intellexeram
621 1300 831 1384 dixeramque
860 1302 893 1365 in
920 1301 1010 1384 praef.
1039 1303 1143 1385 partis
1171 1301 1310 1367 alterius

155 1409 217 1473 vol.
251 1409 266 1472 Ι
301 1410 397 1488 Livii,
436 1411 483 1475 ita
523 1430 608 1472 nuuc
642 1409 791 1474 omnibus
826 1409 1034 1493 perspicuum
1070 1417 1121 1475 est
1148 1409 1309 1493 intellegi·

155 1524 274 1601 turque
297 1517 450 1582 facillime
473 1522 664 1601 comparata
687 1517 720 1581 iu
743 1518 782 1581 iis
805 1517 896 1595 locis,
927 1519 960 1582 in
984 1518 1103 1600 quibus
1126 1525 1310 1584 ceterorum

156 1623 305 1690 codicum
334 1626 539 1707 cognationis
567 1624 687 1689 iudicia
709 1626 790 1689 varii
812 1627 940 1707 generis
963 1628 1116 1710 exposui,
1146 1633 1309 1711 quatenus

157 1733 191 1796 in
219 1732 290 1798 cod.
319 1732 500 1800 Veronensi
534 1741 724 1818 supersunt,
759 1735 829 1798 eius
858 1734 1036 1818 scriptura;
1071 1757 1169 1818 quem
1198 1742 1310 1801 autem

156 1862 229 1905 cum
273 1840 537 1906 Nicomachianis
583 1849 792 1926 comparatus
836 1841 946 1907 locum
990 1850 1102 1907 teneat
1147 1864 1308 1926 usumque

57 2039 59 2042 y
156 1949 292 2029 habeat,
331 1949 371 2015 de
412 1971 450 2014 co
485 1955 522 2014 ut
561 1950 641 2015 satis
682 1950 724 2014 sit
764 1950 906 2016 breviter
945 1950 1068 2029 dicere,
1113 1950 1193 2017 facit
1233 1974 1309 2037 pru-

157 2058 236 2124 deus
270 2064 460 2143 rectumque
494 2058 702 2123 Mommsenii
731 2059 887 2124 iudicium
916 2060 1069 2141 (maxime
1098 2083 1128 2144 p.
1161 2065 1221 2124 184
1243 2062 1310 2126 ima

157 2173 190 2231 et
221 2172 278 2232 185
315 2166 463 2249 summa).
520 2166 604 2232 Nam
638 2167 829 2232 mendorum
859 2190 876 2231 e
904 2168 1115 2233 librariorum
1149 2168 1308 2234 festinan·

157 2277 240 2340 tium
275 2276 480 2359 neglegentia
515 2283 662 2340 ortorum
694 2275 786 2341 labes
821 2277 883 2340 etsi
918 2298 991 2340 eum
1026 2277 1125 2341 etiam
1153 2277 1309 2355 codicem,

158 2405 255 2467 quem
288 2383 479 2449 Nicomachi
518 2390 751 2449 recensuerunt
789 2384 865 2465 (hoc
900 2393 965 2461 est,
999 2386 1233 2469 transcriptum
1267 2385 1310 2450 ad

158 2491 324 2576 exemplar
357 2493 562 2575 propositum
595 2499 772 2575 exegerunt
805 2493 954 2558 adhibita
986 2494 1128 2559 fortasse
1162 2493 1214 2558 hic
1242 2493 1309 2558 illic

158 2601 347 2664 coniectura
374 2601 505 2664 minime
535 2601 676 2681 subtili),
708 2624 773 2666 non
801 2601 1011 2666 mediocriter
1041 2603 1165 2684 attigit,
1198 2610 1310 2667 tamen

158 2709 288 2791 gravior
315 2709 349 2772 in
372 2707 464 2772 illum
486 2709 626 2773 alterum
649 2708 769 2793 (ipsum
792 2717 960 2787 anteum,
995 2732 1012 2773 e
1036 2733 1100 2794 quo
1125 2711 1309 2794 descriptus

159 2815 223 2897 cst)
253 2812 401 2880 incubuit
431 2817 581 2881 omnibus
610 2838 758 2882 errorum
780 2818 953 2900 generibus
977 2818 1128 2900 (quorum
1151 2818 1310 2884 nonnulla

160 2925 194 2988 in
217 2924 275 2988 illa
297 2928 395 2988 aetate
418 2926 513 2990 multi
536 2925 758 3004 mirabuntur,
788 2933 825 2991 ut
848 2926 1046 2990 consulib.
1070 2928 1308 2992 tentissime

161 3053 221 3116 pro
255 3034 594 3098 constantissimo
630 3034 789 3116 scripturn
818 3034 880 3113 Ill,
910 3038 966 3112 35,
997 3040 1015 3098 9
1045 3042 1102 3100 aut
1130 3035 1200 3118 qui
1229 3034 1309 3101 fuit

158 3163 217 3225 pro
241 3141 399 3224 quievit
421 3141 477 3219 Ill,
508 3147 556 3223 51,
587 3147 605 3205 7
630 3150 687 3208 aut
711 3143 953 3226 simplicitatem
977 3144 1206 3227 interpolandi,
1235 3166 1309 3226 quae

157 3248 199 3328 V,
229 3254 283 3328 50,
315 3254 332 3313 5
361 3269 401 3314 ex
424 3249 496 3315 Aio
521 3251 694 3316 Locutio
725 3250 833 3317 effecit
862 3258 931 3317 aut
954 3252 1037 3317 alio
1060 3251 1179 3334 loco),
1209 3253 1308 3318 etiam

159 3358 355 3437 omittendo,
389 3359 600 3441 geminando,
635 3361 742 3425 rarius
771 3360 939 3440 addendo,
974 3367 1012 3424 ut
1033 3360 1116 3425 bene
1139 3359 1308 3425 nobiscum

158 3472 268 3531 actum
290 3468 342 3546 sit,
365 3465 455 3550 quod
478 3469 588 3549 potius
612 3490 651 3533 ex
668 3468 924 3534 Nicomachiauo
948 3488 1046 3552 quam
1069 3489 1108 3532 ex
1126 3467 1307 3533 Veronensi

159 3575 264 3641 aliove
288 3575 317 3639 ei
331 3574 490 3656 proximo
513 3574 548 3638 hi
570 3575 653 3640 Livii
676 3576 752 3641 libri
775 3575 818 3639 ad
841 3597 901 3640 uos
924 3576 1101 3658 propagati
1123 3577 1198 3641 sint.
1244 3575 1308 3641 Sed

158 3689 267 3748 tamen
295 3681 527 3766 (praeterquam
550 3683 640 3764 quod
662 3683 858 3748 Veronensis
881 3682 923 3746 ab
948 3684 1035 3749 omni
1057 3685 1186 3749 novicia
1208 3685 1307 3750 inter·

159 3790 326 3873 polatione
354 3791 449 3873 longe
478 3790 550 3873 ipso
580 3796 728 3874 tempore
750 3796 896 3856 remotus
919 3792 1103 3876 principum
1126 3814 1165 3857 ex
1188 3795 1306 3858 ceteris

160 3897 193 3960 in
220 3896 281 3963 hoc
310 3918 427 3981 genere
449 3899 674 3982 praestantiam
696 3905 729 3964 et
751 3900 965 3965 autoritatem
987 3900 1187 3983 confirmat),
1216 3902 1305 3986 quod

159 4004 252 4070 labes
289 4028 406 4090 genere
446 4007 560 4073 eadem
598 4015 707 4074 tamen
746 4009 920 4074 maximam
959 4017 1085 4092 partem
1119 4010 1192 4075 aliis
1225 4008 1305 4076 locis

159 4112 462 4196 Nicomachianum,
502 4117 576 4182 aliis
603 4116 823 4182 Veronensem
856 4118 1045 4198 macularit,
1080 4118 1198 4198 multa,
1233 4139 1305 4203 quae
