3060 5272
234 330 296 383 Lib.
315 328 361 384 IV.
567 343 576 355 ³
783 320 844 380 116

236 502 424 581 subiicitur,
460 502 627 568 consulem
656 501 794 569 Cossum
826 505 860 568 in
894 504 1070 570 annalibus
1099 506 1239 589 septimo
1263 504 1395 570 demum

235 632 321 675 anno
339 617 414 694 poet
430 610 530 676 fuisse
550 611 647 692 tradi,
666 631 764 695 qua-m
782 613 888 697 spolia
902 614 1012 696 opima
1023 614 1156 696 ceperit,
1175 635 1276 699 quum
1288 613 1395 697 spolia

235 720 345 802 opima
375 719 457 783 Livii
491 721 656 785 sententia
688 721 753 786 nisi
786 741 807 785 a
834 722 969 786 consule
1005 722 1079 805 capi
1112 742 1178 786 non
1212 722 1392 806 potuerint.

234 826 361 892 Deinde
399 827 564 910 quomodo
603 829 632 893 is
672 850 778 909 error,
818 830 1006 913 quicunque
1042 836 1105 909 est,
1151 830 1191 894 in
1225 849 1268 894 eo
1305 849 1394 894 esse

234 942 359 1018 potest,
396 935 484 1017 quod
521 938 661 1019 septimo
695 958 781 1002 anno
815 945 892 1021 post
928 936 1040 1002 consul
1074 937 1220 1002 traditur
1247 934 1391 1002 Cossus?

234 1043 319 1108 Nam
360 1045 394 1107 in
434 1043 497 1108 hac
530 1045 604 1126 ipsa
631 1066 667 1109 re
695 1065 788 1110 error
815 1055 887 1110 esse
916 1052 1040 1129 potest;
1079 1045 1138 1110 sed
1166 1046 1251 1110 alius
1279 1048 1391 1111 nescio

235 1153 328 1217 cuius
350 1153 398 1217 rei
422 1173 515 1217 error
536 1153 570 1216 iu
594 1153 656 1217 hac
679 1174 751 1218 esse
775 1154 900 1235 nequit.
948 1151 1028 1228 Quae
1051 1152 1169 1218 deinde
1192 1153 1263 1218 haec
1285 1156 1393 1220 oratio

235 1265 301 1325 est:
336 1261 371 1325 si
398 1260 464 1324 hic
493 1282 607 1326 error
634 1262 675 1325 in
704 1281 750 1326 ea
778 1282 818 1324 re
848 1261 917 1339 sit,
951 1262 1175 1326 communis
1204 1261 1393 1327 omnibus

235 1370 489 1434 existimatio
518 1370 602 1434 est?
637 1368 859 1452 Quisquamne
883 1368 1009 1433 audIvit
1032 1370 1066 1433 si
1086 1368 1149 1434 hoc
1172 1369 1270 1435 modo
1292 1370 1393 1435 verbo

235 1477 443 1542 existimandi
472 1477 609 1542 similive
638 1479 672 1541 in
702 1477 960 1559 interrogatione
983 1476 1140 1560 pendenti
1163 1477 1394 1543 subiunctum?

234 1584 353 1650 Totam
396 1606 466 1649 rem
512 1585 724 1669 expediverat
763 1585 945 1649 Gronovius
985 1606 1051 1650 una
1090 1585 1203 1651 littera
1243 1586 1390 1651 sublata:

236 1691 333 1769 Quis
364 1715 409 1757 ea
437 1693 511 1776 (pro
536 1695 604 1775 qui
627 1694 660 1757 si
683 1695 742 1774 ea)
765 1694 804 1757 in
826 1713 868 1756 re
892 1694 947 1757 sit
969 1714 1096 1773 error,
1126 1693 1231 1776 quod
1253 1728 1297 1738 —
1318 1693 1391 1759 ha·

235 1800 370 1880 beant,
407 1802 666 1865 existimatio
694 1801 917 1865 communis
945 1801 1130 1866 omnibus
1159 1809 1231 1867 est.
1287 1800 1392 1867 Caute

237 1909 347 1973 Livius
370 1909 445 1974 aliis
469 1908 721 1973 existimandum
744 1909 917 1991 relinquit,
953 1909 1028 1991 quis
1051 1929 1144 1974 error
1168 1909 1212 1974 sit
1233 1909 1267 1973 in
1290 1930 1392 1975 anna·

235 2018 313 2081 lium
342 2018 521 2082 notationis
551 2016 776 2101 discrepantia
805 2038 826 2081 a
853 2024 1063 2082 monumento
1092 2017 1135 2082 ab
1163 2019 1313 2101 Augusto
1342 2020 1392 2083 in·

236 2131 350 2209 specto
374 2132 406 2189 ct
428 2125 607 2209 spoliorum
631 2126 813 2208 opimorum
835 2107 954 2206 lege.¹)

166 2252 219 2316 (97)
324 2231 402 2316 Gap.
427 2237 482 2313 21,
512 2238 547 2297 6:
583 2232 861 2297 Pestilentior
888 2232 982 2297 inde
1011 2253 1139 2298 annus
1170 2241 1392 2299 —tantum

234 2349 380 2407 metum
414 2341 636 2405 vastitatis
670 2342 710 2404 in
738 2340 837 2406 urbe
868 2340 1063 2423 agrisque
1090 2340 1209 2421 fecit,
1244 2348 1392 2407 utnon

234 2449 347 2513 modo
381 2448 589 2531 praedandi
619 2469 744 2513 causa
772 2449 987 2531 quisquam
1016 2469 1061 2512 ex
1090 2469 1185 2532 agro
1214 2450 1391 2515 Romano

234 2578 310 2621 non
333 2557 530 2621 exiret-
550 2592 603 2634 -,
628 2557 698 2622 sed
721 2556 832 2621 ultro
855 2555 1085 2635 Fidenates,
1109 2557 1179 2637 qui
1201 2578 1241 2622 se
1263 2558 1392 2641 primo

235 2670 305 2728 aut
344 2663 493 2748 oppido
534 2672 603 2729 aut
641 2664 847 2729 montibus
881 2669 953 2727 aut
985 2664 1114 2728 muris
1148 2670 1389 2745 tenuerant,

262 2907 284 2975 ¹)
303 2909 348 2961 Ad
374 2909 404 2962 id
430 2906 651 2975 defendendum,
683 2909 759 2978 quod
790 2909 845 2962 hoo
873 2910 966 2978 capite
994 2906 1010 2977 §
1038 2911 1055 2960 7
1081 2907 1196 2976 legitur:
1228 2907 1299 2963 Hoc
1325 2927 1390 2979 ego

302 3011 400 3061 quum
417 2994 608 3062 Augustum
626 2993 792 3050 Caesarem
810 3021 844 3031 -
863 3012 897 3049 se
919 2995 1032 3063 ipsum
1054 2994 1088 3047 in
1110 2993 1258 3049 thorace
1280 2994 1391 3049 linteo

303 3081 471 3148 scriptum
498 3079 624 3148 legisse
651 3079 835 3148 audissem,
866 3079 893 3133 h.
922 3098 961 3149 a,
995 3097 1035 3135 ex
1060 3080 1218 3148 Augusto
1247 3083 1297 3133 aut
1322 3081 1389 3133 Aa·

303 3171 439 3234 gustum
458 3164 632 3219 dicentem
650 3167 836 3231 audissem,
860 3165 965 3219 alibro
984 3165 1010 3232 1,
1037 3167 1077 3232 16,
1105 3163 1210 3218 anihil
1229 3165 1390 3234 argumenti

301 3251 360 3320 peti
379 3255 487 3319 potest,
506 3268 571 3303 nam
590 3251 692 3305 credo
712 3251 815 3305 alicui
835 3250 971 3319 aliquid
994 3266 1070 3304 esse
1088 3249 1143 3302 alio
1159 3256 1188 3304 et
1202 3253 1272 3304 noto
1289 3266 1392 3320 genere

303 3335 419 3403 dicitur;
447 3341 543 3403 potest
569 3354 603 3389 ex
629 3336 656 3403 I,
683 3338 729 3403 23,
756 3339 785 3389 7:
814 3337 961 3389 iniurias
983 3341 1070 3390 -et
1096 3351 1158 3403 ego
1185 3351 1302 3404 regem
1329 3351 1389 3389 no·

302 3426 408 3475 strum
423 3420 586 3475 Cluilium
605 3439 741 3477 causam
759 3421 901 3476 huiusce
919 3438 994 3476 osse
1012 3418 1097 3475 belli
1116 3420 1254 3474 audisse
1267 3419 1392 3473 videor

301 3524 363 3561 nec
385 3513 420 3559 te
443 3505 565 3559 dubito
587 3534 622 3544 -
644 3506 761 3560 eadem
783 3523 854 3575 prae
877 3512 910 3559 te
931 3505 1029 3560 ferre.
1078 3504 1128 3573 [Et
1148 3520 1267 3573 prorsus
1291 3503 1390 3557 eodem

302 3592 386 3645 modo
415 3590 519 3645 audio
551 3591 701 3658 aliquem
728 3609 781 3661 pro
809 3609 855 3659 eo,
888 3591 966 3660 quod
998 3598 1042 3646 est
1073 3589 1247 3644 dicentem
1273 3587 1391 3655 audio,

303 3683 438 3745 sequente
461 3677 624 3731 accusatiso
648 3694 712 3730 cum
735 3675 876 3731 infinitivo
899 3676 954 3744 (se)
972 3675 1080 3730 Plinius
1106 3674 1203 3743 posuit
1219 3672 1310 3742 Epist.
1329 3672 1391 3740 vn,

301 3766 344 3827 24,
358 3766 386 3816 t:
407 3762 534 3816 Audivi
552 3762 669 3830 ipsam,
688 3780 788 3831 quum
806 3762 890 3816 mihi
909 3760 1165 3817 commendaret
1180 3759 1319 3828 nepotis
1339 3759 1391 3813 sui

302 3848 432 3917 studia,
463 3848 575 3903 solere
603 3847 846 3902 sc...laxare
878 3848 1027 3901 animum
1057 3844 1134 3899 lusu
1167 3843 1391 3913 calculorum,

303 3934 415 3988 solere
447 3939 606 4002 spectare
639 3934 868 4002 pantomimos
902 3949 996 3999 suos,
1032 3932 1140 3987 Seneca
1170 3935 1265 3985 autem
1291 3930 1392 3985 rhetor

303 4018 433 4074 controv.
451 4018 487 4088 Il,
514 4021 545 4073 13
564 4019 602 4086 (ὃ)
619 4036 647 4088 p.
669 4017 989 4088 17513ip.(204Kiessl)
1008 4017 1137 4072 subiecta
1154 4016 1283 4071 oratione
1299 4021 1391 4070 recta:

303 4102 404 4170 Quam
440 4104 566 4158 multas
603 4106 728 4157 matres
765 4103 880 4157 audivi
916 4102 978 4156 illo
1010 4096 1180 4172 tempore:
1224 4099 1390 4169 Quidnam

303 4189 407 4258 volui,
426 4206 498 4258 quse
516 4189 661 4258 peperi?
680 4193 711 4242 et
728 4187 920 4257 Quintilianus
938 4187 1014 4255 VIII,
1033 4190 1058 4256 ὁ,
1077 4185 1131 4256 21.]
