3060 5272
216 393 283 448 Lib.
301 392 400 448 XLIV.
738 451 739 455 η
767 382 829 442 694

220 571 305 637 enim
330 570 383 636 bic
405 591 535 656 quoque
560 571 611 652 (ut
633 571 819 657 XXXVIH,
842 575 893 651 22,
917 576 937 635 4
961 578 993 636 et
1017 571 1049 653 5)
1073 543 1169 638 nimis
1197 592 1310 638 secure
1339 581 1373 638 et

218 680 384 763 patienter
405 666 512 744 fertur
533 678 662 745 infinita
685 680 849 745 sententia
873 679 972 745 verbe
995 678 1087 744 finito
1118 679 1275 746 adiuncta
1302 702 1371 761 nec,
1440 722 1445 730 -

217 787 303 853 unde
338 787 498 870 pendeat,
531 786 672 853 habens:
707 788 765 854 ibi
797 786 1022 853 hesitabat
1055 794 1090 850 et
1117 787 1295 853 alteram
1328 824 1373 834 -

216 894 438 960 mercedem
459 902 617 990 turpem
639 917 742 976 esae;
777 895 882 976 (nam,
905 896 1025 961 omisso
1049 903 1097 974 et,
1121 895 1200 961 ferri
1223 903 1370 980 poterat:

215 1002 449 1082 baeaitabat3
483 1004 625 1085 utique
658 1004 830 1070 alteram
872 1005 964 1085 eet.);
1004 1003 1122 1069 deinde
1161 1025 1227 1069 non
1260 1005 1370 1070 minue

131 1118 201 1188 (απ)
220 1132 372 1196 perverse
395 1117 471 1196 post
493 1110 670 1177 malebat
693 1111 866 1177 subiicitur
884 1112 953 1176 sed
969 1133 1043 1177 cum
1061 1111 1224 1177 sententia
1241 1110 1371 1177 infinita

215 1218 384 1301 (mavult
407 1219 512 1297 dare,
537 1219 608 1284 sed
626 1227 770 1303 postea
794 1220 988 1299 daturum,
1011 1226 1049 1284 ut
1070 1219 1225 1285 audiatur
1241 1218 1369 1298 dicit).

216 1325 282 1393 Sed
314 1326 443 1392 accedit
476 1327 542 1391 alia
575 1329 737 1411 pravitas3
771 1349 842 1411 quae
877 1334 928 1393 est
956 1329 1043 1393 enim
1072 1327 1142 1391 baec
1171 1328 1295 1406 oratio,
1331 1335 1369 1392 ut

215 1434 335 1500 malle
358 1456 424 1500 non
441 1455 593 1500 recusare
612 1420 749 1515 dicatur,
773 1437 838 1519 qui,
862 1458 963 1521 quum
986 1437 1126 1500 aiterum
1143 1455 1210 1500 non
1228 1434 1367 1513 dederit,

215 1542 356 1608 alterum
377 1564 443 1608 non
465 1544 619 1608 recuset?
656 1553 712 1609 aut
735 1565 807 1628 quae
836 1550 885 1609 est
907 1543 975 1608 haec
997 1543 1150 1610 voluntas
1180 1550 1239 1608 aut
1262 1544 1363 1608 etiam

215 1650 325 1733 potior
348 1650 498 1716 voluntas
520 1672 585 1717 non
607 1652 804 1718 recusandi?
837 1651 1005 1717 Postremo
1028 1673 1069 1716 ne
1092 1650 1172 1716 ordo
1191 1649 1365 1746 verborum

215 1757 348 1841 quidam
381 1765 491 1823 rectus
525 1766 591 1839 est3
625 1762 765 1844 primum
788 1762 873 1826 enim
907 1761 1077 1824 sententiae
1111 1759 1219 1824 lecum
1252 1765 1366 1824 tenere

215 1864 365 1946 debebat,
389 1866 478 1949 quod
500 1866 597 1933 alteri
619 1868 762 1933 mercedi
785 1869 986 1933 contrarium
1010 1869 1159 1951 ponitur:
1194 1867 1232 1931 in
1256 1888 1367 1950 spem

214 1974 399 2040 Romanae
421 1976 544 2059 pacis.
579 1975 657 2041 Haec
679 1983 730 2042 tot
752 1983 911 2059 tantaque
934 1975 1141 2040 incommoda
1163 1995 1231 2040 una
1252 1974 1368 2040 littera

214 2081 362 2162 sublata,
396 2082 502 2149 altera
528 2083 695 2150 lenissime
724 2091 851 2149 mutata
880 2084 905 2166 (Ι
929 2106 988 2167 pro
1012 2083 1035 2164 Ι)
1065 2084 1245 2148 certissime
1268 2103 1366 2147 sana·

214 2189 296 2256 bunt
317 2191 520 2275 reddentqua
544 2199 577 2257 et
599 2193 743 2272 verbum,
765 2193 851 2258 unde
876 2193 1041 2257 sententia
1062 2191 1192 2256 infinita
1213 2191 1365 2275 pendeat,

215 2304 248 2364 et
269 2306 395 2365 rectum
418 2300 591 2366 verborum
613 2302 775 2367 ordinem:
810 2301 868 2365 ibi
896 2300 1129 2378 haesitabat,
1160 2306 1199 2363 et
1221 2299 1365 2382 utique

214 2406 386 2473 alteram
421 2410 527 2473 tanti
560 2410 733 2475 nominis
766 2409 934 2491 regibus
967 2415 1128 2492 turpem
1162 2427 1208 2471 ac
1231 2406 1364 2472 sordi·

215 2514 301 2580 dam
323 2521 362 2579 et
385 2514 498 2581 danti
533 2522 571 2581 et
604 2517 730 2599 magis
764 2517 992 2599 accipienti
1022 2515 1243 2580 mercedem
1278 2534 1365 2579 esse

215 2622 342 2686 elatat
375 2622 690 2709 (prormalebatk
725 2625 764 2688 in
799 2645 907 2707 spem
931 2625 1114 2688 Romanae
1144 2625 1261 2707 pacis
1288 2644 1366 2688 non

214 2751 407 2795 recusare
440 2731 679 2813 impensam,
714 2732 782 2797 sed
816 2753 899 2797 eam
934 2733 1145 2815 pecuniam
1177 2730 1366 2815 perfecta

214 2859 255 2903 re
278 2838 485 2916 daturum3
520 2848 580 2903 cet.
627 2839 766 2905 Prorsus
790 2841 1030 2923 exprimuntur,
1055 2861 1128 2923 quae
1161 2839 1249 2922 apud
1272 2839 1365 2923 Poly-

215 2946 306 3013 bium
343 2967 429 3011 nunc
469 2946 623 3030 leguntur
662 2949 695 3012 in
734 2949 917 3031 fragmento
952 2948 1113 3013 Vaticano
1149 2946 1284 3029 (XXIX,
1311 2953 1365 3012 ·le

215 3077 246 3139 p.
272 3059 353 3120 1033
376 3053 509 3137 Beki.):
544 3063 606 3137 περὶ
629 3062 657 3119 dd
679 3066 731 3119 τῶν
758 3064 904 3140 χρημάτων
925 3065 994 3139 ὑπὲρ
1023 3066 1072 3138 μέν
1101 3065 1153 3118 τῶν
1182 3064 1365 3118 πεντακοσίων

213 3170 349 3227 ταλάντων
366 3169 483 3246 αἰσχρὸν
501 3166 684 3245 depravabat
701 3173 745 3228 καὶ
763 3175 799 3246 τῷ
815 3172 914 3229 διδόντι
931 3172 976 3228 καὶ
993 3173 1029 3228 ἔτι
1040 3172 1143 3245 μᾶλλον
1154 3172 1190 3243 τῷ
1201 3168 1362 3242 λαμβάνοντι

215 3271 271 3354 (et
289 3273 405 3338 danti
426 3281 465 3337 et
482 3275 604 3338 etiam
623 3276 854 3358 accipienti,
873 3297 913 3340 ne
932 3276 1006 3357 quis
1025 3272 1186 3338 ablativos
1205 3271 1293 3354 apud
1312 3269 1365 3334 Li·

213 3380 301 3447 vium
313 3379 427 3463 fingat)
440 3387 471 3442 τὸ
482 3386 569 3444 δοκεῖν
579 3390 676 3462 μισθῷ
691 3390 737 3458 τὴν
748 3389 866 3459 declina
878 3389 956 3460 ἔχειν,
967 3389 1000 3444 τὰ
1012 3388 1040 3444 δὲ
1057 3389 1133 3458 χίλια
1144 3386 1189 3442 καὶ
1200 3386 1365 3442 πεντακόσια

214 3497 332 3571 πέμψειν
354 3497 484 3572 φέροντας
503 3497 564 3561 τοὺς
586 3498 650 3572 περὶ
672 3498 879 3572 Πολεμοκράτην
896 3496 933 3561 οἷς
949 3498 1137 3572 Σαμοθρᾴκην
1154 3495 1228 3551 κάκεῖ
1244 3495 1364 3569 parareri-

213 3609 299 3660 ασθαι
311 3597 537 3680 (μεσιτεύσασθαι
549 3607 607 3664 aut
617 3598 917 3680 μεσιτασθήσοσθαιῗ).
943 3597 1007 3663 Sed
1024 3619 1133 3663 veram
1145 3598 1319 3662 sententiae
1332 3602 1365 3661 et

215 3707 373 3773 credonis
391 3705 530 3771 formam
547 3707 713 3793 aPolybio
734 3708 922 3773 traductam
940 3709 1006 3771 iam
1016 3707 1186 3790 Appianus
1199 3711 1363 3769 monstra·

213 3812 272 3880 bat
295 3813 434 3896 (Maced.
457 3814 496 3878 fr.
522 3819 560 3879 18
584 3837 624 3880 ex
646 3817 810 3899 excerptis
833 3815 1001 3897 Peiresc.),
1026 3837 1091 3898 quo
1121 3814 1204 3879 duce
1233 3812 1365 3896 expleta

214 3930 265 3988 est
286 3923 406 3988 lacuna
426 3923 460 3986 in
483 3920 547 4005 §63
570 3943 657 3987 nunc
680 3924 944 4006 supplementum
965 3923 1120 4008 Polybius
1144 3921 1363 4001 confirmat.¹)

238 4165 264 4231 ¹)
283 4163 345 4234 [111‚
363 4166 395 4217 61
424 4167 492 4217 extr.
512 4162 573 4217 eod.
592 4160 623 4214 M
649 4179 701 4231 pro
728 4162 868 4216 aiebant
894 4162 980 4216 habet
1006 4162 1153 4215 alebant.
1181 4159 1233 4213 Hic
1253 4175 1274 4211 m
1294 4176 1363 4228 praa·

283 4250 385 4304 cedens
403 4244 685 4315 effecitmalabat]
722 4245 888 4317 Repositum
912 4248 969 4302 hic
997 4248 1113 4302 aiebat
1137 4262 1188 4316 pro
1211 4247 1363 4300 malebat
