3060 5272
213 374 216 378 Δ
239 331 302 389 nn.
320 330 367 388 VI
788 322 850 385 162

240 504 331 590 quis
358 503 631 571 -tributum
665 507 783 575 daret
816 514 886 573 aut
919 506 983 573 ius
1018 507 1064 572 de
1098 507 1276 592 pecunia
1310 528 1398 575 ere·

241 612 331 678 dIta
353 612 521 693 diceret,
551 616 648 698 quasi
669 622 846 699 utrumque
869 615 1016 681 eiusdem
1040 616 1083 681 sit
1105 636 1145 680 ac
1165 637 1233 682 non
1255 615 1399 682 alterurn

240 722 320 788 civis
354 742 436 786 onus
463 719 615 801 ferentis,
650 724 791 790 alterum
821 724 1036 807 magistratus
1066 723 1223 808 cogentis.
1278 723 1399 808 Itaque

131 814 137 825 ⁸
239 830 274 895 iu
296 835 439 896 mentem
460 830 551 895 venit
574 830 686 914 (1861)
708 831 910 898 tributum
932 831 1165 916 imperaret.
1215 830 1322 899 Multo
1345 837 1400 899 est
1477 899 1482 909 ,

238 936 370 1003 facilius
395 944 429 1002 et
451 958 579 1002 verum:
610 945 680 1005 aut
701 941 763 1005 ius
780 975 824 986 -
840 939 1060 1006 diceretur.
1094 938 1245 1005 Alterum
1260 940 1398 1009 verbum

239 1046 360 1130 prioris
381 1044 488 1112 forma
510 1046 607 1130 cepit.
655 1045 762 1129 1875.)
1127 1028 1132 1039 ⁸

326 1152 405 1239 Cap.
430 1157 485 1234 32,
514 1158 548 1235 6,
578 1154 643 1219 etsi
670 1155 789 1219 mirum
816 1154 959 1235 videtur,
988 1155 1193 1221 notissimam
1213 1176 1327 1223 vocem
1348 1157 1398 1223 al·

238 1267 313 1327 tera
339 1284 406 1328 non
429 1263 536 1327 minus
558 1269 640 1328 nota
662 1268 885 1347 permutatam
909 1283 996 1342 esse,
1030 1268 1142 1328 tamen
1169 1285 1266 1331 nemo
1296 1262 1397 1330 fidem

237 1370 352 1451 faciet,
380 1371 509 1435 Livium
531 1393 592 1455 pro
616 1378 731 1436 certa
752 1371 905 1449 victoria,
936 1369 976 1435 de
999 1391 1066 1454 qua
1088 1371 1207 1454 agitur,
1240 1371 1398 1438 claram

239 1478 379 1558 dixisse;
412 1477 483 1542 haee
511 1484 562 1543 est
585 1479 685 1558 euim,
714 1479 897 1544 certissimo
919 1477 1078 1562 loquendi
1100 1500 1180 1558 usu,
1209 1499 1284 1563 quae
1305 1477 1398 1547 fama

239 1592 274 1652 et
301 1585 508 1651 sermonibus
532 1585 735 1667 celebratur;
768 1607 890 1670 neque,
925 1586 1015 1669 quod
1049 1586 1119 1651 dies
1148 1591 1183 1651 et
1210 1585 1319 1652 clarus
1347 1587 1398 1652 ‹li-

154 1707 225 1778 (136)
245 1695 346 1774 citur,
375 1692 445 1758 sole
474 1694 618 1773 lucente,
647 1700 681 1759 et
709 1699 832 1774 certus,
861 1716 962 1779 quum
990 1693 1047 1758 lux
1071 1694 1173 1760 dubia
1194 1715 1265 1761 esse
1288 1694 1397 1777 desiit,

238 1801 315 1867 ideo
344 1802 379 1866 in
407 1800 481 1866 aliis
508 1801 609 1867 rebus
636 1800 707 1866 haec
734 1801 900 1867 adiectiva
921 1807 1169 1867 commutantur
1190 1809 1250 1869 aut
1271 1804 1397 1888 promi·

238 1930 316 1975 seue
339 1908 503 1974 dicuntur.

325 2013 404 2101 Cap.
440 2019 501 2096 33,
541 2021 577 2082 8;
635 2018 842 2083 exercitus
888 2016 1106 2083 Tusculum
1151 2019 1314 2101 ductus;
1357 2019 1396 2086 L.

239 2122 461 2201 Quinctius
501 2132 541 2191 et
576 2124 657 2190 Ser.
689 2124 899 2211 Sulpicius
932 2160 976 2171 —
1009 2125 1169 2192 duxere.
1224 2123 1398 2194 Clausae

237 2238 379 2317 portas
407 2233 577 2298 Tusculi
606 2234 857 2317 Latinosque
886 2233 957 2318 (qui
984 2234 1101 2299 urbem
1123 2240 1279 2319 ceperant
1302 2236 1397 2320 oppi-

237 2340 407 2426 danosque
441 2342 475 2405 in
511 2362 620 2406 arcem
656 2340 898 2426 compulerant)
927 2377 971 2387 -
998 2341 1091 2407 hinc
1124 2341 1283 2410 moenia
1318 2343 1397 2409 Tu·

200 2472 203 2476 ’
238 2450 344 2516 sculi
367 2450 477 2514 tueri
499 2449 649 2529 vident,
673 2449 792 2514 illine
809 2469 940 2514 arcem
961 2471 1208 2534 oppugnare.
1241 2450 1305 2516 Vix
1321 2449 1396 2517 fieri

237 2563 357 2642 potest,
375 2562 413 2622 ut
430 2578 497 2623 non
513 2556 680 2623 Tusculi
698 2563 775 2642 post
791 2563 934 2641 pertas
953 2558 1165 2623 subditicium
1182 2559 1234 2624 sit.
1269 2557 1396 2641 (1861.)

324 2662 403 2750 (lap.
429 2668 479 2745 34,
511 2669 544 2728 1:
587 2662 747 2741 Quanto
777 2665 903 2748 magis
930 2700 974 2711 -
1001 2665 1234 2750 tranquilla
1263 2668 1398 2734 omnia

236 2770 341 2838 foris
369 2779 500 2852 erant,
530 2779 647 2839 tanto
676 2773 716 2837 in
743 2771 844 2838 urbe
871 2772 935 2838 ris
963 2780 1124 2857 patrum
1146 2774 1187 2839 in
1210 2773 1297 2841 dies
1319 2776 1395 2841 mi·

238 2881 439 2965 seriaque
477 2881 614 2965 plebis
654 2880 907 2946 crescebant.
968 2879 1141 2947 Ablativus
1180 2881 1270 2967 apud
1308 2903 1396 2948 cre·

239 3009 354 3054 scere
386 2989 551 3054 rationem
585 3009 651 3053 non
683 2987 799 3069 habet,
834 2995 926 3055 ortus
956 3011 996 3054 ex
1025 2990 1195 3072 superiore
1224 2996 1395 3074 quanto,

238 3097 511 3181 scribendumque
545 3103 715 3163 tantum.
770 3097 874 3162 Recta
906 3096 1015 3163 forma
1048 3103 1199 3163 servatur
1226 3118 1253 3164 c.
1278 3102 1335 3180 33,
1364 3102 1395 3180 5,

237 3204 294 3270 ubi
321 3205 356 3270 in
383 3227 449 3270 uno
478 3211 512 3271 et
541 3205 646 3272 altero
676 3204 789 3271 codiee
817 3206 1001 3270 recentiore
1028 3204 1155 3271 factum
1183 3211 1233 3271 est
1260 3210 1394 3288 tanto,

237 3319 280 3393 et,
309 3314 440 3378 inversa
461 3315 606 3394 ratione,
634 3314 677 3393 V,
702 3318 757 3394 10,
789 3318 823 3378 5:
858 3318 1050 3395 quantum
1084 3312 1314 3396 augebatur
1334 3350 1394 3397 —,

237 3427 355 3487 tanto
378 3422 530 3488 maiore
552 3427 624 3502 eet,
646 3428 681 3486 et
703 3420 838 3501 XXXII,
863 3426 890 3501 5,
914 3424 943 3486 2.
989 3419 1112 3503 (1861.)

324 3527 402 3614 (lap.
428 3533 482 3609 36,
512 3533 531 3594 8
555 3529 610 3611 (de
633 3530 778 3613 quinque
800 3528 943 3594 tribunis
965 3528 1088 3613 plebis,
1118 3529 1185 3613 qui,
1215 3549 1236 3594 a
1257 3534 1392 3614 patrum

237 3638 391 3722 partibus
413 3643 555 3717 stantes,
582 3636 713 3721 legibus
735 3637 871 3702 Liciniis
893 3635 1173 3718 intercedebantl:
1202 3643 1246 3702 ut
1266 3636 1393 3703 ferme

307 3910 361 3963 nis
383 3913 565 3977 ceperant;
589 3909 630 3962 sio
648 3908 723 3962 enlm
742 3906 845 3962 (licitur
862 3906 934 3974 (Lis.
953 3906 975 3976 1,
994 3909 1035 3978 38,
1054 3907 1100 3976 IV,
1119 3909 1162 3977 33,
1180 3906 1216 3977 X,
1233 3910 1275 3977 39,
1292 3906 1394 3976 XXVI,

305 3996 348 4063 34,
372 3992 484 4061 XXXV,
501 3996 544 4062 40,
562 3993 703 4061 XXXVII,
722 3995 763 4059 37,
782 3992 840 4061 XL,
859 3995 901 4061 29,
920 3993 992 4062 XLI,
1014 3997 1053 4063 13,
1071 3994 1156 4063 XLV,
1174 3996 1209 4049 43
1226 3997 1255 4049 et
1272 3995 1315 4063 44,
1335 3993 1393 4048 Cio.

305 4096 358 4149 pro
376 4079 461 4133 domo
479 4080 522 4147 49,
550 4078 621 4147 128);
644 4096 813 4148 quamquam
835 4078 920 4133 etiam
939 4097 1023 4150 ager
1040 4081 1080 4136 ab
1098 4079 1300 4135 Antiatibus
1318 4096 1395 4149 cap

305 4169 361 4219 tus
380 4170 408 4220 et
426 4182 464 4220 ex
482 4163 688 4220 Tiburtibus
704 4165 851 4235 reperitur.
