<?xml version="1.0" encoding="UTF-8"?>
<!DOCTYPE html PUBLIC "-//W3C//DTD XHTML 1.0 Transitional//EN"
    "http://www.w3.org/TR/xhtml1/DTD/xhtml1-transitional.dtd">
<html xmlns="http://www.w3.org/1999/xhtml" xml:lang="en" lang="en">
 <head>
  <title>
</title>
<meta http-equiv="Content-Type" content="text/html;charset=utf-8" />
  <meta name='ocr-system' content='tesseract 3.04.00' />
  <meta name='ocr-capabilities' content='ocr_page ocr_carea ocr_par ocr_line ocrx_word'/>
</head>
<body>
  <div class='ocr_page' id='page_1' title='image "./emendationesliv01madvgoog_0055.png"; bbox 0 0 3060 5272; ppageno 0'>
   <div class='ocr_carea' id='block_1_1' title="bbox 222 330 916 401">
    <p class='ocr_par' dir='ltr' id='par_1_1' title="bbox 222 330 916 401">
     <span class='ocr_line' id='line_1_1' title="bbox 222 330 916 401; baseline -0.006 0"><span class='ocrx_word' id='word_1_1' title='bbox 222 346 284 401; x_wconf 85' lang='lat' dir='ltr'><strong>Lib.</strong></span> <span class='ocrx_word' id='word_1_2' title='bbox 303 346 323 399; x_wconf 93' lang='lat' dir='ltr'>l.</span> <span class='ocrx_word' id='word_1_3' title='bbox 776 330 818 392; x_wconf 87' lang='grc'>46</span> <span class='ocrx_word' id='word_1_4' title='bbox 905 389 916 397; x_wconf 89' lang='grc'><strong>.</strong></span> 
     </span>
    </p>
   </div>
   <div class='ocr_carea' id='block_1_2' title="bbox 153 515 1403 2765">
    <p class='ocr_par' dir='ltr' id='par_1_2' title="bbox 153 515 1403 2550">
     <span class='ocr_line' id='line_1_2' title="bbox 224 515 1378 602; baseline -0.002 -19"><span class='ocrx_word' id='word_1_5' title='bbox 224 517 553 602; x_wconf 91' lang='lat' dir='ltr'>emendationumque</span> <span class='ocrx_word' id='word_1_6' title='bbox 580 518 646 581; x_wconf 89' lang='lat' dir='ltr'>iam</span> <span class='ocrx_word' id='word_1_7' title='bbox 675 515 752 581; x_wconf 92' lang='lat' dir='ltr'>olim</span> <span class='ocrx_word' id='word_1_8' title='bbox 774 515 937 581; x_wconf 79' lang='lat' dir='ltr'>factarum</span> <span class='ocrx_word' id='word_1_9' title='bbox 960 515 1090 581; x_wconf 88' lang='lat' dir='ltr'>delectu</span> <span class='ocrx_word' id='word_1_10' title='bbox 1112 515 1263 581; x_wconf 87' lang='lat' dir='ltr'>relictum</span> <span class='ocrx_word' id='word_1_11' title='bbox 1286 523 1378 582; x_wconf 89' lang='lat' dir='ltr'>esset</span> 
     </span>
     <span class='ocr_line' id='line_1_3' title="bbox 224 623 1376 710; baseline -0.002 -18"><span class='ocrx_word' id='word_1_12' title='bbox 224 647 332 710; x_wconf 88' lang='lat' dir='ltr'>operae</span> <span class='ocrx_word' id='word_1_13' title='bbox 366 626 399 690; x_wconf 91' lang='lat' dir='ltr'>in</span> <span class='ocrx_word' id='word_1_14' title='bbox 426 626 509 690; x_wconf 89' lang='lat' dir='ltr'>Livii</span> <span class='ocrx_word' id='word_1_15' title='bbox 542 624 636 690; x_wconf 90' lang='lat' dir='ltr'>libris</span> <span class='ocrx_word' id='word_1_16' title='bbox 665 623 833 708; x_wconf 84' lang='lat' dir='ltr'>ponendae.</span> <span class='ocrx_word' id='word_1_17' title='bbox 889 623 971 689; x_wconf 89' lang='lat' dir='ltr'>Mihi</span> <span class='ocrx_word' id='word_1_18' title='bbox 998 624 1062 690; x_wconf 91' lang='lat' dir='ltr'>hoc</span> <span class='ocrx_word' id='word_1_19' title='bbox 1089 623 1179 705; x_wconf 93' lang='lat' dir='ltr'>loco,</span> <span class='ocrx_word' id='word_1_20' title='bbox 1213 631 1251 689; x_wconf 89' lang='lat' dir='ltr'>ut</span> <span class='ocrx_word' id='word_1_21' title='bbox 1278 625 1376 691; x_wconf 91' lang='lat' dir='ltr'>initio</span> 
     </span>
     <span class='ocr_line' id='line_1_4' title="bbox 224 733 1374 818; baseline -0.002 -18"><span class='ocrx_word' id='word_1_22' title='bbox 224 735 306 815; x_wconf 84' lang='lat' dir='ltr'>dixi,</span> <span class='ocrx_word' id='word_1_23' title='bbox 340 757 406 800; x_wconf 91' lang='lat' dir='ltr'>non</span> <span class='ocrx_word' id='word_1_24' title='bbox 440 733 623 799; x_wconf 86' lang='lat' dir='ltr'>editionum</span> <span class='ocrx_word' id='word_1_25' title='bbox 656 733 876 798; x_wconf 84' lang='lat' dir='ltr'>recentiorum</span> <span class='ocrx_word' id='word_1_26' title='bbox 911 753 1083 798; x_wconf 90' lang='lat' dir='ltr'>censuram</span> <span class='ocrx_word' id='word_1_27' title='bbox 1115 733 1274 818; x_wconf 86' lang='lat' dir='ltr'>proposui</span> <span class='ocrx_word' id='word_1_28' title='bbox 1304 754 1374 814; x_wconf 91' lang='lat' dir='ltr'>nec,</span> 
     </span>
     <span class='ocr_line' id='line_1_5' title="bbox 223 840 1376 926; baseline -0.002 -18"><span class='ocrx_word' id='word_1_29' title='bbox 223 845 251 908; x_wconf 92' lang='lat' dir='ltr'>si</span> <span class='ocrx_word' id='word_1_30' title='bbox 280 843 360 926; x_wconf 90' lang='lat' dir='ltr'>quid</span> <span class='ocrx_word' id='word_1_31' title='bbox 387 845 494 907; x_wconf 87' lang='lat' dir='ltr'>minus</span> <span class='ocrx_word' id='word_1_32' title='bbox 516 842 600 907; x_wconf 89' lang='lat' dir='ltr'>bene</span> <span class='ocrx_word' id='word_1_33' title='bbox 622 861 728 926; x_wconf 85' lang='lat' dir='ltr'>nuper</span> <span class='ocrx_word' id='word_1_34' title='bbox 749 861 847 924; x_wconf 92' lang='lat' dir='ltr'>quam</span> <span class='ocrx_word' id='word_1_35' title='bbox 870 863 891 906; x_wconf 92' lang='lat' dir='ltr'>a</span> <span class='ocrx_word' id='word_1_36' title='bbox 913 840 1140 925; x_wconf 88' lang='lat' dir='ltr'>superioribus</span> <span class='ocrx_word' id='word_1_37' title='bbox 1163 840 1376 907; x_wconf 88' lang='lat' dir='ltr'>administra·</span> 
     </span>
     <span class='ocr_line' id='line_1_6' title="bbox 222 949 1376 1034; baseline -0.001 -18"><span class='ocrx_word' id='word_1_38' title='bbox 222 954 292 1016; x_wconf 86' lang='lat' dir='ltr'>tum</span> <span class='ocrx_word' id='word_1_39' title='bbox 325 957 427 1029; x_wconf 88' lang='lat' dir='ltr'>esset,</span> <span class='ocrx_word' id='word_1_40' title='bbox 461 949 763 1034; x_wconf 83' lang='lat' dir='ltr'>reprehensionem,</span> <span class='ocrx_word' id='word_1_41' title='bbox 797 949 855 1014; x_wconf 89' lang='lat' dir='ltr'>sed</span> <span class='ocrx_word' id='word_1_42' title='bbox 883 970 923 1014; x_wconf 86' lang='lat' dir='ltr'>ea</span> <span class='ocrx_word' id='word_1_43' title='bbox 949 955 1094 1014; x_wconf 88' lang='lat' dir='ltr'>tractare</span> <span class='ocrx_word' id='word_1_44' title='bbox 1123 949 1268 1029; x_wconf 80' lang='lat' dir='ltr'>decrevi,</span> <span class='ocrx_word' id='word_1_45' title='bbox 1301 971 1376 1034; x_wconf 82' lang='lat' dir='ltr'>quae</span> 
     </span>
     <span class='ocr_line' id='line_1_7' title="bbox 223 1056 1374 1142; baseline -0.002 -17"><span class='ocrx_word' id='word_1_46' title='bbox 223 1067 333 1126; x_wconf 88' lang='lat' dir='ltr'>esseut</span> <span class='ocrx_word' id='word_1_47' title='bbox 362 1059 404 1124; x_wconf 94' lang='lat' dir='ltr'>ab</span> <span class='ocrx_word' id='word_1_48' title='bbox 428 1059 502 1124; x_wconf 88' lang='lat' dir='ltr'>aliis</span> <span class='ocrx_word' id='word_1_49' title='bbox 526 1064 585 1123; x_wconf 91' lang='lat' dir='ltr'>aut</span> <span class='ocrx_word' id='word_1_50' title='bbox 607 1058 827 1142; x_wconf 85' lang='lat' dir='ltr'>praetermissa</span> <span class='ocrx_word' id='word_1_51' title='bbox 849 1064 908 1122; x_wconf 85' lang='lat' dir='ltr'>aut</span> <span class='ocrx_word' id='word_1_52' title='bbox 929 1078 1046 1141; x_wconf 83' lang='lat' dir='ltr'>pamm</span> <span class='ocrx_word' id='word_1_53' title='bbox 1068 1056 1209 1123; x_wconf 89' lang='lat' dir='ltr'>feliciter</span> <span class='ocrx_word' id='word_1_54' title='bbox 1229 1063 1374 1138; x_wconf 83' lang='lat' dir='ltr'>tentata3</span> 
     </span>
     <span class='ocr_line' id='line_1_8' title="bbox 221 1164 1375 1253; baseline -0.002 -19"><span class='ocrx_word' id='word_1_55' title='bbox 221 1189 328 1253; x_wconf 89' lang='lat' dir='ltr'>neque</span> <span class='ocrx_word' id='word_1_56' title='bbox 351 1172 471 1248; x_wconf 91' lang='lat' dir='ltr'>tamen,</span> <span class='ocrx_word' id='word_1_57' title='bbox 501 1168 528 1231; x_wconf 95' lang='lat' dir='ltr'>si</span> <span class='ocrx_word' id='word_1_58' title='bbox 552 1166 630 1248; x_wconf 91' lang='lat' dir='ltr'>quid</span> <span class='ocrx_word' id='word_1_59' title='bbox 653 1186 693 1230; x_wconf 82' lang='lat' dir='ltr'>ex</span> <span class='ocrx_word' id='word_1_60' title='bbox 715 1164 774 1231; x_wconf 92' lang='lat' dir='ltr'>illo</span> <span class='ocrx_word' id='word_1_61' title='bbox 797 1165 902 1230; x_wconf 88' lang='lat' dir='ltr'>altero</span> <span class='ocrx_word' id='word_1_62' title='bbox 925 1187 1045 1249; x_wconf 82' lang='lat' dir='ltr'>genere</span> <span class='ocrx_word' id='word_1_63' title='bbox 1068 1167 1115 1230; x_wconf 86' lang='lat' dir='ltr'>sic</span> <span class='ocrx_word' id='word_1_64' title='bbox 1138 1167 1375 1247; x_wconf 78' lang='lat' dir='ltr'>intercurrerit,</span> 
     </span>
     <span class='ocr_line' id='line_1_9' title="bbox 221 1273 1378 1355; baseline -0.002 -13"><span class='ocrx_word' id='word_1_65' title='bbox 221 1283 259 1342; x_wconf 88' lang='lat' dir='ltr'>ut</span> <span class='ocrx_word' id='word_1_66' title='bbox 281 1283 354 1355; x_wconf 91' lang='lat' dir='ltr'>aut,</span> <span class='ocrx_word' id='word_1_67' title='bbox 389 1298 430 1340; x_wconf 93' lang='lat' dir='ltr'>ne</span> <span class='ocrx_word' id='word_1_68' title='bbox 464 1296 556 1340; x_wconf 90' lang='lat' dir='ltr'>error</span> <span class='ocrx_word' id='word_1_69' title='bbox 589 1294 702 1339; x_wconf 85' lang='lat' dir='ltr'>recens</span> <span class='ocrx_word' id='word_1_70' title='bbox 735 1275 968 1353; x_wconf 87' lang='lat' dir='ltr'>inveterascat,</span> <span class='ocrx_word' id='word_1_71' title='bbox 1002 1273 1147 1339; x_wconf 87' lang='lat' dir='ltr'>breviter</span> <span class='ocrx_word' id='word_1_72' title='bbox 1179 1275 1288 1340; x_wconf 89' lang='lat' dir='ltr'>caveri</span> <span class='ocrx_word' id='word_1_73' title='bbox 1316 1281 1378 1340; x_wconf 85' lang='lat' dir='ltr'>aut</span> 
     </span>
     <span class='ocr_line' id='line_1_10' title="bbox 222 1381 1375 1466; baseline -0.003 -16"><span class='ocrx_word' id='word_1_74' title='bbox 222 1383 389 1450; x_wconf 79' lang='lat' dir='ltr'>laudabile</span> <span class='ocrx_word' id='word_1_75' title='bbox 427 1385 593 1448; x_wconf 87' lang='lat' dir='ltr'>inventum</span> <span class='ocrx_word' id='word_1_76' title='bbox 636 1381 678 1447; x_wconf 93' lang='lat' dir='ltr'>ab</span> <span class='ocrx_word' id='word_1_77' title='bbox 718 1381 881 1447; x_wconf 87' lang='lat' dir='ltr'>oblivione</span> <span class='ocrx_word' id='word_1_78' title='bbox 921 1389 953 1447; x_wconf 90' lang='lat' dir='ltr'>et</span> <span class='ocrx_word' id='word_1_79' title='bbox 992 1388 1182 1466; x_wconf 86' lang='lat' dir='ltr'>contemptu</span> <span class='ocrx_word' id='word_1_80' title='bbox 1215 1382 1375 1448; x_wconf 89' lang='lat' dir='ltr'>vindicari</span> 
     </span>
     <span class='ocr_line' id='line_1_11' title="bbox 222 1489 1403 1577; baseline -0.001 -20"><span class='ocrx_word' id='word_1_81' title='bbox 222 1494 346 1577; x_wconf 80' lang='lat' dir='ltr'>possit,</span> <span class='ocrx_word' id='word_1_82' title='bbox 380 1493 641 1576; x_wconf 84' lang='lat' dir='ltr'>praetermittam.</span> <span class='ocrx_word' id='word_1_83' title='bbox 697 1489 805 1555; x_wconf 90' lang='lat' dir='ltr'>Unum</span> <span class='ocrx_word' id='word_1_84' title='bbox 840 1492 939 1555; x_wconf 89' lang='lat' dir='ltr'>etiam</span> <span class='ocrx_word' id='word_1_85' title='bbox 974 1497 1040 1570; x_wconf 88' lang='lat' dir='ltr'>est,</span> <span class='ocrx_word' id='word_1_86' title='bbox 1076 1490 1166 1574; x_wconf 90' lang='lat' dir='ltr'>quod</span> <span class='ocrx_word' id='word_1_87' title='bbox 1194 1497 1304 1575; x_wconf 85' lang='lat' dir='ltr'>petam</span> <span class='ocrx_word' id='word_1_88' title='bbox 1332 1491 1403 1571; x_wconf 50' lang='lat' dir='ltr'>ab,</span> 
     </span>
     <span class='ocr_line' id='line_1_12' title="bbox 218 1596 1375 1684; baseline -0.001 -19"><span class='ocrx_word' id='word_1_89' title='bbox 218 1603 276 1681; x_wconf 83' lang='lat' dir='ltr'>iis,</span> <span class='ocrx_word' id='word_1_90' title='bbox 310 1601 365 1684; x_wconf 89' lang='lat' dir='ltr'>qui</span> <span class='ocrx_word' id='word_1_91' title='bbox 387 1599 457 1664; x_wconf 84' lang='lat' dir='ltr'>haec</span> <span class='ocrx_word' id='word_1_92' title='bbox 479 1599 596 1680; x_wconf 78' lang='lat' dir='ltr'>legent.</span> <span class='ocrx_word' id='word_1_93' title='bbox 652 1596 727 1662; x_wconf 89' lang='lat' dir='ltr'>Non</span> <span class='ocrx_word' id='word_1_94' title='bbox 761 1619 800 1662; x_wconf 91' lang='lat' dir='ltr'>ea</span> <span class='ocrx_word' id='word_1_95' title='bbox 833 1619 979 1663; x_wconf 91' lang='lat' dir='ltr'>meorum</span> <span class='ocrx_word' id='word_1_96' title='bbox 1012 1605 1071 1663; x_wconf 89' lang='lat' dir='ltr'>aut</span> <span class='ocrx_word' id='word_1_97' title='bbox 1100 1597 1287 1664; x_wconf 87' lang='lat' dir='ltr'>studiorum</span> <span class='ocrx_word' id='word_1_98' title='bbox 1314 1605 1375 1664; x_wconf 86' lang='lat' dir='ltr'>aut</span> 
     </span>
     <span class='ocr_line' id='line_1_13' title="bbox 222 1705 1377 1793; baseline 0 -21"><span class='ocrx_word' id='word_1_99' title='bbox 222 1711 428 1793; x_wconf 82' lang='lat' dir='ltr'>negotiorum</span> <span class='ocrx_word' id='word_1_100' title='bbox 455 1708 541 1771; x_wconf 86' lang='lat' dir='ltr'>ratio</span> <span class='ocrx_word' id='word_1_101' title='bbox 572 1727 632 1790; x_wconf 88' lang='lat' dir='ltr'>per</span> <span class='ocrx_word' id='word_1_102' title='bbox 654 1705 742 1770; x_wconf 90' lang='lat' dir='ltr'>haud</span> <span class='ocrx_word' id='word_1_103' title='bbox 766 1727 889 1790; x_wconf 90' lang='lat' dir='ltr'>paucos</span> <span class='ocrx_word' id='word_1_104' title='bbox 911 1707 977 1771; x_wconf 88' lang='lat' dir='ltr'>iam</span> <span class='ocrx_word' id='word_1_105' title='bbox 1000 1728 1104 1773; x_wconf 90' lang='lat' dir='ltr'>annos</span> <span class='ocrx_word' id='word_1_106' title='bbox 1125 1706 1203 1787; x_wconf 83' lang='lat' dir='ltr'>fuit,</span> <span class='ocrx_word' id='word_1_107' title='bbox 1237 1714 1275 1772; x_wconf 86' lang='lat' dir='ltr'>ut</span> <span class='ocrx_word' id='word_1_108' title='bbox 1297 1728 1377 1792; x_wconf 90' lang='lat' dir='ltr'>ope-</span> 
     </span>
     <span class='ocr_line' id='line_1_14' title="bbox 223 1814 1378 1901; baseline 0 -20"><span class='ocrx_word' id='word_1_109' title='bbox 223 1839 298 1883; x_wconf 90' lang='lat' dir='ltr'>rose</span> <span class='ocrx_word' id='word_1_110' title='bbox 321 1817 495 1898; x_wconf 85' lang='lat' dir='ltr'>anquirere</span> <span class='ocrx_word' id='word_1_111' title='bbox 516 1836 663 1898; x_wconf 88' lang='lat' dir='ltr'>possem,</span> <span class='ocrx_word' id='word_1_112' title='bbox 697 1835 771 1897; x_wconf 86' lang='lat' dir='ltr'>quae</span> <span class='ocrx_word' id='word_1_113' title='bbox 800 1816 833 1878; x_wconf 92' lang='lat' dir='ltr'>in</span> <span class='ocrx_word' id='word_1_114' title='bbox 861 1814 981 1880; x_wconf 90' lang='lat' dir='ltr'>libellis</span> <span class='ocrx_word' id='word_1_115' title='bbox 1005 1815 1211 1881; x_wconf 89' lang='lat' dir='ltr'>scholasticis</span> <span class='ocrx_word' id='word_1_116' title='bbox 1234 1822 1294 1881; x_wconf 89' lang='lat' dir='ltr'>aut</span> <span class='ocrx_word' id='word_1_117' title='bbox 1315 1837 1378 1901; x_wconf 90' lang='lat' dir='ltr'>per</span> 
     </span>
     <span class='ocr_line' id='line_1_15' title="bbox 222 1924 1372 2008; baseline 0 -19"><span class='ocrx_word' id='word_1_118' title='bbox 222 1925 327 1989; x_wconf 91' lang='lat' dir='ltr'>libros</span> <span class='ocrx_word' id='word_1_119' title='bbox 365 1930 551 1989; x_wconf 87' lang='lat' dir='ltr'>menstruos</span> <span class='ocrx_word' id='word_1_120' title='bbox 585 1924 808 1987; x_wconf 88' lang='lat' dir='ltr'>trimestresve</span> <span class='ocrx_word' id='word_1_121' title='bbox 841 1924 1003 1988; x_wconf 79' lang='lat' dir='ltr'>similasse</span> <span class='ocrx_word' id='word_1_122' title='bbox 1037 1925 1176 2008; x_wconf 87' lang='lat' dir='ltr'>sparsim</span> <span class='ocrx_word' id='word_1_123' title='bbox 1209 1925 1252 1990; x_wconf 90' lang='lat' dir='ltr'>ad</span> <span class='ocrx_word' id='word_1_124' title='bbox 1288 1925 1372 1990; x_wconf 90' lang='lat' dir='ltr'>Livii</span> 
     </span>
     <span class='ocr_line' id='line_1_16' title="bbox 223 2030 1375 2117; baseline 0.001 -20"><span class='ocrx_word' id='word_1_125' title='bbox 223 2034 485 2099; x_wconf 82' lang='lat' dir='ltr'>emendationem</span> <span class='ocrx_word' id='word_1_126' title='bbox 508 2032 709 2116; x_wconf 87' lang='lat' dir='ltr'>pertinentia</span> <span class='ocrx_word' id='word_1_127' title='bbox 730 2030 989 2114; x_wconf 85' lang='lat' dir='ltr'>disputarentur.</span> <span class='ocrx_word' id='word_1_128' title='bbox 1021 2032 1138 2116; x_wconf 88' lang='lat' dir='ltr'>ltaque</span> <span class='ocrx_word' id='word_1_129' title='bbox 1160 2032 1230 2097; x_wconf 87' lang='lat' dir='ltr'>fieri</span> <span class='ocrx_word' id='word_1_130' title='bbox 1253 2039 1375 2117; x_wconf 89' lang='lat' dir='ltr'>potest,</span> 
     </span>
     <span class='ocr_line' id='line_1_17' title="bbox 223 2141 1377 2226; baseline 0 -19"><span class='ocrx_word' id='word_1_131' title='bbox 223 2149 261 2209; x_wconf 85' lang='lat' dir='ltr'>ut</span> <span class='ocrx_word' id='word_1_132' title='bbox 289 2149 409 2226; x_wconf 88' lang='lat' dir='ltr'>praeter</span> <span class='ocrx_word' id='word_1_133' title='bbox 431 2162 485 2220; x_wconf 91' lang='lat' dir='ltr'>ea,</span> <span class='ocrx_word' id='word_1_134' title='bbox 519 2161 608 2223; x_wconf 85' lang='lat' dir='ltr'>quae,</span> <span class='ocrx_word' id='word_1_135' title='bbox 642 2160 740 2223; x_wconf 91' lang='lat' dir='ltr'>quum</span> <span class='ocrx_word' id='word_1_136' title='bbox 774 2148 884 2205; x_wconf 90' lang='lat' dir='ltr'>essent</span> <span class='ocrx_word' id='word_1_137' title='bbox 917 2163 937 2206; x_wconf 88' lang='lat' dir='ltr'>a</span> <span class='ocrx_word' id='word_1_138' title='bbox 968 2162 1018 2206; x_wconf 92' lang='lat' dir='ltr'>me</span> <span class='ocrx_word' id='word_1_139' title='bbox 1052 2141 1227 2206; x_wconf 89' lang='lat' dir='ltr'>emendata</span> <span class='ocrx_word' id='word_1_140' title='bbox 1260 2147 1295 2207; x_wconf 89' lang='lat' dir='ltr'>et</span> <span class='ocrx_word' id='word_1_141' title='bbox 1317 2141 1377 2206; x_wconf 87' lang='lat' dir='ltr'>ad·</span> 
     </span>
     <span class='ocr_line' id='line_1_18' title="bbox 223 2247 1375 2334; baseline -0.001 -18"><span class='ocrx_word' id='word_1_142' title='bbox 223 2256 351 2331; x_wconf 88' lang='lat' dir='ltr'>notata,</span> <span class='ocrx_word' id='word_1_143' title='bbox 385 2257 503 2334; x_wconf 88' lang='lat' dir='ltr'>postea</span> <span class='ocrx_word' id='word_1_144' title='bbox 531 2254 590 2313; x_wconf 86' lang='lat' dir='ltr'>aut</span> <span class='ocrx_word' id='word_1_145' title='bbox 618 2249 690 2332; x_wconf 90' lang='lat' dir='ltr'>ipse</span> <span class='ocrx_word' id='word_1_146' title='bbox 719 2267 798 2312; x_wconf 90' lang='lat' dir='ltr'>casu</span> <span class='ocrx_word' id='word_1_147' title='bbox 828 2254 886 2313; x_wconf 86' lang='lat' dir='ltr'>aut</span> <span class='ocrx_word' id='word_1_148' title='bbox 913 2248 1194 2330; x_wconf 82' lang='lat' dir='ltr'>Weissenbornio,</span> <span class='ocrx_word' id='word_1_149' title='bbox 1228 2247 1375 2331; x_wconf 85' lang='lat' dir='ltr'>Hertzio,</span> 
     </span>
     <span class='ocr_line' id='line_1_19' title="bbox 223 2355 1373 2442; baseline -0.002 -18"><span class='ocrx_word' id='word_1_150' title='bbox 223 2360 297 2424; x_wconf 90' lang='lat' dir='ltr'>aliis</span> <span class='ocrx_word' id='word_1_151' title='bbox 325 2357 547 2423; x_wconf 87' lang='lat' dir='ltr'>indicantibus</span> <span class='ocrx_word' id='word_1_152' title='bbox 576 2356 617 2420; x_wconf 91' lang='lat' dir='ltr'>ab</span> <span class='ocrx_word' id='word_1_153' title='bbox 641 2355 715 2420; x_wconf 86' lang='lat' dir='ltr'>aliis</span> <span class='ocrx_word' id='word_1_154' title='bbox 740 2362 902 2440; x_wconf 87' lang='lat' dir='ltr'>occupata</span> <span class='ocrx_word' id='word_1_155' title='bbox 923 2359 1075 2440; x_wconf 80' lang='lat' dir='ltr'>cognovi,</span> <span class='ocrx_word' id='word_1_156' title='bbox 1104 2356 1230 2442; x_wconf 89' lang='lat' dir='ltr'>aliquid</span> <span class='ocrx_word' id='word_1_157' title='bbox 1252 2357 1373 2423; x_wconf 89' lang='lat' dir='ltr'>alicubi</span> 
     </span>
     <span class='ocr_line' id='line_1_20' title="bbox 153 2465 1375 2550; baseline -0.001 -18"><span class='ocrx_word' id='word_1_158' title='bbox 153 2476 206 2546; x_wconf 82' lang='lat'>(40)</span> <span class='ocrx_word' id='word_1_159' title='bbox 225 2489 276 2532; x_wconf 89' lang='lat' dir='ltr'>me</span> <span class='ocrx_word' id='word_1_160' title='bbox 308 2466 429 2550; x_wconf 81' lang='lat' dir='ltr'>fugerit</span> <span class='ocrx_word' id='word_1_161' title='bbox 462 2470 538 2530; x_wconf 87' lang='lat' dir='ltr'>ante</span> <span class='ocrx_word' id='word_1_162' title='bbox 566 2485 616 2527; x_wconf 86' lang='lat' dir='ltr'>me</span> <span class='ocrx_word' id='word_1_163' title='bbox 645 2465 827 2544; x_wconf 87' lang='lat' dir='ltr'>inventum,</span> <span class='ocrx_word' id='word_1_164' title='bbox 862 2465 951 2548; x_wconf 91' lang='lat' dir='ltr'>quod</span> <span class='ocrx_word' id='word_1_165' title='bbox 985 2487 1045 2548; x_wconf 80' lang='lat' dir='ltr'>ego</span> <span class='ocrx_word' id='word_1_166' title='bbox 1078 2472 1234 2548; x_wconf 87' lang='lat' dir='ltr'>tanquam</span> <span class='ocrx_word' id='word_1_167' title='bbox 1266 2487 1375 2531; x_wconf 90' lang='lat' dir='ltr'>meum</span> 
     </span>
    </p>

    <p class='ocr_par' dir='ltr' id='par_1_3' title="bbox 221 2572 1375 2765">
     <span class='ocr_line' id='line_1_21' title="bbox 221 2572 1375 2658; baseline 0.001 -20"><span class='ocrx_word' id='word_1_168' title='bbox 221 2575 397 2658; x_wconf 87' lang='lat' dir='ltr'>posuerim,</span> <span class='ocrx_word' id='word_1_169' title='bbox 428 2580 486 2638; x_wconf 90' lang='lat' dir='ltr'>aut</span> <span class='ocrx_word' id='word_1_170' title='bbox 508 2572 594 2637; x_wconf 92' lang='lat' dir='ltr'>idem</span> <span class='ocrx_word' id='word_1_171' title='bbox 618 2579 675 2637; x_wconf 88' lang='lat' dir='ltr'>aut</span> <span class='ocrx_word' id='word_1_172' title='bbox 698 2594 801 2656; x_wconf 91' lang='lat' dir='ltr'>prope</span> <span class='ocrx_word' id='word_1_173' title='bbox 825 2573 920 2638; x_wconf 88' lang='lat' dir='ltr'>idem.</span> <span class='ocrx_word' id='word_1_174' title='bbox 973 2573 1011 2637; x_wconf 94' lang='lat' dir='ltr'>ld</span> <span class='ocrx_word' id='word_1_175' title='bbox 1034 2575 1061 2637; x_wconf 90' lang='lat' dir='ltr'>si</span> <span class='ocrx_word' id='word_1_176' title='bbox 1085 2574 1218 2656; x_wconf 89' lang='lat' dir='ltr'>quando</span> <span class='ocrx_word' id='word_1_177' title='bbox 1242 2574 1375 2656; x_wconf 88' lang='lat' dir='ltr'>accidit,</span> 
     </span>
     <span class='ocr_line' id='line_1_22' title="bbox 223 2681 1049 2765; baseline 0.006 -24"><span class='ocrx_word' id='word_1_178' title='bbox 223 2703 282 2747; x_wconf 76' lang='lat' dir='ltr'>sua</span> <span class='ocrx_word' id='word_1_179' title='bbox 304 2683 421 2765; x_wconf 88' lang='lat' dir='ltr'>cuique</span> <span class='ocrx_word' id='word_1_180' title='bbox 444 2702 495 2745; x_wconf 90' lang='lat' dir='ltr'>me</span> <span class='ocrx_word' id='word_1_181' title='bbox 518 2681 606 2746; x_wconf 89' lang='lat' dir='ltr'>ultro</span> <span class='ocrx_word' id='word_1_182' title='bbox 630 2686 763 2764; x_wconf 87' lang='lat' dir='ltr'>petente</span> <span class='ocrx_word' id='word_1_183' title='bbox 785 2682 1049 2764; x_wconf 87' lang='lat' dir='ltr'>restituantur.¹)</span> 
     </span>
    </p>
   </div>
   <div class='ocr_carea' id='block_1_3' title="bbox 704 2871 896 2982">
    <p class='ocr_par' dir='ltr' id='par_1_4' title="bbox 704 2871 896 2982">
     <span class='ocr_line' id='line_1_23' title="bbox 704 2871 896 2982; baseline 0.005 -28"><span class='ocrx_word' id='word_1_184' title='bbox 704 2873 795 2956; x_wconf 75' lang='lat' dir='ltr'>uin.</span> <span class='ocrx_word' id='word_1_185' title='bbox 829 2871 896 2982; x_wconf 70' lang='grc' dir='ltr'>ι’)</span> 
     </span>
    </p>
   </div>
   <div class='ocr_carea' id='block_1_4' title="bbox 221 2986 1375 3309">
    <p class='ocr_par' dir='ltr' id='par_1_5' title="bbox 221 2986 1375 3309">
     <span class='ocr_line' id='line_1_24' title="bbox 307 2986 1374 3093; baseline 0.001 -22"><span class='ocrx_word' id='word_1_186' title='bbox 307 3005 385 3090; x_wconf 87' lang='lat' dir='ltr'>Cap.</span> <span class='ocrx_word' id='word_1_187' title='bbox 403 3013 427 3087; x_wconf 95' lang='lat' dir='ltr'>l,</span> <span class='ocrx_word' id='word_1_188' title='bbox 446 3013 480 3071; x_wconf 84' lang='lat'>3:</span> <span class='ocrx_word' id='word_1_189' title='bbox 505 3007 554 3072; x_wconf 88' lang='lat' dir='ltr'>Et</span> <span class='ocrx_word' id='word_1_190' title='bbox 571 3009 609 3072; x_wconf 92' lang='lat' dir='ltr'>iu</span> <span class='ocrx_word' id='word_1_191' title='bbox 627 3030 739 3092; x_wconf 86' lang='lat' dir='ltr'>quem</span> <span class='ocrx_word' id='word_1_192' title='bbox 758 3009 925 3093; x_wconf 91' lang='lat' dir='ltr'>primum</span> <span class='ocrx_word' id='word_1_193' title='bbox 946 3009 1101 3092; x_wconf 83' lang='lat' dir='ltr'>egressi</span> <span class='ocrx_word' id='word_1_194' title='bbox 1121 2986 1374 3087; x_wconf 87' lang='lat' dir='ltr'>suntlocum,</span> 
     </span>
     <span class='ocr_line' id='line_1_25' title="bbox 221 3115 1374 3202; baseline 0.002 -23"><span class='ocrx_word' id='word_1_195' title='bbox 221 3115 344 3180; x_wconf 88' lang='lat' dir='ltr'>Troia</span> <span class='ocrx_word' id='word_1_196' title='bbox 376 3123 552 3194; x_wconf 89' lang='lat' dir='ltr'>vocatur,</span> <span class='ocrx_word' id='word_1_197' title='bbox 588 3138 773 3202; x_wconf 87' lang='lat' dir='ltr'>pagoque</span> <span class='ocrx_word' id='word_1_198' title='bbox 802 3116 978 3181; x_wconf 89' lang='lat' dir='ltr'>Troiano</span> <span class='ocrx_word' id='word_1_199' title='bbox 1007 3115 1098 3180; x_wconf 90' lang='lat' dir='ltr'>inde</span> <span class='ocrx_word' id='word_1_200' title='bbox 1127 3136 1268 3181; x_wconf 92' lang='lat' dir='ltr'>nomen</span> <span class='ocrx_word' id='word_1_201' title='bbox 1299 3123 1374 3181; x_wconf 88' lang='lat' dir='ltr'>est.</span> 
     </span>
     <span class='ocr_line' id='line_1_26' title="bbox 221 3221 1375 3309; baseline 0.001 -22"><span class='ocrx_word' id='word_1_202' title='bbox 221 3221 423 3308; x_wconf 76' lang='lat' dir='ltr'>copulativa</span> <span class='ocrx_word' id='word_1_203' title='bbox 446 3226 616 3309; x_wconf 76' lang='lat' dir='ltr'>particula</span> <span class='ocrx_word' id='word_1_204' title='bbox 638 3226 720 3291; x_wconf 94' lang='lat' dir='ltr'>nihil</span> <span class='ocrx_word' id='word_1_205' title='bbox 741 3225 794 3291; x_wconf 87' lang='lat' dir='ltr'>bic</span> <span class='ocrx_word' id='word_1_206' title='bbox 811 3225 876 3291; x_wconf 88' lang='lat' dir='ltr'>loci</span> <span class='ocrx_word' id='word_1_207' title='bbox 897 3230 958 3304; x_wconf 89' lang='lat' dir='ltr'>est,</span> <span class='ocrx_word' id='word_1_208' title='bbox 979 3225 1163 3309; x_wconf 86' lang='lat' dir='ltr'>praesertim</span> <span class='ocrx_word' id='word_1_209' title='bbox 1179 3225 1213 3288; x_wconf 91' lang='lat' dir='ltr'>in</span> <span class='ocrx_word' id='word_1_210' title='bbox 1231 3225 1375 3289; x_wconf 87' lang='lat' dir='ltr'>transitu</span> 
     </span>
    </p>
   </div>
   <div class='ocr_carea' id='block_1_5' title="bbox 246 3442 1376 4285">
    <p class='ocr_par' dir='ltr' id='par_1_6' title="bbox 249 3442 1376 3853">
     <span class='ocr_line' id='line_1_27' title="bbox 249 3442 1374 3514; baseline 0 -17"><span class='ocrx_word' id='word_1_211' title='bbox 249 3443 271 3510; x_wconf 85' lang='lat'>¹)</span> <span class='ocrx_word' id='word_1_212' title='bbox 292 3442 392 3512; x_wconf 70' lang='lat' dir='ltr'>[Nona</span> <span class='ocrx_word' id='word_1_213' title='bbox 412 3445 545 3514; x_wconf 85' lang='lat' dir='ltr'>Siesbyeo</span> <span class='ocrx_word' id='word_1_214' title='bbox 565 3446 724 3513; x_wconf 84' lang='lat' dir='ltr'>adiuvante,</span> <span class='ocrx_word' id='word_1_215' title='bbox 742 3447 844 3512; x_wconf 86' lang='lat' dir='ltr'>aliena,</span> <span class='ocrx_word' id='word_1_216' title='bbox 863 3445 912 3500; x_wconf 89' lang='lat' dir='ltr'>sed</span> <span class='ocrx_word' id='word_1_217' title='bbox 931 3463 948 3499; x_wconf 90' lang='lat' dir='ltr'>a</span> <span class='ocrx_word' id='word_1_218' title='bbox 966 3444 1106 3514; x_wconf 87' lang='lat' dir='ltr'>prioribus</span> <span class='ocrx_word' id='word_1_219' title='bbox 1126 3445 1230 3498; x_wconf 85' lang='lat' dir='ltr'>omissa</span> <span class='ocrx_word' id='word_1_220' title='bbox 1247 3450 1277 3498; x_wconf 87' lang='lat' dir='ltr'>et</span> <span class='ocrx_word' id='word_1_221' title='bbox 1294 3461 1311 3498; x_wconf 90' lang='lat' dir='ltr'>a</span> <span class='ocrx_word' id='word_1_222' title='bbox 1328 3461 1374 3497; x_wconf 86' lang='lat' dir='ltr'>me</span> 
     </span>
     <span class='ocr_line' id='line_1_28' title="bbox 287 3529 1376 3600; baseline 0.002 -18"><span class='ocrx_word' id='word_1_223' title='bbox 287 3530 390 3583; x_wconf 86' lang='lat' dir='ltr'>iterum</span> <span class='ocrx_word' id='word_1_224' title='bbox 423 3537 545 3597; x_wconf 85' lang='lat' dir='ltr'>reperta,</span> <span class='ocrx_word' id='word_1_225' title='bbox 572 3533 669 3600; x_wconf 87' lang='lat' dir='ltr'>primis</span> <span class='ocrx_word' id='word_1_226' title='bbox 698 3532 859 3587; x_wconf 86' lang='lat' dir='ltr'>auctoribus</span> <span class='ocrx_word' id='word_1_227' title='bbox 884 3529 1002 3584; x_wconf 86' lang='lat' dir='ltr'>reddere</span> <span class='ocrx_word' id='word_1_228' title='bbox 1029 3530 1138 3596; x_wconf 88' lang='lat' dir='ltr'>studui,</span> <span class='ocrx_word' id='word_1_229' title='bbox 1166 3529 1272 3584; x_wconf 88' lang='lat' dir='ltr'>nemini</span> <span class='ocrx_word' id='word_1_230' title='bbox 1293 3529 1376 3599; x_wconf 91' lang='lat' dir='ltr'>plura</span> 
     </span>
     <span class='ocr_line' id='line_1_29' title="bbox 288 3614 1373 3686; baseline 0.002 -19"><span class='ocrx_word' id='word_1_231' title='bbox 288 3632 371 3684; x_wconf 88' lang='lat' dir='ltr'>quam</span> <span class='ocrx_word' id='word_1_232' title='bbox 408 3614 550 3682; x_wconf 87' lang='lat' dir='ltr'>Creverio,</span> <span class='ocrx_word' id='word_1_233' title='bbox 591 3618 669 3671; x_wconf 89' lang='lat' dir='ltr'>cuius</span> <span class='ocrx_word' id='word_1_234' title='bbox 705 3617 792 3686; x_wconf 84' lang='lat' dir='ltr'>ipsius</span> <span class='ocrx_word' id='word_1_235' title='bbox 830 3616 989 3684; x_wconf 87' lang='lat' dir='ltr'>posteriore</span> <span class='ocrx_word' id='word_1_236' title='bbox 1025 3615 1149 3669; x_wconf 85' lang='lat' dir='ltr'>editione</span> <span class='ocrx_word' id='word_1_237' title='bbox 1189 3633 1264 3670; x_wconf 90' lang='lat' dir='ltr'>nunc</span> <span class='ocrx_word' id='word_1_238' title='bbox 1305 3632 1373 3671; x_wconf 87' lang='lat' dir='ltr'>usus</span> 
     </span>
     <span class='ocr_line' id='line_1_30' title="bbox 288 3699 1375 3771; baseline 0.001 -16"><span class='ocrx_word' id='word_1_239' title='bbox 288 3719 360 3768; x_wconf 74' lang='lat' dir='ltr'>sum,</span> <span class='ocrx_word' id='word_1_240' title='bbox 385 3706 467 3754; x_wconf 85' lang='lat' dir='ltr'>antea</span> <span class='ocrx_word' id='word_1_241' title='bbox 490 3718 524 3754; x_wconf 85' lang='lat' dir='ltr'>ea</span> <span class='ocrx_word' id='word_1_242' title='bbox 547 3705 657 3755; x_wconf 82' lang='lat' dir='ltr'>tantum</span> <span class='ocrx_word' id='word_1_243' title='bbox 675 3717 782 3768; x_wconf 88' lang='lat' dir='ltr'>noram,</span> <span class='ocrx_word' id='word_1_244' title='bbox 807 3717 870 3769; x_wconf 84' lang='lat' dir='ltr'>quse</span> <span class='ocrx_word' id='word_1_245' title='bbox 889 3699 1137 3754; x_wconf 81' lang='lat' dir='ltr'>Drakenborchins</span> <span class='ocrx_word' id='word_1_246' title='bbox 1155 3718 1170 3755; x_wconf 95' lang='lat' dir='ltr'>e</span> <span class='ocrx_word' id='word_1_247' title='bbox 1188 3702 1281 3771; x_wconf 85' lang='lat' dir='ltr'>priore</span> <span class='ocrx_word' id='word_1_248' title='bbox 1299 3717 1375 3756; x_wconf 87' lang='lat' dir='ltr'>com-</span> 
     </span>
     <span class='ocr_line' id='line_1_31' title="bbox 287 3783 476 3853; baseline 0 -14"><span class='ocrx_word' id='word_1_249' title='bbox 287 3783 476 3853; x_wconf 82' lang='lat' dir='ltr'>memorarat]</span> 
     </span>
    </p>

    <p class='ocr_par' dir='ltr' id='par_1_7' title="bbox 246 3869 1375 4285">
     <span class='ocr_line' id='line_1_32' title="bbox 246 3869 1373 3942; baseline -0.001 -17"><span class='ocrx_word' id='word_1_250' title='bbox 246 3872 271 3937; x_wconf 74' lang='lat'>²)</span> <span class='ocrx_word' id='word_1_251' title='bbox 291 3873 364 3941; x_wconf 74' lang='lat' dir='ltr'>Quas</span> <span class='ocrx_word' id='word_1_252' title='bbox 392 3872 421 3925; x_wconf 94' lang='lat' dir='ltr'>in</span> <span class='ocrx_word' id='word_1_253' title='bbox 448 3871 528 3925; x_wconf 87' lang='lat' dir='ltr'>libris</span> <span class='ocrx_word' id='word_1_254' title='bbox 551 3872 641 3926; x_wconf 90' lang='lat' dir='ltr'>tribus</span> <span class='ocrx_word' id='word_1_255' title='bbox 664 3873 761 3942; x_wconf 87' lang='lat' dir='ltr'>primis</span> <span class='ocrx_word' id='word_1_256' title='bbox 786 3869 996 3926; x_wconf 81' lang='lat' dir='ltr'>emendationes</span> <span class='ocrx_word' id='word_1_257' title='bbox 1019 3873 1156 3926; x_wconf 85' lang='lat' dir='ltr'>asterisco</span> <span class='ocrx_word' id='word_1_258' title='bbox 1180 3871 1289 3938; x_wconf 85' lang='lat' dir='ltr'>notavi,</span> <span class='ocrx_word' id='word_1_259' title='bbox 1316 3871 1373 3925; x_wconf 86' lang='lat' dir='ltr'>iam</span> 
     </span>
     <span class='ocr_line' id='line_1_33' title="bbox 289 3956 1373 4027; baseline -0.001 -17"><span class='ocrx_word' id='word_1_260' title='bbox 289 3956 364 4027; x_wconf 89' lang='lat' dir='ltr'>apud</span> <span class='ocrx_word' id='word_1_261' title='bbox 382 3957 584 4027; x_wconf 79' lang='lat' dir='ltr'>lngerslevium</span> <span class='ocrx_word' id='word_1_262' title='bbox 607 3959 730 4013; x_wconf 88' lang='lat' dir='ltr'>breviter</span> <span class='ocrx_word' id='word_1_263' title='bbox 752 3956 885 4011; x_wconf 83' lang='lat' dir='ltr'>indicatae</span> <span class='ocrx_word' id='word_1_264' title='bbox 909 3958 1022 4013; x_wconf 89' lang='lat' dir='ltr'>suntin</span> <span class='ocrx_word' id='word_1_265' title='bbox 1041 3958 1100 4012; x_wconf 87' lang='lat' dir='ltr'>eius</span> <span class='ocrx_word' id='word_1_266' title='bbox 1118 3957 1219 4010; x_wconf 89' lang='lat' dir='ltr'>horum</span> <span class='ocrx_word' id='word_1_267' title='bbox 1238 3956 1373 4010; x_wconf 84' lang='lat' dir='ltr'>librorum</span> 
     </span>
     <span class='ocr_line' id='line_1_34' title="bbox 289 4041 1374 4113; baseline -0.001 -16"><span class='ocrx_word' id='word_1_268' title='bbox 289 4045 421 4099; x_wconf 85' lang='lat' dir='ltr'>editione.</span> <span class='ocrx_word' id='word_1_269' title='bbox 466 4041 543 4113; x_wconf 76' lang='lat' dir='ltr'>[Qum</span> <span class='ocrx_word' id='word_1_270' title='bbox 567 4061 641 4098; x_wconf 90' lang='lat' dir='ltr'>nunc</span> <span class='ocrx_word' id='word_1_271' title='bbox 664 4042 768 4098; x_wconf 79' lang='lat' dir='ltr'>additos</span> <span class='ocrx_word' id='word_1_272' title='bbox 791 4048 868 4109; x_wconf 88' lang='lat' dir='ltr'>sunt,</span> <span class='ocrx_word' id='word_1_273' title='bbox 891 4042 925 4097; x_wconf 85' lang='lat' dir='ltr'>iis</span> <span class='ocrx_word' id='word_1_274' title='bbox 947 4043 1106 4113; x_wconf 84' lang='lat' dir='ltr'>adscriptus</span> <span class='ocrx_word' id='word_1_275' title='bbox 1125 4048 1168 4097; x_wconf 84' lang='lat' dir='ltr'>est</span> <span class='ocrx_word' id='word_1_276' title='bbox 1186 4059 1291 4111; x_wconf 85' lang='lat' dir='ltr'>annus,</span> <span class='ocrx_word' id='word_1_277' title='bbox 1316 4059 1374 4110; x_wconf 89' lang='lat' dir='ltr'>quo</span> 
     </span>
     <span class='ocr_line' id='line_1_35' title="bbox 288 4127 1375 4199; baseline 0 -18"><span class='ocrx_word' id='word_1_278' title='bbox 288 4129 317 4182; x_wconf 92' lang='lat' dir='ltr'>in</span> <span class='ocrx_word' id='word_1_279' title='bbox 340 4129 554 4198; x_wconf 83' lang='lat' dir='ltr'>praefationibus</span> <span class='ocrx_word' id='word_1_280' title='bbox 579 4129 754 4199; x_wconf 74' lang='lat' dir='ltr'>singulorum</span> <span class='ocrx_word' id='word_1_281' title='bbox 771 4127 845 4182; x_wconf 87' lang='lat' dir='ltr'>Livii</span> <span class='ocrx_word' id='word_1_282' title='bbox 869 4127 1068 4184; x_wconf 82' lang='lat' dir='ltr'>fasciculorum</span> <span class='ocrx_word' id='word_1_283' title='bbox 1092 4129 1193 4199; x_wconf 83' lang='lat' dir='ltr'>positae</span> <span class='ocrx_word' id='word_1_284' title='bbox 1217 4133 1296 4197; x_wconf 86' lang='lat' dir='ltr'>sunt,</span> <span class='ocrx_word' id='word_1_285' title='bbox 1324 4134 1375 4181; x_wconf 83' lang='lat' dir='ltr'>aut</span> 
     </span>
     <span class='ocr_line' id='line_1_36' title="bbox 288 4211 1338 4285; baseline 0.001 -18"><span class='ocrx_word' id='word_1_286' title='bbox 288 4214 344 4281; x_wconf 89' lang='lat' dir='ltr'>bic,</span> <span class='ocrx_word' id='word_1_287' title='bbox 363 4216 410 4283; x_wconf 82' lang='lat' dir='ltr'>qui</span> <span class='ocrx_word' id='word_1_288' title='bbox 429 4233 504 4270; x_wconf 90' lang='lat' dir='ltr'>nunc</span> <span class='ocrx_word' id='word_1_289' title='bbox 522 4216 624 4285; x_wconf 80' lang='lat' dir='ltr'>agitur,</span> <span class='ocrx_word' id='word_1_290' title='bbox 643 4232 733 4270; x_wconf 86' lang='lat' dir='ltr'>annus</span> <span class='ocrx_word' id='word_1_291' title='bbox 752 4212 850 4282; x_wconf 73' lang='lat'>(1875),</span> <span class='ocrx_word' id='word_1_292' title='bbox 869 4214 893 4268; x_wconf 87' lang='lat' dir='ltr'>si</span> <span class='ocrx_word' id='word_1_293' title='bbox 912 4232 975 4283; x_wconf 79' lang='lat' dir='ltr'>qum</span> <span class='ocrx_word' id='word_1_294' title='bbox 992 4233 1069 4274; x_wconf 87' lang='lat' dir='ltr'>nune</span> <span class='ocrx_word' id='word_1_295' title='bbox 1085 4216 1206 4285; x_wconf 89' lang='lat' dir='ltr'>primum</span> <span class='ocrx_word' id='word_1_296' title='bbox 1225 4211 1338 4282; x_wconf 72' lang='lat' dir='ltr'>editur]</span> 
     </span>
    </p>
   </div>
   <div class='ocr_carea' id='block_1_6' title="bbox 0 0 1536 5272">
    <p class='ocr_par' dir='ltr' id='par_1_8' title="bbox 0 0 1536 5272">
     <span class='ocr_line' id='line_1_37' title="bbox 0 0 1536 5272; baseline 0 0"><span class='ocrx_word' id='word_1_297' title='bbox 0 0 1536 5272; x_wconf 95' lang='lat' dir='ltr'> </span> 
     </span>
    </p>
   </div>
  </div>
 </body>
</html>
