<?xml version="1.0" encoding="UTF-8"?>
<!DOCTYPE html PUBLIC "-//W3C//DTD XHTML 1.0 Transitional//EN"
    "http://www.w3.org/TR/xhtml1/DTD/xhtml1-transitional.dtd">
<html xmlns="http://www.w3.org/1999/xhtml" xml:lang="en" lang="en">
 <head>
  <title>
</title>
<meta http-equiv="Content-Type" content="text/html;charset=utf-8" />
  <meta name='ocr-system' content='tesseract 3.04.00' />
  <meta name='ocr-capabilities' content='ocr_page ocr_carea ocr_par ocr_line ocrx_word'/>
</head>
<body>
  <div class='ocr_page' id='page_1' title='image "./emendationesliv01madvgoog_0097.png"; bbox 0 0 3060 5272; ppageno 0'>
   <div class='ocr_carea' id='block_1_1' title="bbox 214 317 811 389">
    <p class='ocr_par' dir='ltr' id='par_1_1' title="bbox 214 317 811 389">
     <span class='ocr_line' id='line_1_1' title="bbox 214 317 811 389; baseline -0.005 0"><span class='ocrx_word' id='word_1_1' title='bbox 214 332 279 389; x_wconf 73' lang='lat' dir='ltr'>aa.</span> <span class='ocrx_word' id='word_1_2' title='bbox 296 331 345 386; x_wconf 88' lang='lat'>111.</span> <span class='ocrx_word' id='word_1_3' title='bbox 770 317 811 378; x_wconf 82' lang='grc'>88</span> 
     </span>
    </p>
   </div>
   <div class='ocr_carea' id='block_1_2' title="bbox 214 496 1371 586">
    <p class='ocr_par' dir='ltr' id='par_1_2' title="bbox 214 496 1371 586">
     <span class='ocr_line' id='line_1_2' title="bbox 214 496 1371 586; baseline -0.004 -18"><span class='ocrx_word' id='word_1_4' title='bbox 214 504 332 586; x_wconf 87' lang='lat' dir='ltr'>ltaque</span> <span class='ocrx_word' id='word_1_5' title='bbox 355 507 389 566; x_wconf 91' lang='lat' dir='ltr'>st</span> <span class='ocrx_word' id='word_1_6' title='bbox 406 499 561 584; x_wconf 87' lang='lat' dir='ltr'>Siesbyeo</span> <span class='ocrx_word' id='word_1_7' title='bbox 585 506 619 565; x_wconf 90' lang='lat' dir='ltr'>et</span> <span class='ocrx_word' id='word_1_8' title='bbox 640 500 730 583; x_wconf 90' lang='lat' dir='ltr'>mihi,</span> <span class='ocrx_word' id='word_1_9' title='bbox 753 499 850 565; x_wconf 91' lang='lat' dir='ltr'>alteri</span> <span class='ocrx_word' id='word_1_10' title='bbox 873 497 1010 563; x_wconf 88' lang='lat' dir='ltr'>alterins</span> <span class='ocrx_word' id='word_1_11' title='bbox 1027 496 1225 563; x_wconf 73' lang='lat' dir='ltr'>coniecturae</span> <span class='ocrx_word' id='word_1_12' title='bbox 1241 496 1371 581; x_wconf 67' lang='lat' dir='ltr'>ignara</span> 
     </span>
    </p>
   </div>
   <div class='ocr_carea' id='block_1_3' title="bbox 190 602 1372 4124">
    <p class='ocr_par' dir='ltr' id='par_1_3' title="bbox 212 602 1372 1122">
     <span class='ocr_line' id='line_1_3' title="bbox 214 602 1371 691; baseline -0.005 -15"><span class='ocrx_word' id='word_1_13' title='bbox 214 611 248 676; x_wconf 88' lang='lat' dir='ltr'>in</span> <span class='ocrx_word' id='word_1_14' title='bbox 288 614 430 674; x_wconf 89' lang='lat' dir='ltr'>mentem</span> <span class='ocrx_word' id='word_1_15' title='bbox 467 609 570 673; x_wconf 77' lang='lat' dir='ltr'>uenit:</span> <span class='ocrx_word' id='word_1_16' title='bbox 608 607 665 673; x_wconf 91' lang='lat' dir='ltr'>Ne</span> <span class='ocrx_word' id='word_1_17' title='bbox 701 626 797 674; x_wconf 82' lang='lat' dir='ltr'>voce</span> <span class='ocrx_word' id='word_1_18' title='bbox 831 604 993 691; x_wconf 86' lang='lat' dir='ltr'>quidem</span> <span class='ocrx_word' id='word_1_19' title='bbox 1031 603 1233 685; x_wconf 70' lang='lat' dir='ltr'>lnce-noll,</span> <span class='ocrx_word' id='word_1_20' title='bbox 1266 602 1299 669; x_wconf 84' lang='grc'>11</span> <span class='ocrx_word' id='word_1_21' title='bbox 1328 624 1371 685; x_wconf 74' lang='lat' dir='ltr'>a,</span> 
     </span>
     <span class='ocr_line' id='line_1_4' title="bbox 213 709 1372 793; baseline -0.004 -11"><span class='ocrx_word' id='word_1_22' title='bbox 213 716 293 782; x_wconf 89' lang='lat' dir='ltr'>dum</span> <span class='ocrx_word' id='word_1_23' title='bbox 337 720 467 793; x_wconf 79' lang='lat' dir='ltr'>carent,</span> <span class='ocrx_word' id='word_1_24' title='bbox 517 735 559 779; x_wconf 88' lang='lat' dir='ltr'>ne</span> <span class='ocrx_word' id='word_1_25' title='bbox 604 713 656 779; x_wconf 90' lang='lat' dir='ltr'>vel</span> <span class='ocrx_word' id='word_1_26' title='bbox 699 734 779 779; x_wconf 83' lang='lat' dir='ltr'>voce</span> <span class='ocrx_word' id='word_1_27' title='bbox 822 711 1024 779; x_wconf 85' lang='lat' dir='ltr'><strong>incommodi</strong></span> <span class='ocrx_word' id='word_1_28' title='bbox 1067 713 1143 778; x_wconf 88' lang='lat' dir='ltr'>sint.</span> <span class='ocrx_word' id='word_1_29' title='bbox 1211 709 1248 777; x_wconf 90' lang='lat' dir='ltr'>Si</span> <span class='ocrx_word' id='word_1_30' title='bbox 1285 710 1372 777; x_wconf 86' lang='lat' dir='ltr'>alte·</span> 
     </span>
     <span class='ocr_line' id='line_1_5' title="bbox 212 816 1371 905; baseline -0.005 -16"><span class='ocrx_word' id='word_1_31' title='bbox 212 846 287 889; x_wconf 91' lang='lat' dir='ltr'>rum</span> <span class='ocrx_word' id='word_1_32' title='bbox 307 822 420 888; x_wconf 81' lang='lat' dir='ltr'>Livius</span> <span class='ocrx_word' id='word_1_33' title='bbox 449 821 594 905; x_wconf 81' lang='lat' dir='ltr'>scripsit,</span> <span class='ocrx_word' id='word_1_34' title='bbox 627 821 769 905; x_wconf 90' lang='lat' dir='ltr'>perduro</span> <span class='ocrx_word' id='word_1_35' title='bbox 798 841 878 886; x_wconf 88' lang='lat' dir='ltr'>usus</span> <span class='ocrx_word' id='word_1_36' title='bbox 907 825 959 885; x_wconf 90' lang='lat' dir='ltr'>ost</span> <span class='ocrx_word' id='word_1_37' title='bbox 986 819 1132 886; x_wconf 81' lang='lat' dir='ltr'>ablativo</span> <span class='ocrx_word' id='word_1_38' title='bbox 1154 816 1247 885; x_wconf 88' lang='lat' dir='ltr'>modi</span> <span class='ocrx_word' id='word_1_39' title='bbox 1268 838 1371 902; x_wconf 86' lang='lat' dir='ltr'>nega·</span> 
     </span>
     <span class='ocr_line' id='line_1_6' title="bbox 212 924 1371 1012; baseline -0.004 -16"><span class='ocrx_word' id='word_1_40' title='bbox 212 931 281 997; x_wconf 81' lang='lat' dir='ltr'>tiro</span> <span class='ocrx_word' id='word_1_41' title='bbox 305 928 360 1011; x_wconf 89' lang='lat' dir='ltr'>(ne</span> <span class='ocrx_word' id='word_1_42' title='bbox 381 949 461 995; x_wconf 82' lang='lat' dir='ltr'>voce</span> <span class='ocrx_word' id='word_1_43' title='bbox 484 927 616 1012; x_wconf 89' lang='lat' dir='ltr'>quidam</span> <span class='ocrx_word' id='word_1_44' title='bbox 638 926 846 993; x_wconf 88' lang='lat' dir='ltr'>incommoda</span> <span class='ocrx_word' id='word_1_45' title='bbox 866 927 1093 1011; x_wconf 87' lang='lat' dir='ltr'>interposita);</span> <span class='ocrx_word' id='word_1_46' title='bbox 1125 926 1189 992; x_wconf 85' lang='lat' dir='ltr'>vid.</span> <span class='ocrx_word' id='word_1_47' title='bbox 1213 924 1271 993; x_wconf 85' lang='lat' dir='ltr'>Gr.</span> <span class='ocrx_word' id='word_1_48' title='bbox 1295 925 1371 991; x_wconf 81' lang='lat' dir='ltr'>Lat.</span> 
     </span>
     <span class='ocr_line' id='line_1_7' title="bbox 213 1034 494 1122; baseline -0.011 -19"><span class='ocrx_word' id='word_1_49' title='bbox 213 1037 326 1122; x_wconf 74' lang='lat' dir='ltr'>§aar</span> <span class='ocrx_word' id='word_1_50' title='bbox 371 1034 494 1118; x_wconf 84' lang='lat'>(1861.)</span> 
     </span>
    </p>

    <p class='ocr_par' dir='ltr' id='par_1_4' title="bbox 210 1140 1372 2192">
     <span class='ocr_line' id='line_1_8' title="bbox 299 1140 1372 1229; baseline -0.005 -19"><span class='ocrx_word' id='word_1_51' title='bbox 299 1143 380 1229; x_wconf 85' lang='lat' dir='ltr'>Cap.</span> <span class='ocrx_word' id='word_1_52' title='bbox 405 1147 459 1223; x_wconf 86' lang='grc'>18,</span> <span class='ocrx_word' id='word_1_53' title='bbox 491 1148 523 1206; x_wconf 87' lang='lat'>1:</span> <span class='ocrx_word' id='word_1_54' title='bbox 558 1143 705 1208; x_wconf 87' lang='lat' dir='ltr'>Eadem</span> <span class='ocrx_word' id='word_1_55' title='bbox 733 1147 855 1208; x_wconf 88' lang='lat' dir='ltr'>nocte</span> <span class='ocrx_word' id='word_1_56' title='bbox 884 1146 924 1206; x_wconf 88' lang='lat' dir='ltr'>et</span> <span class='ocrx_word' id='word_1_57' title='bbox 952 1140 1172 1206; x_wconf 83' lang='lat' dir='ltr'>Tusculum</span> <span class='ocrx_word' id='word_1_58' title='bbox 1200 1141 1247 1208; x_wconf 87' lang='lat' dir='ltr'>de</span> <span class='ocrx_word' id='word_1_59' title='bbox 1276 1158 1372 1205; x_wconf 81' lang='lat' dir='ltr'>arce</span> 
     </span>
     <span class='ocr_line' id='line_1_9' title="bbox 213 1245 1371 1337; baseline -0.005 -18"><span class='ocrx_word' id='word_1_60' title='bbox 213 1251 534 1337; x_wconf 90' lang='lat' dir='ltr'>capta—nuntii</span> <span class='ocrx_word' id='word_1_61' title='bbox 555 1251 733 1316; x_wconf 80' lang='lat' dir='ltr'>veniunt.</span> <span class='ocrx_word' id='word_1_62' title='bbox 767 1248 859 1313; x_wconf 88' lang='lat' dir='ltr'>Nihil</span> <span class='ocrx_word' id='word_1_63' title='bbox 882 1253 942 1328; x_wconf 86' lang='lat' dir='ltr'>cst,</span> <span class='ocrx_word' id='word_1_64' title='bbox 966 1269 1031 1332; x_wconf 94' lang='lat' dir='ltr'>quo</span> <span class='ocrx_word' id='word_1_65' title='bbox 1054 1254 1093 1313; x_wconf 93' lang='lat' dir='ltr'>et</span> <span class='ocrx_word' id='word_1_66' title='bbox 1113 1245 1231 1313; x_wconf 77' lang='lat' dir='ltr'>referri</span> <span class='ocrx_word' id='word_1_67' title='bbox 1252 1246 1371 1331; x_wconf 82' lang='lat' dir='ltr'>possit</span> 
     </span>
     <span class='ocr_line' id='line_1_10' title="bbox 211 1354 1372 1440; baseline -0.005 -14"><span class='ocrx_word' id='word_1_68' title='bbox 211 1361 330 1427; x_wconf 87' lang='lat' dir='ltr'>Ortum</span> <span class='ocrx_word' id='word_1_69' title='bbox 367 1357 402 1423; x_wconf 87' lang='lat' dir='ltr'>id</span> <span class='ocrx_word' id='word_1_70' title='bbox 436 1362 488 1422; x_wconf 89' lang='lat' dir='ltr'>ast</span> <span class='ocrx_word' id='word_1_71' title='bbox 521 1379 561 1422; x_wconf 85' lang='lat' dir='ltr'>ex</span> <span class='ocrx_word' id='word_1_72' title='bbox 594 1357 814 1440; x_wconf 77' lang='lat' dir='ltr'>geminatione</span> <span class='ocrx_word' id='word_1_73' title='bbox 847 1355 968 1421; x_wconf 86' lang='lat' dir='ltr'>litterae</span> <span class='ocrx_word' id='word_1_74' title='bbox 1000 1354 1217 1440; x_wconf 87' lang='lat' dir='ltr'>praeoadentis</span> <span class='ocrx_word' id='word_1_75' title='bbox 1250 1360 1287 1420; x_wconf 87' lang='lat' dir='ltr'>et</span> <span class='ocrx_word' id='word_1_76' title='bbox 1317 1374 1372 1420; x_wconf 84' lang='lat' dir='ltr'>ae·</span> 
     </span>
     <span class='ocr_line' id='line_1_11' title="bbox 213 1460 1372 1550; baseline -0.003 -20"><span class='ocrx_word' id='word_1_77' title='bbox 213 1466 354 1550; x_wconf 91' lang='lat' dir='ltr'>quentis,</span> <span class='ocrx_word' id='word_1_78' title='bbox 383 1464 661 1548; x_wconf 88' lang='lat' dir='ltr'>quemadmodum</span> <span class='ocrx_word' id='word_1_79' title='bbox 682 1463 737 1543; x_wconf 90' lang='lat' dir='ltr'>IV,</span> <span class='ocrx_word' id='word_1_80' title='bbox 765 1467 794 1542; x_wconf 87' lang='grc'>8,</span> <span class='ocrx_word' id='word_1_81' title='bbox 818 1469 839 1527; x_wconf 84' lang='grc'>4</span> <span class='ocrx_word' id='word_1_82' title='bbox 860 1484 920 1547; x_wconf 94' lang='lat' dir='ltr'>pro</span> <span class='ocrx_word' id='word_1_83' title='bbox 943 1462 1223 1545; x_wconf 75' lang='lat' dir='ltr'>custoditeque</span> <span class='ocrx_word' id='word_1_84' title='bbox 1245 1460 1372 1527; x_wconf 75' lang='lat' dir='ltr'>tabu-</span> 
     </span>
     <span class='ocr_line' id='line_1_12' title="bbox 210 1569 1370 1655; baseline -0.003 -17"><span class='ocrx_word' id='word_1_85' title='bbox 210 1573 339 1638; x_wconf 90' lang='lat' dir='ltr'>larum</span> <span class='ocrx_word' id='word_1_86' title='bbox 362 1571 519 1654; x_wconf 86' lang='lat' dir='ltr'>scriptum</span> <span class='ocrx_word' id='word_1_87' title='bbox 543 1591 643 1655; x_wconf 81' lang='lat' dir='ltr'>pravo</span> <span class='ocrx_word' id='word_1_88' title='bbox 667 1591 738 1637; x_wconf 92' lang='lat' dir='ltr'>esse</span> <span class='ocrx_word' id='word_1_89' title='bbox 761 1569 1046 1653; x_wconf 78' lang='lat' dir='ltr'>custodiaque</span> <span class='ocrx_word' id='word_1_90' title='bbox 1075 1575 1115 1634; x_wconf 87' lang='lat' dir='ltr'>ct</span> <span class='ocrx_word' id='word_1_91' title='bbox 1136 1569 1370 1635; x_wconf 89' lang='lat' dir='ltr'>tabularum</span> 
     </span>
     <span class='ocr_line' id='line_1_13' title="bbox 212 1675 1369 1745; baseline -0.003 -1"><span class='ocrx_word' id='word_1_92' title='bbox 212 1677 385 1745; x_wconf 82' lang='lat' dir='ltr'>Creverius</span> <span class='ocrx_word' id='word_1_93' title='bbox 417 1678 508 1743; x_wconf 82' lang='lat' dir='ltr'>vidit.</span> <span class='ocrx_word' id='word_1_94' title='bbox 562 1677 712 1743; x_wconf 86' lang='lat' dir='ltr'>Eundem</span> <span class='ocrx_word' id='word_1_95' title='bbox 745 1697 890 1742; x_wconf 87' lang='lat' dir='ltr'>errorem</span> <span class='ocrx_word' id='word_1_96' title='bbox 925 1678 960 1742; x_wconf 90' lang='grc'>111</span> <span class='ocrx_word' id='word_1_97' title='bbox 988 1676 1105 1742; x_wconf 90' lang='lat' dir='ltr'>iisdem</span> <span class='ocrx_word' id='word_1_98' title='bbox 1133 1675 1252 1742; x_wconf 82' lang='lat' dir='ltr'>littoris</span> <span class='ocrx_word' id='word_1_99' title='bbox 1279 1697 1369 1744; x_wconf 88' lang='lat' dir='ltr'>eom·</span> 
     </span>
     <span class='ocr_line' id='line_1_14' title="bbox 211 1781 1372 1852; baseline -0.001 -1"><span class='ocrx_word' id='word_1_100' title='bbox 211 1787 346 1851; x_wconf 85' lang='lat' dir='ltr'>missum</span> <span class='ocrx_word' id='word_1_101' title='bbox 373 1785 485 1852; x_wconf 80' lang='lat' dir='ltr'>notari</span> <span class='ocrx_word' id='word_1_102' title='bbox 510 1785 588 1851; x_wconf 93' lang='lat' dir='ltr'>olim</span> <span class='ocrx_word' id='word_1_103' title='bbox 610 1786 645 1850; x_wconf 92' lang='lat' dir='ltr'>in</span> <span class='ocrx_word' id='word_1_104' title='bbox 668 1782 836 1850; x_wconf 80' lang='lat' dir='ltr'><strong>Ciceronis</strong></span> <span class='ocrx_word' id='word_1_105' title='bbox 857 1783 1018 1850; x_wconf 89' lang='lat' dir='ltr'>librorum</span> <span class='ocrx_word' id='word_1_106' title='bbox 1040 1783 1081 1848; x_wconf 88' lang='lat' dir='ltr'>dc</span> <span class='ocrx_word' id='word_1_107' title='bbox 1103 1782 1175 1849; x_wconf 87' lang='lat' dir='ltr'>Fin.</span> <span class='ocrx_word' id='word_1_108' title='bbox 1198 1781 1372 1850; x_wconf 77' lang='lat' dir='ltr'><strong>codicibus</strong></span> 
     </span>
     <span class='ocr_line' id='line_1_15' title="bbox 211 1889 1371 1977; baseline -0.001 -19"><span class='ocrx_word' id='word_1_109' title='bbox 211 1891 402 1976; x_wconf 83' lang='lat' dir='ltr'>vulgaribus</span> <span class='ocrx_word' id='word_1_110' title='bbox 430 1891 477 1972; x_wconf 90' lang='grc' dir='ltr'>Π,</span> <span class='ocrx_word' id='word_1_111' title='bbox 506 1896 562 1972; x_wconf 80' lang='lat'>25,</span> <span class='ocrx_word' id='word_1_112' title='bbox 590 1897 632 1957; x_wconf 85' lang='grc'>84</span> <span class='ocrx_word' id='word_1_113' title='bbox 661 1891 870 1977; x_wconf 70' lang='lat' dir='ltr'>(preclare</span> <span class='ocrx_word' id='word_1_114' title='bbox 899 1897 939 1956; x_wconf 88' lang='lat' dir='ltr'>et</span> <span class='ocrx_word' id='word_1_115' title='bbox 966 1890 1150 1973; x_wconf 89' lang='lat' dir='ltr'>tuebere)</span> <span class='ocrx_word' id='word_1_116' title='bbox 1174 1891 1263 1956; x_wconf 87' lang='lat' dir='ltr'>etin</span> <span class='ocrx_word' id='word_1_117' title='bbox 1285 1889 1371 1957; x_wconf 85' lang='lat' dir='ltr'>Sua·</span> 
     </span>
     <span class='ocr_line' id='line_1_16' title="bbox 210 1996 1371 2084; baseline -0.001 -19"><span class='ocrx_word' id='word_1_118' title='bbox 210 2001 295 2066; x_wconf 90' lang='lat' dir='ltr'>tonii</span> <span class='ocrx_word' id='word_1_119' title='bbox 328 1997 444 2064; x_wconf 80' lang='lat' dir='ltr'>Claud.</span> <span class='ocrx_word' id='word_1_120' title='bbox 472 2021 499 2064; x_wconf 94' lang='lat' dir='ltr'>c.</span> <span class='ocrx_word' id='word_1_121' title='bbox 523 2004 562 2064; x_wconf 80' lang='lat'>21</span> <span class='ocrx_word' id='word_1_122' title='bbox 593 1996 782 2082; x_wconf 87' lang='lat' dir='ltr'>(utraque</span> <span class='ocrx_word' id='word_1_123' title='bbox 816 2004 856 2063; x_wconf 88' lang='lat' dir='ltr'>et</span> <span class='ocrx_word' id='word_1_124' title='bbox 887 1998 1064 2083; x_wconf 89' lang='lat' dir='ltr'>tophina</span> <span class='ocrx_word' id='word_1_125' title='bbox 1097 2019 1158 2082; x_wconf 93' lang='lat' dir='ltr'>pro</span> <span class='ocrx_word' id='word_1_126' title='bbox 1192 2004 1371 2084; x_wconf 81' lang='lat' dir='ltr'>utraque</span> 
     </span>
     <span class='ocr_line' id='line_1_17' title="bbox 210 2106 408 2192; baseline 0 -20"><span class='ocrx_word' id='word_1_127' title='bbox 210 2106 408 2192; x_wconf 88' lang='lat' dir='ltr'>tophina).</span> 
     </span>
    </p>

    <p class='ocr_par' dir='ltr' id='par_1_5' title="bbox 190 2211 1372 4124">
     <span class='ocr_line' id='line_1_18' title="bbox 296 2211 1370 2299; baseline -0.001 -20"><span class='ocrx_word' id='word_1_128' title='bbox 296 2212 376 2299; x_wconf 84' lang='lat' dir='ltr'>Gap.</span> <span class='ocrx_word' id='word_1_129' title='bbox 403 2218 457 2292; x_wconf 86' lang='lat'>19,</span> <span class='ocrx_word' id='word_1_130' title='bbox 487 2212 576 2295; x_wconf 87' lang='grc'>6(111</span> <span class='ocrx_word' id='word_1_131' title='bbox 598 2213 634 2278; x_wconf 91' lang='lat' dir='ltr'>L.</span> <span class='ocrx_word' id='word_1_132' title='bbox 659 2212 804 2291; x_wconf 88' lang='lat' dir='ltr'>Quinctii</span> <span class='ocrx_word' id='word_1_133' title='bbox 828 2212 973 2278; x_wconf 84' lang='lat' dir='ltr'>consulis</span> <span class='ocrx_word' id='word_1_134' title='bbox 996 2211 1177 2295; x_wconf 85' lang='lat' dir='ltr'>oratione):</span> <span class='ocrx_word' id='word_1_135' title='bbox 1210 2212 1370 2279; x_wconf 86' lang='lat' dir='ltr'>Herdo-</span> 
     </span>
     <span class='ocr_line' id='line_1_19' title="bbox 209 2318 1372 2404; baseline 0 -17"><span class='ocrx_word' id='word_1_136' title='bbox 209 2323 308 2387; x_wconf 83' lang='lat' dir='ltr'>nius</span> <span class='ocrx_word' id='word_1_137' title='bbox 417 2320 578 2387; x_wconf 79' lang='lat' dir='ltr'>hostem</span> <span class='ocrx_word' id='word_1_138' title='bbox 601 2342 641 2386; x_wconf 91' lang='lat' dir='ltr'>se</span> <span class='ocrx_word' id='word_1_139' title='bbox 663 2320 833 2387; x_wconf 86' lang='lat' dir='ltr'>fatendo</span> <span class='ocrx_word' id='word_1_140' title='bbox 854 2340 981 2404; x_wconf 87' lang='lat' dir='ltr'><strong>prope</strong></span> <span class='ocrx_word' id='word_1_141' title='bbox 1004 2318 1286 2401; x_wconf 84' lang='lat' dir='ltr'>denuntiavit,</span> <span class='ocrx_word' id='word_1_142' title='bbox 1324 2327 1372 2387; x_wconf 88' lang='lat' dir='ltr'>ut</span> 
     </span>
     <span class='ocr_line' id='line_1_20' title="bbox 211 2425 1372 2512; baseline 0.001 -19"><span class='ocrx_word' id='word_1_143' title='bbox 211 2449 325 2493; x_wconf 90' lang='lat' dir='ltr'>arma</span> <span class='ocrx_word' id='word_1_144' title='bbox 363 2428 590 2512; x_wconf 86' lang='lat' dir='ltr'>caperetis;</span> <span class='ocrx_word' id='word_1_145' title='bbox 629 2428 694 2493; x_wconf 86' lang='lat' dir='ltr'>hio</span> <span class='ocrx_word' id='word_1_146' title='bbox 727 2425 994 2508; x_wconf 59' lang='grc'>(1111311111)</span> <span class='ocrx_word' id='word_1_147' title='bbox 1027 2426 1214 2510; x_wconf 87' lang='lat' dir='ltr'>negando</span> <span class='ocrx_word' id='word_1_148' title='bbox 1254 2427 1372 2494; x_wconf 86' lang='lat' dir='ltr'>bella</span> 
     </span>
     <span class='ocr_line' id='line_1_21' title="bbox 211 2534 1372 2618; baseline 0.002 -18"><span class='ocrx_word' id='word_1_149' title='bbox 211 2556 303 2600; x_wconf 91' lang='lat' dir='ltr'>esse</span> <span class='ocrx_word' id='word_1_150' title='bbox 337 2555 452 2601; x_wconf 91' lang='lat' dir='ltr'>arma</span> <span class='ocrx_word' id='word_1_151' title='bbox 478 2534 597 2600; x_wconf 84' lang='lat' dir='ltr'>vobis</span> <span class='ocrx_word' id='word_1_152' title='bbox 626 2535 777 2601; x_wconf 82' lang='lat' dir='ltr'>ademit</span> <span class='ocrx_word' id='word_1_153' title='bbox 806 2534 1020 2618; x_wconf 87' lang='lat' dir='ltr'>nudosque</span> <span class='ocrx_word' id='word_1_154' title='bbox 1049 2534 1188 2600; x_wconf 86' lang='lat' dir='ltr'>servis</span> <span class='ocrx_word' id='word_1_155' title='bbox 1215 2537 1372 2602; x_wconf 83' lang='lat' dir='ltr'>vestris</span> 
     </span>
     <span class='ocr_line' id='line_1_22' title="bbox 211 2640 1370 2725; baseline 0.003 -19"><span class='ocrx_word' id='word_1_156' title='bbox 211 2648 251 2706; x_wconf 86' lang='lat' dir='ltr'>ct</span> <span class='ocrx_word' id='word_1_157' title='bbox 279 2641 495 2707; x_wconf 89' lang='lat' dir='ltr'>exsulibus</span> <span class='ocrx_word' id='word_1_158' title='bbox 524 2642 693 2707; x_wconf 90' lang='lat' dir='ltr'>obiecit.</span> <span class='ocrx_word' id='word_1_159' title='bbox 748 2641 827 2724; x_wconf 88' lang='lat' dir='ltr'>Ipsa</span> <span class='ocrx_word' id='word_1_160' title='bbox 847 2640 949 2706; x_wconf 83' lang='lat' dir='ltr'>rerba</span> <span class='ocrx_word' id='word_1_161' title='bbox 970 2641 1127 2720; x_wconf 88' lang='lat' dir='ltr'>clamant,</span> <span class='ocrx_word' id='word_1_162' title='bbox 1161 2643 1215 2725; x_wconf 87' lang='lat' dir='ltr'>agi</span> <span class='ocrx_word' id='word_1_163' title='bbox 1237 2641 1278 2708; x_wconf 75' lang='lat' dir='ltr'>rie</span> <span class='ocrx_word' id='word_1_164' title='bbox 1300 2664 1370 2709; x_wconf 89' lang='lat' dir='ltr'>uno</span> 
     </span>
     <span class='ocr_line' id='line_1_23' title="bbox 190 2745 1369 2833; baseline -0.003 -14"><span class='ocrx_word' id='word_1_165' title='bbox 190 2745 378 2831; x_wconf 79' lang='lat' dir='ltr'>,Capitolio</span> <span class='ocrx_word' id='word_1_166' title='bbox 412 2755 525 2832; x_wconf 89' lang='lat' dir='ltr'>capto,</span> <span class='ocrx_word' id='word_1_167' title='bbox 564 2749 719 2833; x_wconf 84' lang='lat' dir='ltr'>nullaque</span> <span class='ocrx_word' id='word_1_168' title='bbox 758 2749 825 2813; x_wconf 91' lang='lat' dir='ltr'>alia</span> <span class='ocrx_word' id='word_1_169' title='bbox 865 2747 955 2815; x_wconf 91' lang='lat' dir='ltr'>bella</span> <span class='ocrx_word' id='word_1_170' title='bbox 996 2747 1191 2831; x_wconf 82' lang='lat' dir='ltr'>significari3</span> <span class='ocrx_word' id='word_1_171' title='bbox 1231 2756 1369 2816; x_wconf 89' lang='lat' dir='ltr'>contan-</span> 
     </span>
     <span class='ocr_line' id='line_1_24' title="bbox 211 2854 1371 2938; baseline 0.002 -18"><span class='ocrx_word' id='word_1_172' title='bbox 211 2855 329 2920; x_wconf 88' lang='lat' dir='ltr'>derant</span> <span class='ocrx_word' id='word_1_173' title='bbox 358 2856 445 2920; x_wconf 90' lang='lat' dir='ltr'>enim</span> <span class='ocrx_word' id='word_1_174' title='bbox 472 2854 596 2921; x_wconf 88' lang='lat' dir='ltr'>tribuni</span> <span class='ocrx_word' id='word_1_175' title='bbox 619 2855 661 2938; x_wconf 85' lang='lat' dir='ltr'>(c.</span> <span class='ocrx_word' id='word_1_176' title='bbox 687 2862 735 2935; x_wconf 88' lang='lat'>16,</span> <span class='ocrx_word' id='word_1_177' title='bbox 759 2855 803 2938; x_wconf 82' lang='lat'>5),</span> <span class='ocrx_word' id='word_1_178' title='bbox 826 2878 903 2922; x_wconf 91' lang='lat' dir='ltr'>non</span> <span class='ocrx_word' id='word_1_179' title='bbox 931 2855 1099 2935; x_wconf 87' lang='lat' dir='ltr'>bellum,</span> <span class='ocrx_word' id='word_1_180' title='bbox 1133 2855 1206 2922; x_wconf 86' lang='lat' dir='ltr'>sed</span> <span class='ocrx_word' id='word_1_181' title='bbox 1228 2878 1371 2924; x_wconf 83' lang='lat' dir='ltr'>vanam</span> 
     </span>
     <span class='ocr_line' id='line_1_25' title="bbox 210 2962 1369 3048; baseline 0.004 -22"><span class='ocrx_word' id='word_1_182' title='bbox 210 2963 427 3046; x_wconf 82' lang='lat' dir='ltr'>imaginem</span> <span class='ocrx_word' id='word_1_183' title='bbox 465 2962 568 3028; x_wconf 90' lang='lat' dir='ltr'>belli</span> <span class='ocrx_word' id='word_1_184' title='bbox 602 2962 854 3048; x_wconf 82' lang='lat' dir='ltr'>Capitolium</span> <span class='ocrx_word' id='word_1_185' title='bbox 894 2963 1118 3045; x_wconf 85' lang='lat' dir='ltr'>insedisse;</span> <span class='ocrx_word' id='word_1_186' title='bbox 1151 2984 1258 3048; x_wconf 89' lang='lat' dir='ltr'>neque</span> <span class='ocrx_word' id='word_1_187' title='bbox 1296 2963 1369 3031; x_wconf 85' lang='lat' dir='ltr'>ulla</span> 
     </span>
     <span class='ocr_line' id='line_1_26' title="bbox 211 3068 1370 3156; baseline 0.003 -22"><span class='ocrx_word' id='word_1_188' title='bbox 211 3068 265 3134; x_wconf 89' lang='lat' dir='ltr'>hic</span> <span class='ocrx_word' id='word_1_189' title='bbox 293 3069 400 3153; x_wconf 87' lang='lat' dir='ltr'>figura</span> <span class='ocrx_word' id='word_1_190' title='bbox 427 3069 505 3153; x_wconf 85' lang='lat' dir='ltr'>fingi</span> <span class='ocrx_word' id='word_1_191' title='bbox 534 3078 660 3156; x_wconf 87' lang='lat' dir='ltr'>potest,</span> <span class='ocrx_word' id='word_1_192' title='bbox 694 3092 759 3155; x_wconf 91' lang='lat' dir='ltr'>qua</span> <span class='ocrx_word' id='word_1_193' title='bbox 788 3071 926 3154; x_wconf 88' lang='lat' dir='ltr'>pluralis</span> <span class='ocrx_word' id='word_1_194' title='bbox 948 3092 1008 3154; x_wconf 93' lang='lat' dir='ltr'>pro</span> <span class='ocrx_word' id='word_1_195' title='bbox 1033 3070 1192 3154; x_wconf 86' lang='lat' dir='ltr'>singulari</span> <span class='ocrx_word' id='word_1_196' title='bbox 1213 3078 1370 3155; x_wconf 87' lang='lat' dir='ltr'>ponatur.</span> 
     </span>
     <span class='ocr_line' id='line_1_27' title="bbox 213 3176 1368 3264; baseline 0.004 -23"><span class='ocrx_word' id='word_1_197' title='bbox 213 3176 331 3261; x_wconf 89' lang='lat' dir='ltr'>ltaque</span> <span class='ocrx_word' id='word_1_198' title='bbox 365 3198 464 3260; x_wconf 89' lang='lat' dir='ltr'>cogor</span> <span class='ocrx_word' id='word_1_199' title='bbox 497 3178 609 3244; x_wconf 88' lang='lat' dir='ltr'>bella</span> <span class='ocrx_word' id='word_1_200' title='bbox 643 3201 703 3264; x_wconf 91' lang='lat' dir='ltr'>pro</span> <span class='ocrx_word' id='word_1_201' title='bbox 731 3178 883 3244; x_wconf 89' lang='lat' dir='ltr'>bellum</span> <span class='ocrx_word' id='word_1_202' title='bbox 912 3199 1022 3244; x_wconf 88' lang='lat' dir='ltr'>errore</span> <span class='ocrx_word' id='word_1_203' title='bbox 1052 3179 1211 3262; x_wconf 89' lang='lat' dir='ltr'>scriptum</span> <span class='ocrx_word' id='word_1_204' title='bbox 1238 3185 1368 3263; x_wconf 85' lang='lat' dir='ltr'>putare.</span> 
     </span>
     <span class='ocr_line' id='line_1_28' title="bbox 212 3284 1370 3370; baseline 0.003 -21"><span class='ocrx_word' id='word_1_205' title='bbox 212 3284 336 3367; x_wconf 85' lang='grc'>(1861.)</span> <span class='ocrx_word' id='word_1_206' title='bbox 382 3284 508 3351; x_wconf 86' lang='lat' dir='ltr'>Eodem</span> <span class='ocrx_word' id='word_1_207' title='bbox 531 3288 639 3369; x_wconf 89' lang='lat' dir='ltr'>capite</span> <span class='ocrx_word' id='word_1_208' title='bbox 662 3285 679 3370; x_wconf 62' lang='grc' dir='ltr'><strong>ἕ</strong></span> <span class='ocrx_word' id='word_1_209' title='bbox 704 3292 758 3351; x_wconf 93' lang='lat' dir='ltr'>ll:</span> <span class='ocrx_word' id='word_1_210' title='bbox 788 3288 837 3351; x_wconf 84' lang='lat' dir='ltr'>At</span> <span class='ocrx_word' id='word_1_211' title='bbox 859 3287 965 3351; x_wconf 90' lang='lat' dir='ltr'>enim</span> <span class='ocrx_word' id='word_1_212' title='bbox 986 3286 1178 3368; x_wconf 86' lang='lat' dir='ltr'>—legem</span> <span class='ocrx_word' id='word_1_213' title='bbox 1200 3307 1271 3352; x_wconf 82' lang='lat' dir='ltr'>vos</span> <span class='ocrx_word' id='word_1_214' title='bbox 1292 3286 1370 3353; x_wconf 90' lang='lat' dir='ltr'>hoc</span> 
     </span>
     <span class='ocr_line' id='line_1_29' title="bbox 210 3392 1369 3477; baseline 0.003 -20"><span class='ocrx_word' id='word_1_215' title='bbox 210 3414 315 3457; x_wconf 90' lang='lat' dir='ltr'>anno</span> <span class='ocrx_word' id='word_1_216' title='bbox 344 3392 583 3477; x_wconf 78' lang='lat' dir='ltr'>perlaturos</span> <span class='ocrx_word' id='word_1_217' title='bbox 606 3394 830 3460; x_wconf 89' lang='lat' dir='ltr'>dictitatis.</span> <span class='ocrx_word' id='word_1_218' title='bbox 879 3392 976 3458; x_wconf 90' lang='lat' dir='ltr'>Tum</span> <span class='ocrx_word' id='word_1_219' title='bbox 999 3393 1168 3459; x_wconf 88' lang='lat' dir='ltr'>hercule</span> <span class='ocrx_word' id='word_1_220' title='bbox 1190 3392 1269 3459; x_wconf 92' lang='lat' dir='ltr'>illo</span> <span class='ocrx_word' id='word_1_221' title='bbox 1291 3393 1369 3473; x_wconf 87' lang='lat' dir='ltr'>die,</span> 
     </span>
     <span class='ocr_line' id='line_1_30' title="bbox 210 3500 1372 3585; baseline 0.004 -21"><span class='ocrx_word' id='word_1_222' title='bbox 210 3520 287 3583; x_wconf 91' lang='lat' dir='ltr'>quo</span> <span class='ocrx_word' id='word_1_223' title='bbox 311 3520 382 3583; x_wconf 86' lang='lat' dir='ltr'>ego</span> <span class='ocrx_word' id='word_1_224' title='bbox 402 3501 548 3565; x_wconf 89' lang='lat' dir='ltr'>consul</span> <span class='ocrx_word' id='word_1_225' title='bbox 567 3522 650 3565; x_wconf 91' lang='lat' dir='ltr'>sum</span> <span class='ocrx_word' id='word_1_226' title='bbox 669 3508 843 3580; x_wconf 85' lang='lat' dir='ltr'>creatus,</span> <span class='ocrx_word' id='word_1_227' title='bbox 860 3501 965 3566; x_wconf 89' lang='lat' dir='ltr'>mala</span> <span class='ocrx_word' id='word_1_228' title='bbox 982 3507 1178 3584; x_wconf 88' lang='lat' dir='ltr'>gestares</span> <span class='ocrx_word' id='word_1_229' title='bbox 1196 3500 1372 3585; x_wconf 91' lang='lat' dir='ltr'>publica</span> 
     </span>
     <span class='ocr_line' id='line_1_31' title="bbox 210 3607 1369 3693; baseline 0.003 -22"><span class='ocrx_word' id='word_1_230' title='bbox 210 3612 281 3686; x_wconf 89' lang='lat' dir='ltr'>est,</span> <span class='ocrx_word' id='word_1_231' title='bbox 304 3608 420 3691; x_wconf 90' lang='lat' dir='ltr'>peius</span> <span class='ocrx_word' id='word_1_232' title='bbox 444 3608 581 3686; x_wconf 89' lang='lat' dir='ltr'>multo,</span> <span class='ocrx_word' id='word_1_233' title='bbox 605 3629 724 3692; x_wconf 89' lang='lat' dir='ltr'>quam</span> <span class='ocrx_word' id='word_1_234' title='bbox 742 3628 863 3691; x_wconf 92' lang='lat' dir='ltr'>quum</span> <span class='ocrx_word' id='word_1_235' title='bbox 882 3607 917 3671; x_wconf 90' lang='lat' dir='ltr'>P.</span> <span class='ocrx_word' id='word_1_236' title='bbox 935 3608 1127 3674; x_wconf 90' lang='lat' dir='ltr'>Valerius</span> <span class='ocrx_word' id='word_1_237' title='bbox 1145 3609 1288 3674; x_wconf 89' lang='lat' dir='ltr'>consul</span> <span class='ocrx_word' id='word_1_238' title='bbox 1304 3630 1369 3693; x_wconf 88' lang='lat' dir='ltr'>pe-</span> 
     </span>
     <span class='ocr_line' id='line_1_32' title="bbox 208 3714 1367 3801; baseline 0.004 -23"><span class='ocrx_word' id='word_1_239' title='bbox 208 3714 294 3793; x_wconf 87' lang='lat' dir='ltr'>riit,</span> <span class='ocrx_word' id='word_1_240' title='bbox 317 3714 351 3779; x_wconf 95' lang='lat' dir='ltr'>si</span> <span class='ocrx_word' id='word_1_241' title='bbox 374 3714 571 3780; x_wconf 87' lang='lat' dir='ltr'>tuleritis.</span> <span class='ocrx_word' id='word_1_242' title='bbox 607 3716 813 3800; x_wconf 88' lang='lat' dir='ltr'>Ineptissimc</span> <span class='ocrx_word' id='word_1_243' title='bbox 831 3715 992 3794; x_wconf 84' lang='lat' dir='ltr'>condicio,</span> <span class='ocrx_word' id='word_1_244' title='bbox 1011 3737 1084 3800; x_wconf 77' lang='lat' dir='ltr'>qua</span> <span class='ocrx_word' id='word_1_245' title='bbox 1101 3716 1269 3801; x_wconf 87' lang='lat' dir='ltr'>particula</span> <span class='ocrx_word' id='word_1_246' title='bbox 1284 3722 1367 3783; x_wconf 88' lang='lat' dir='ltr'>tum</span> 
     </span>
     <span class='ocr_line' id='line_1_33' title="bbox 210 3820 1369 3908; baseline 0.004 -23"><span class='ocrx_word' id='word_1_247' title='bbox 210 3820 253 3885; x_wconf 87' lang='lat' dir='ltr'>ad</span> <span class='ocrx_word' id='word_1_248' title='bbox 277 3821 449 3906; x_wconf 84' lang='lat' dir='ltr'>superiora</span> <span class='ocrx_word' id='word_1_249' title='bbox 470 3823 576 3888; x_wconf 90' lang='lat' dir='ltr'>relata</span> <span class='ocrx_word' id='word_1_250' title='bbox 593 3830 718 3889; x_wconf 87' lang='lat' dir='ltr'>etcum</span> <span class='ocrx_word' id='word_1_251' title='bbox 736 3824 999 3893; x_wconf 84' lang='lat' dir='ltr'>adversariorum</span> <span class='ocrx_word' id='word_1_252' title='bbox 1016 3824 1114 3889; x_wconf 89' lang='lat' dir='ltr'>minis</span> <span class='ocrx_word' id='word_1_253' title='bbox 1132 3844 1279 3890; x_wconf 85' lang='lat' dir='ltr'>connexa</span> <span class='ocrx_word' id='word_1_254' title='bbox 1292 3844 1369 3908; x_wconf 82' lang='lat' dir='ltr'>gra·</span> 
     </span>
     <span class='ocr_line' id='line_1_34' title="bbox 208 3928 1367 4016; baseline 0.004 -25"><span class='ocrx_word' id='word_1_255' title='bbox 208 3928 294 3992; x_wconf 84' lang='lat' dir='ltr'>riter</span> <span class='ocrx_word' id='word_1_256' title='bbox 316 3934 350 3994; x_wconf 90' lang='lat' dir='ltr'>et</span> <span class='ocrx_word' id='word_1_257' title='bbox 372 3929 515 3995; x_wconf 88' lang='lat' dir='ltr'>breviter</span> <span class='ocrx_word' id='word_1_258' title='bbox 538 3930 724 4014; x_wconf 86' lang='lat' dir='ltr'>significata</span> <span class='ocrx_word' id='word_1_259' title='bbox 747 3938 812 4011; x_wconf 91' lang='lat' dir='ltr'>est,</span> <span class='ocrx_word' id='word_1_260' title='bbox 840 3932 1003 4014; x_wconf 88' lang='lat' dir='ltr'>repetitur</span> <span class='ocrx_word' id='word_1_261' title='bbox 1024 3933 1057 3996; x_wconf 93' lang='lat' dir='ltr'>in</span> <span class='ocrx_word' id='word_1_262' title='bbox 1080 3930 1146 3997; x_wconf 88' lang='lat' dir='ltr'>fine</span> <span class='ocrx_word' id='word_1_263' title='bbox 1167 3931 1297 4016; x_wconf 90' lang='lat' dir='ltr'>periodi</span> <span class='ocrx_word' id='word_1_264' title='bbox 1318 3931 1367 4013; x_wconf 84' lang='lat' dir='ltr'>(si</span> 
     </span>
     <span class='ocr_line' id='line_1_35' title="bbox 209 4035 1367 4124; baseline 0.004 -26"><span class='ocrx_word' id='word_1_265' title='bbox 209 4035 427 4118; x_wconf 84' lang='lat' dir='ltr'>tuleritis),</span> <span class='ocrx_word' id='word_1_266' title='bbox 450 4041 633 4123; x_wconf 71' lang='lat' dir='ltr'>praesertim</span> <span class='ocrx_word' id='word_1_267' title='bbox 651 4045 728 4124; x_wconf 87' lang='lat' dir='ltr'>post</span> <span class='ocrx_word' id='word_1_268' title='bbox 745 4038 935 4103; x_wconf 88' lang='lat' dir='ltr'>adiunctam</span> <span class='ocrx_word' id='word_1_269' title='bbox 953 4038 1241 4122; x_wconf 88' lang='lat' dir='ltr'>amplificationem</span> <span class='ocrx_word' id='word_1_270' title='bbox 1258 4038 1367 4104; x_wconf 81' lang='lat' dir='ltr'>illam:</span> 
     </span>
    </p>
   </div>
   <div class='ocr_carea' id='block_1_4' title="bbox 0 0 1534 5272">
    <p class='ocr_par' dir='ltr' id='par_1_6' title="bbox 0 0 1534 5272">
     <span class='ocr_line' id='line_1_36' title="bbox 0 0 1534 5272; baseline 0 1"><span class='ocrx_word' id='word_1_271' title='bbox 0 0 1534 5272; x_wconf 95' lang='lat' dir='ltr'> </span> 
     </span>
    </p>
   </div>
  </div>
 </body>
</html>
