3060 5272
236 354 299 409 Lib.
316 353 402 409 XLII.
778 341 838 402 646

323 524 402 610 Cap.
426 528 477 607 43,
502 530 528 591 l.
574 524 680 590 Huius
715 525 833 609 capitis
865 524 1011 603 initium,
1039 522 1213 590 manifesto
1242 521 1389 607 plurium

237 633 411 699 verborum
430 631 562 700 defectu
577 632 745 713 laborans,
766 631 923 717 Grynaeus
940 631 1066 698 frustra
1088 629 1328 716 interpolando,
1350 635 1390 695 nt

236 744 402 826 integrum
424 741 598 821 videretur,
622 740 752 806 efficere
775 748 913 806 conatus
937 746 997 806 est.
1042 738 1080 804 In
1103 739 1213 807 codice
1238 740 1285 829 sic
1308 739 1389 804 scri·

235 851 341 916 bitur:
359 849 411 915 Et
433 849 634 916 dicentem
652 857 691 915 et
710 870 795 914 cum
813 847 1024 914 adsensum
1042 847 1222 914 Marcius
1242 853 1389 922 auctor

236 956 314 1024 fuit
336 956 527 1024 mittendi
545 957 704 1024 Romam
727 957 851 1041 legati
875 964 1011 1023 essent
1034 978 1121 1022 cum
1139 954 1389 1041 experienda

238 1067 373 1133 omnia
396 1065 445 1132 ad
468 1065 655 1131 ultimum
677 1087 750 1131 nec
772 1065 1172 1150 praetermittendum
1195 1086 1303 1150 spem
1325 1064 1387 1129 ul·

236 1176 315 1242 lam
337 1176 603 1241 censuissent
625 1174 789 1257 reliqua
812 1174 1070 1242 consultatio
1102 1180 1192 1240 erat
1215 1180 1276 1241 cet.
1321 1172 1389 1256 Ap·

237 1291 334 1369 paret
355 1304 460 1367 neque
482 1282 642 1348 Marcium
664 1284 761 1347 unius
783 1282 884 1366 legati
912 1282 1063 1348 mittendi
1092 1291 1259 1348 auctorem
1288 1280 1389 1346 fuisse

237 1413 342 1474 neque
364 1391 480 1456 Marcii
513 1391 648 1457 consilio
679 1391 727 1456 sic
748 1413 817 1457 rem
842 1390 1023 1457 confectam
1046 1390 1160 1470 fuisse,
1182 1390 1229 1455 'ut
1258 1394 1391 1455 tantum

238 1501 279 1566 dc
300 1508 373 1566 tuto
395 1500 579 1583 legatorum
604 1501 722 1564 itinere
751 1499 949 1564 consultatio
982 1500 1233 1582 relinqueretur.
1279 1497 1389 1562 Plena

153 1616 225 1688 (535)
244 1609 402 1673 orationis
418 1608 524 1673 forma
546 1607 615 1672 haec
632 1607 699 1673 fere
716 1606 793 1671 fuit:
816 1607 864 1672 Et
887 1608 1091 1674 dicentem
1109 1629 1195 1673 cum
1214 1606 1390 1672 adsensu

236 1715 413 1780 Marcius
447 1715 588 1780 audire
616 1717 727 1780 visus
751 1726 814 1780 est
837 1723 889 1787 et,
919 1738 1037 1801 quum
1066 1715 1231 1781 dicendi
1260 1713 1390 1779 finem
1463 1726 1466 1731 “

236 1822 422 1904 fecisset,
444 1831 585 1889 auctor
602 1824 680 1889 fuit
697 1824 885 1890 mittendi
904 1826 1064 1889 Romam
1081 1826 1238 1905 legatos.
1261 1822 1390 1888 Amici

237 1952 396 2015 quoque
412 1934 498 2016 regi
521 1939 700 1997 ssecreto
719 1933 979 2016 interrogati,
999 1933 1239 1998 mittendine
1257 1931 1390 2015 legati

236 2048 383 2121 essent,
417 2062 536 2125 quum
569 2040 816 2124 experienda
849 2043 983 2108 omnia
1017 2042 1063 2107 ad
1098 2042 1285 2105 ultimum
1316 2061 1391 2105 nec

236 2148 634 2232 praetermittendam
667 2171 720 2233 sp.
755 2171 787 2213 u.
822 2152 1095 2221 censuissent,
1129 2150 1292 2231 reliqua
1326 2155 1389 2214 cet.

236 2256 369 2322 Partem
402 2257 549 2341 aliquam
582 2260 650 2323 veri
682 2260 748 2322 iam
781 2259 1064 2324 Weissenbornius
1098 2259 1210 2323 sensit.
1257 2256 1390 2341 [Restat

237 2364 402 2431 dubitatio
436 2367 469 2430 in
503 2365 519 2448 ἓ
550 2371 578 2432 2.
623 2367 707 2431 Nam
735 2367 814 2449 quid
849 2368 892 2432 sit
926 2370 964 2431 in
999 2369 1172 2450 gratiam
1206 2367 1388 2450 petentis

238 2470 443 2555 (alicuius)
469 2473 594 2556 aliquid
617 2474 797 2540 concedere
821 2484 878 2540 aut
901 2477 1032 2540 omnino
1055 2475 1179 2553 iacere,
1204 2475 1287 2539 satis
1311 2495 1389 2540 con·

237 2586 306 2645 stat
335 2581 428 2661 (locis
456 2581 544 2666 apud
568 2580 768 2647 Schellerum
798 2589 831 2646 et
854 2583 1054 2648 Freundium
1079 2584 1189 2648 citatis
1212 2582 1290 2648 addi
1313 2603 1389 2667 pos·
1446 2568 1449 2577 ¹

238 2697 316 2754 sunt
337 2689 404 2753 niv.
428 2689 497 2768 XL,
524 2694 571 2770 17,
594 2693 623 2768 2,
649 2688 760 2755 Senec.
780 2689 873 2755 Rhet.
888 2714 918 2774 p.
938 2696 997 2756 401
1021 2690 1168 2771 Kiesstu
1193 2691 1389 2756 adiectirum

237 2797 377 2880 augendi
400 2797 605 2863 minuendive
628 2818 727 2863 causa
749 2800 862 2881 gratiae
886 2801 1008 2864 nomini
1032 2799 1180 2865 additum
1200 2802 1233 2865 in
1255 2799 1318 2865 hoc
1340 2799 1389 2865 lo·

236 2905 359 2990 quendi
382 2927 501 2989 genere
528 2927 691 2990 nusquam
723 2909 869 2985 memini,
903 2930 1010 2993 neque
1044 2910 1147 2992 magis
1170 2911 1203 2973 in
1226 2907 1389 2974 consimili

235 3013 386 3095 formula,
408 3037 475 3099 qua
507 3016 547 3081 in
579 3015 769 3081 honorem
801 3017 980 3082 alicuius
1015 3017 1139 3100 aliquid
1167 3016 1238 3081 tieri
1266 3016 1389 3080 dicitur

237 3122 370 3207 (Opusc.
388 3124 489 3189 Acad.
506 3125 531 3203 l,
557 3123 641 3206 168.)
686 3123 835 3208 [Legitur
858 3134 969 3190 tamen
991 3125 1077 3203 l’lll,
1102 3129 1151 3197 22,
1175 3133 1208 3189 4:
1232 3126 1272 3188 in
1295 3144 1389 3209 prae·

234 3234 405 3298 teritam
432 3232 576 3298 iudicii
604 3235 792 3317 gratiam,
826 3234 883 3298 sed
912 3233 997 3298 alius
1026 3235 1153 3317 generis
1188 3233 1221 3297 id
1251 3232 1389 3298 adiecti·
1484 3240 1486 3245 '

234 3365 310 3407 vum
351 3339 425 3424 est]
469 3342 587 3427 Itaque
626 3363 727 3425 quum
767 3344 800 3407 in
835 3341 946 3408 codice
982 3344 1023 3407 sit
1057 3344 1178 3407 etiam
1207 3361 1390 3424 magnam

236 3452 425 3534 gratiam,
465 3452 614 3535 suspicor
648 3449 776 3516 Livium
810 3452 992 3535 scripsisse:
1027 3460 1065 3516 et
1098 3456 1300 3535 tamquam
1344 3452 1387 3516 in

234 3560 409 3641 gratiam
443 3561 634 3642 patentis.
685 3558 769 3625 Nam
802 3558 881 3624 ficta
909 3560 1008 3624 etiam
1042 3560 1162 3642 speciei
1191 3558 1388 3643 significatio

234 3674 376 3750 perapta
408 3674 441 3732 et
473 3688 576 3752 prope
608 3669 794 3733 necessaria
827 3674 887 3732 est.
933 3666 949 3750 ἐ
982 3671 1020 3731 10
1042 3689 1101 3752 pro
1134 3668 1188 3733 Ex
1223 3677 1388 3733 conten·

235 3775 350 3840 tione
380 3782 510 3843 ortum
547 3785 753 3842 certamen
787 3775 1013 3841 scribendum:
1048 3776 1104 3841 Ex
1139 3797 1183 3841 ea
1217 3781 1389 3841 conten-

235 3887 348 3952 tione
377 3884 466 3969 (qnae
491 3893 566 3951 ante
591 3885 776 3969 significata
793 3883 856 3966 est)
876 3893 1008 3951 crtum
1028 3893 1236 3950 certamen.
1280 3880 1387 3966 1864]

323 3992 400 4078 Cap.
425 4000 476 4073 44,
502 3998 532 4058 1;
567 3992 801 4060 Chalcidem
835 4001 877 4059 ut
909 4004 1069 4069 ventum
1102 3999 1163 4057 est
1194 3993 1318 4077 (agitur
1347 3993 1388 4058 dc

237 4100 274 4178 Q.
298 4102 420 4168 Marcio
444 4109 478 4167 et
499 4103 536 4167 Α.
560 4102 684 4184 Atilio).
708 4101 882 4168 aliarum
917 4104 1133 4167 civitatum
1166 4103 1388 4185 principes,

235 4209 277 4274 id
301 4210 405 4293 quod
429 4212 594 4276 maxime
617 4218 774 4294 gratum
797 4220 886 4277 erat
905 4209 1094 4276 Romanis
1113 4208 1198 4289 (tolli
1217 4230 1388 4275 commune

235 4317 381 4384 Boeotiae
404 4319 579 4386 concilium
596 4319 829 4405 cupientibus),
848 4340 919 4386 suo
938 4318 1087 4401 quique
1107 4314 1190 4398 (cod.
1211 4317 1388 4401 quoque)
