3060 5272
238 367 301 423 Lib.
319 367 445 421 xxvm.
786 354 848 415 410

239 539 373 618 modo,
405 540 485 621 qui,
516 539 562 603 de
590 560 666 621 quo
691 537 942 617 consulitur,
973 557 1043 601 sno
1065 536 1155 601 loco
1178 537 1283 601 dicit
1304 558 1400 603 sen·

240 650 425 713 tentiam.
482 645 516 710 Si
545 646 615 710 haec
644 667 725 711 seua
753 652 843 726 sunt,
873 644 910 722 Q.
933 643 1069 723 Fabiue,
1098 664 1163 726 quo
1187 643 1270 709 nihil
1290 647 1400 730 magis

238 756 414 821 ridiculum
450 773 681 839 perversumve
710 752 789 834 fingi
818 760 943 836 potest,
976 752 1011 815 in
1046 753 1117 834 ipso
1154 752 1287 818 exordio
1321 775 1400 819 ora·

239 865 339 929 tionis
373 884 407 928 se
441 863 511 945 ipse
545 883 683 946 peccare
720 861 811 941 dicit,
846 863 902 945 qni
937 862 1121 925 orationem
1157 860 1293 940 habeat,
1328 883 1399 927 non

239 974 347 1036 minus
371 992 471 1054 quam
493 969 694 1053 Scipionem3
729 990 805 1032 narn
828 969 898 1032 haec
921 970 1097 1033 sententia:
1131 969 1215 1050 qui,
1244 968 1290 1032 de
1319 989 1398 1052 quo

240 1079 473 1145 consulitur
496 1084 556 1141 cet.
581 1085 696 1161 aperte
719 1076 899 1160 respondet
920 1077 1082 1160 superiori
1105 1076 1167 1140 illi:
1197 1077 1262 1158 qui
1286 1070 1331 1141 d'e
1354 1098 1399 1143 re

240 1194 457 1254 transacta
491 1193 552 1250 cet.
583 1186 763 1268 codemque
797 1184 949 1249 refertur.
1011 1182 1220 1248 Manifestum
1254 1190 1320 1264 est,
1356 1184 1397 1264 Q.

240 1295 380 1360 Fabium
409 1316 429 1358 a
458 1316 491 1358 se
521 1293 651 1377 culpam
680 1314 830 1357 amovere
860 1298 893 1356 et
922 1293 956 1355 in
979 1292 1166 1375 Scipionem
1187 1298 1294 1358 totam
1318 1313 1398 1358 con·

239 1405 323 1469 forre
346 1412 445 1484 atquc
467 1401 575 1480 illum,
610 1401 699 1484 quod
721 1422 786 1465 uon
810 1400 974 1479 debuerit,
1007 1398 1115 1463 faeere
1139 1399 1262 1478 dicero,
1290 1421 1326 1465 se
1350 1401 1396 1480 id,

241 1512 329 1596 quod
352 1509 493 1576 officium
516 1516 622 1590 cogat.
674 1507 851 1574 Verissime
881 1509 982 1589 igitur
1005 1514 1039 1571 et
1062 1507 1239 1572 Rhenanus
1262 1515 1295 1572 et
1318 1516 1397 1574 ante

153 1634 224 1706 (aaa)
244 1642 319 1685 eum
341 1620 472 1701 ignotus
495 1617 608 1694 homo,
638 1617 728 1680 cuius
758 1616 1020 1680 emendationem
1042 1622 1111 1679 tres
1135 1616 1224 1699 apud
1246 1615 1397 1682 Draken-

240 1728 414 1792 borchium
437 1724 565 1788 cedices
587 1731 736 1788 recentes
759 1724 893 1802 habent,
918 1725 1053 1788 sublata
1075 1746 1154 1790 voce
1178 1723 1305 1802 m0d0,
1330 1746 1397 1808 qua

240 1843 314 1900 tota
341 1834 505 1899 sententia
533 1833 706 1911 evertitur,
737 1833 784 1895 sic
812 1833 1028 1914 scripserunt:
1064 1833 1270 1897 consulem
1299 1854 1397 1916 pcc·

241 1964 333 2007 care
363 1941 558 2019 arbitror,
587 1941 655 2021 qui
677 1975 735 2019 —,
765 1961 842 2003 non
865 1947 1111 2017 senatorem,
1142 1941 1211 2023 qui
1234 1948 1295 2004 cet.
1342 1939 1393 2005 Si·

239 2052 330 2116 milia
359 2049 586 2114 additamenta
615 2070 654 2111 ex
683 2047 745 2112 hac
768 2046 890 2113 decade
912 2049 1008 2132 posui
1032 2071 1063 2131 p.
1088 2047 1195 2128 208.¹)
1247 2047 1396 2132 (Siquis

238 2140 413 2224 conabitur
446 2177 522 2221 nou
556 2164 787 2220 senatorem
822 2156 935 2221 modo
970 2157 1167 2238 coniungere
1203 2178 1276 2220 cum
1311 2156 1395 2222 illis:

240 2274 423 2334 senatum
451 2265 529 2330 lud.
553 2264 690 2342 habet,
721 2263 893 2328 ridiculam
923 2262 1044 2328 efficiet
1074 2265 1315 2346 separationem
1344 2284 1398 2329 se·
1503 2332 1505 2337 ⁴

238 2383 337 2440 natus
371 2381 404 2438 ct
437 2374 534 2438 unius
569 2372 731 2437 senatoris
760 2372 963 2454 adiectaeque
991 2372 1080 2436 illius
1110 2373 1279 2436 sententia
1306 2371 1395 2435 rola-

239 2485 328 2547 tivae:
357 2482 433 2563 qui,
462 2481 507 2544 de
530 2502 606 2563 quo
629 2486 690 2543 cet.
714 2481 875 2543 rationem
899 2500 1035 2563 prorsus
1059 2479 1248 2562 pervertet.)
1294 2477 1395 2561 [Rhe-

240 2609 344 2654 nanus
379 2589 567 2672 Spireusem
601 2593 733 2651 secutus
768 2593 849 2650 erat.
894 2585 910 2668 ξ
940 2592 958 2650 2
987 2587 1038 2651 bis
1062 2586 1227 2671 particula
1249 2593 1288 2652 et
1315 2594 1394 2669 post

238 2697 374 2761 verbum
420 2694 534 2758 iisdem
579 2694 700 2758 litteris
738 2696 950 2759 terminatum
979 2694 1116 2774 excidit,
1144 2696 1287 2778 primum
1315 2702 1394 2778 post

239 2808 559 2887 transportaret,
581 2802 638 2866 ubi
662 2804 693 2866 in
718 2802 791 2867 edd.
812 2810 888 2867 vett.
907 2803 1049 2881 additur,
1073 2803 1191 2866 deinde
1212 2808 1290 2886 post
1311 2802 1396 2886 pla-

240 2920 366 2991 ceret,
406 2911 461 2975 ubi
496 2917 573 2975 aute
610 2911 658 2975 W.
688 2910 847 2975 edebatur
881 2912 1102 2994 ceterique.
1157 2910 1284 2976 Neutro
1319 2911 1391 2975 loco

240 3021 422 3104 asyndeton
453 3018 532 3083 ferri
566 3025 685 3103 potest.
743 3017 759 3101 ἓ
789 3023 807 3082 9
835 3021 958 3084 rectius
986 3018 1123 3084 fortasse
1152 3019 1263 3083 Livius
1292 3019 1394 3101 scrip·

267 3280 291 3344 ¹)
309 3278 394 3332 Libet
417 3296 479 3332 cum
503 3279 705 3347 antiquissimae
729 3281 758 3334 in
779 3281 904 3334 Liuianis
928 3279 1071 3334 codicibus
1093 3279 1318 3347 interpolationis
1343 3295 1390 3332 ex·

307 3365 405 3434 emplis
431 3370 502 3418 ortae
525 3381 560 3417 ex
583 3382 669 3433 pravo
693 3366 841 3419 intellectu
864 3365 1013 3420 sententiae
1032 3382 1088 3418 nou
1107 3363 1229 3417 difficilis
1247 3371 1276 3418 et
1294 3362 1392 3418 formae

308 3449 445 3503 orationis
478 3451 634 3518 perspicuas
666 3451 837 3519 coniungere
868 3451 959 3503 simile
986 3450 1144 3518 exemplum
1172 3467 1206 3503 ex
1232 3449 1394 3517 antiquiora

308 3535 448 3588 Ciceronis
476 3534 587 3599 codiee,
615 3551 698 3602 quarn
720 3536 855 3589 Livianus
879 3537 951 3589 ullus
974 3540 1031 3599 eat,
1058 3535 1317 3589 manifestissimum
1340 3550 1393 3588 nec

306 3626 401 3674 tamen
420 3637 436 3672 a
454 3636 596 3687 quoquam
614 3620 847 3674 animadversum.
884 3620 954 3674 Nare
974 3621 1010 3676 ds
1028 3620 1141 3688 R.P.1,
1158 3622 1199 3687 34,
1218 3622 1260 3686 51,
1278 3619 1324 3672 ubi
1345 3617 1390 3671 ci-

307 3723 373 3760 cero
400 3705 524 3774 scripsit:
553 3721 661 3757 norrreu
690 3705 745 3758 illi
773 3705 955 3774 principes
983 3707 1187 3774 optlruatlura
1216 3704 1392 3758 mordicus

307 3793 430 3856 laneat,
462 3807 494 3844 re
526 3797 640 3845 autem
673 3794 795 3856 tarent,
828 3791 961 3845 librarius
992 3808 1077 3859 quum
1109 3808 1145 3845 re
1176 3807 1227 3859 pro
1254 3788 1389 3845 adverbio

306 3893 428 3946 reapse
446 3877 614 3944 accepisset,
639 3877 744 3930 additis
763 3876 878 3929 vocibus
897 3878 1096 3942 eonomine,
1118 3876 1254 3930 orationis
1271 3875 1393 3928 formam

307 3967 335 4016 et
362 3962 553 4015 membrorum
580 3962 705 4030 pondere
729 3962 927 4029 insignitarum
949 3961 1024 4015 inter
1048 3979 1077 4015 se
1101 3963 1280 4027 relationem,
1308 3977 1404 4029 quarn·

306 4049 463 4102 litterarum
485 4045 582 4099 formis
605 4046 775 4115 significavi,
803 4046 997 4116 pessumdedit
1018 4046 1179 4116 effecitque,
1206 4052 1238 4100 ut
1261 4046 1393 4099 dicantur

306 4133 449 4202 principes
468 4131 509 4183 illi
527 4148 623 4185 carere
641 4149 674 4186 eo
693 4133 815 4198 nominc,
839 4131 915 4200 quod
933 4136 1057 4186 teneant·
1099 4130 1163 4185 Non
1182 4131 1295 4185 nomine
1313 4147 1390 4185 care·

307 4218 385 4285 bant,
404 4216 454 4272 sed
473 4234 511 4270 re.
