3060 5272
66 354 69 359 ’
152 391 215 447 cro.
232 389 335 459 scin.
698 378 761 441 cea

154 563 269 630 mitia
308 561 543 629 consulibus
582 562 796 647 rogandis,
841 561 981 630 ediderit
1019 562 1306 648 subrogandis.

153 672 235 738 Tum
257 670 474 739 intolerabilis
496 671 566 737 haec
585 677 636 738 est
652 671 805 756 repetitio
825 670 1036 739 substantivi:
1059 672 1225 738 comitia
1245 672 1309 740 ita

154 779 326 860 edicere,
350 784 394 846 ut
410 799 546 846 manse
563 778 760 866 Ianluario
777 780 949 846 comitia
965 779 1110 846 haberi
1126 786 1307 866 possent.
1418 809 1424 831 ·

154 886 221 954 Sed
242 888 275 954 in
298 887 411 954 codice
432 908 498 954 non
519 886 641 971 legitur
662 887 821 968 haberi,
856 887 915 954 sed
936 893 1066 954 tantum
1094 894 1138 955 ut
1170 908 1308 956 mense

154 997 234 1063 lan.
258 995 425 1062 comitia
445 1002 624 1081 possent.
670 995 885 1063 Scribendum
902 1003 953 1063 est
973 997 1083 1081 igitur,
1104 996 1172 1064 nisi
1193 995 1307 1064 fallor:

154 1113 196 1173 ut
218 1128 260 1171 m.
283 1105 308 1171 1.
332 1102 478 1169 csnllcl
505 1104 720 1189 possent.¹)
763 1104 888 1172 Eodem
921 1105 1029 1191 capite
1058 1103 1074 1189 ἕ
1100 1110 1148 1187 11,
1171 1104 1230 1171 ubi
1253 1126 1308 1172 ex-

154 1215 297 1299 ponitur,
330 1213 410 1298 quid
441 1211 544 1297 legati
571 1235 589 1280 e
611 1212 807 1279 Macedonia
832 1213 1008 1279 redeuntes
1037 1213 1308 1296 renuntiaverint,

154 1323 201 1389 sic
223 1322 394 1388 scribitur:
432 1321 693 1404 Ignominiam
715 1319 877 1386 Claudii
898 1323 1140 1388 temeritate
1162 1342 1309 1409 aceep-

154 1437 236 1496 tam
258 1429 420 1496 elevare
443 1450 510 1496 eos
533 1434 673 1512 patres
696 1435 956 1515 acceperunt,
986 1431 1052 1513 qui
1074 1452 1308 1516 perpaucos

154 1537 296 1603 Italici
318 1538 480 1622 generis
513 1572 557 1583 -
588 1536 645 1603 ibi
673 1537 827 1604 milites
857 1538 1030 1604 amissos
1052 1538 1309 1606 referebant.

153 1645 229 1710 Non
250 1666 291 1711 ex
313 1645 386 1712 aliis
408 1649 522 1729 patres
546 1645 807 1730 comperiebant,
835 1645 962 1728 legatos
997 1646 1210 1739 ignominiam
1238 1647 1308 1715 ele·

154 1774 231 1820 vare
254 1752 303 1835 (id
326 1758 519 1831 astantem,
555 1753 716 1838 accipere,
750 1754 893 1838 aliquem
925 1753 1053 1839 aliquid
1080 1754 1213 1838 facere),
1247 1756 1308 1823 ssd

155 1864 245 1947 ipsos
279 1882 389 1928 coram
423 1861 617 1942 audiebant;
651 1863 767 1929 omitto
801 1883 881 1943 eos,
915 1863 984 1948 qui
1017 1884 1116 1947 prave
1143 1862 1198 1927 hic
1230 1865 1311 1948 poni

156 1970 234 2053 (nisi
256 1969 340 2035 forte
363 1976 516 2054 putamus
539 1977 650 2054 patres
674 1991 714 2037 ex
735 1970 855 2054 legatis
879 1972 1061 2055 accepisse,
1091 1970 1174 2038 alios
1196 1973 1310 2038 nescio

156 2100 238 2163 quos
260 2078 471 2163 ignominiam
494 2078 633 2161 elevare)
658 2084 692 2145 et
714 2079 747 2145 in
769 2078 832 2146 hac
854 2085 1022 2146 structura
1039 2078 1180 2145 relativa
1196 2100 1311 2146 neces·

156 2189 280 2253 sarium
318 2187 558 2253 coniunctivum
598 2207 671 2254 esse
711 2186 952 2271 (referrent).
999 2188 1059 2254 His
1094 2186 1311 2253 incommodis

156 2295 374 2376 medebimur,
418 2297 446 2362 si
485 2297 726 2381 scripserimus:
773 2297 1040 2382 Ignominiam
1084 2331 1128 2342 —
1166 2294 1311 2359 elevsrl

157 2402 326 2488 [leveri?
351 2402 447 2487 1876]
471 2423 512 2468 es
534 2411 673 2488 patres
695 2411 949 2490 acceperunt,
971 2405 1067 2483 qud
1088 2439 1133 2449 -
1153 2403 1310 2470 refere-

155 2511 253 2578 bant
276 2510 350 2594 (hoc
373 2518 438 2578 est:
472 2511 569 2595 quod,
602 2517 641 2578 ut
666 2512 863 2591 referebant,
896 2512 993 2596 pauci
1026 2513 1139 2578 amissi
1172 2512 1309 2594 essent).

157 2618 331 2703 (Quippe
355 2641 415 2703 pro
444 2621 508 2704 qui
536 2621 646 2704 posito
674 2642 741 2685 non
762 2620 891 2687 tollitur
913 2621 1029 2686 vitium
1050 2622 1084 2686 in
1106 2619 1160 2687 his
1183 2621 1309 2687 verbis:

156 2727 315 2794 elevare
345 2747 414 2793 eos
443 2733 713 2811 acceperunt.)
758 2728 912 2795 Extremo
936 2729 1044 2813 capite
1066 2726 1097 2812 (ξ
1124 2727 1177 2811 13)
1200 2729 1305 2797 miror

155 2842 277 2921 praeter
297 2834 449 2902 lacunam
471 2837 634 2902 neminem
657 2842 804 2917 notasse,
835 2836 1011 2903 admodum
1037 2838 1195 2903 inusitate
1226 2837 1308 2903 dici:

157 2945 399 3010 sacerdotes
437 2942 540 3008 lutra
574 2966 659 3010 eum
688 2966 830 3012 annum
858 2947 1026 3026 mortui,
1055 2968 1156 3031 quum
1183 2944 1313 3012 intelle·

155 3060 253 3138 gatur
275 3074 321 3119 eo
345 3075 463 3120 anno.

242 3159 319 3247 Cap.
347 3166 395 3242 12,
419 3165 437 3227 3
460 3162 495 3226 in
518 3161 640 3227 codicis
663 3163 843 3246 scriptura,
879 3185 952 3248 quae
982 3162 1024 3228 ab
1055 3161 1237 3229 editoribus
1260 3167 1313 3227 re'-

154 3277 248 3337 tenta
270 3272 339 3336 sine
363 3270 568 3336 dubitatione
592 3277 643 3336 est
666 3270 840 3354 (placuit
868 3306 911 3317 —
941 3270 1114 3336 decerni.
1159 3269 1205 3336 In
1229 3268 1311 3336 Ma·

128 3379 365 3446 codoniam
398 3377 881 3461 peditum,Romen0rum
911 3378 988 3460 cet.)
1012 3380 1131 3444 vitiose
1162 3377 1235 3444 duae
1258 3399 1312 3444 res

155 3489 189 3552 in
212 3508 314 3552 unum
338 3485 536 3565 conflantur:
560 3487 701 3571 primum
723 3488 810 3552 enim
833 3496 967 3554 senatus
986 3486 1172 3554 consultum
1187 3487 1314 3552 factum

191 3644 381 3652 —--——--

179 3746 202 3807 ¹)
222 3742 383 3814 [Vahlenius
402 3748 432 3797 et
445 3741 573 3797 Hertzius
591 3741 815 3805 emendationem
833 3760 924 3798 meam
943 3755 1029 3811 quum
1047 3741 1181 3797 adiurare
1196 3742 1312 3810 vellent,

222 3835 422 3900 corruperunt3
442 3845 508 3883 nam
526 3833 558 3883 nt
575 3828 672 3882 Livius
699 3827 844 3883 interdum
869 3843 951 3882 voces
979 3828 1092 3882 easdem
1116 3828 1195 3883 brevi
1221 3827 1314 3898 spatio

223 3920 361 3986 repetat,
378 3932 516 3985 nusquam
539 3920 634 3969 tamen
660 3914 701 3967 ita
719 3930 753 3968 ex
771 3912 926 3968 abundanti
944 3914 974 3966 in
992 3914 1091 3967 vitium
1110 3914 1176 3980 ruit,
1195 3917 1227 3968 ut
1244 3912 1313 3969 scri·

222 4002 283 4054 bat:
312 4001 457 4056 comitia
474 4001 525 4055 ita
544 4000 699 4066 edicere,
717 4005 755 4055 nt
771 3999 916 4055 comitis
933 3999 1000 4052 illo
1028 3999 1143 4052 stillo
1162 3998 1216 4053 dia
1235 3999 1314 4053 sint

221 4086 321 4155 ltaque
338 4103 423 4155 prave
443 4089 625 4140 attrectatum
643 4090 695 4150 est,
715 4086 790 4154 quod
809 4086 838 4140 in
856 4084 955 4139 codice
972 4088 1049 4139 recte
1067 4084 1216 4151 scribitur,
1234 4100 1313 4154 pos·

226 4178 313 4237 sent,
332 4189 418 4241 prave
438 4177 587 4236 servatum,
607 4171 682 4239 quod
699 4188 753 4241 pro
772 4170 901 4226 confici
921 4187 955 4224 ex
973 4170 1118 4238 superiore
1133 4186 1215 4224 versu
1233 4186 1316 4239 prop·

224 4263 268 4310 ter
287 4258 445 4324 primarum
462 4256 619 4311 litterarum
637 4257 848 4311 similitudinem
863 4254 1013 4324 subrepsit,
1039 4256 1193 4310 comitia
1229 4252 1315 4323 leda]
