3060 5272
777 283 818 345 42

223 467 479 550 senientiamqve
513 466 777 551 perspiciendam
805 467 1044 533 incredibiliter
1075 467 1138 532 fuit
1170 465 1287 544 hebes,
1333 463 1377 530 ad

223 575 353 659 quidvis
370 557 579 642 invertendo
596 582 630 641 et
646 576 830 642 enarrando
848 575 1043 670 fingendum,
1066 576 1144 660 quia
1160 595 1219 638 nec
1237 574 1376 639 scientia

222 705 282 749 nec
321 705 437 749 sensus
478 685 545 750 veri
585 683 757 764 obstabat,
796 684 1052 764 audacissimum
1091 705 1132 748 ne
1166 683 1376 748 librariorum

222 793 353 877 quidem
382 792 618 857 consuetudine
646 792 842 877 errandique
869 792 1044 876 generibus
1073 791 1224 857 codicum
1251 797 1376 856 tracta·

221 901 311 966 tione
335 902 532 985 perspectis,
562 901 737 967 decorum
761 901 926 981 doctrina,
955 900 1094 980 iudiciis,
1123 900 1269 965 consiliis
1291 900 1375 964 mira

221 1017 336 1073 narrat
369 1014 403 1073 et
432 1011 465 1073 in
492 1012 769 1093 pervagatissimis
798 1010 925 1075 mendis
955 1009 1006 1090 (ut
1034 1006 1208 1089 hisdem)
1236 1008 1375 1073 ridicule

153 1120 208 1188 (36)
226 1117 362 1199 errat.¹)
417 1117 479 1182 Hic
507 1140 524 1182 e
553 1118 721 1184 codicibus
755 1119 905 1202 quaedam
938 1116 1027 1183 bona
1054 1138 1114 1181 nec
1141 1122 1266 1195 tamen,
1301 1136 1375 1199 quae

222 1225 355 1310 quidem
394 1248 478 1292 nora
518 1234 643 1306 essent,
684 1227 787 1292 multa
826 1233 884 1292 aut
922 1245 1041 1308 magna
1072 1225 1213 1308 recepit3
1251 1224 1375 1289 multos

222 1356 352 1400 errores
393 1334 471 1400 olim
510 1336 691 1401 certissime
725 1342 894 1402 correctos
927 1334 1075 1413 reduxit,
1113 1332 1237 1398 multos
1269 1354 1375 1398 novos

222 1441 361 1522 addidit,
391 1466 501 1526 quum,
525 1450 563 1508 ut
585 1444 689 1509 multe
711 1445 893 1509 correxisse
915 1443 1089 1522 videretur,
1112 1463 1130 1506 e
1152 1441 1178 1505 P
1200 1448 1260 1507 aut
1281 1440 1374 1506 Harl.

224 1556 238 1614 l
270 1551 390 1616 menda
423 1558 539 1617 contra
571 1551 605 1615 M
638 1558 672 1617 et
704 1559 832 1616 ceteros
865 1557 925 1617 aut
958 1572 998 1615 ex
1032 1551 1105 1634 ipso
1140 1549 1174 1614 M
1202 1550 1374 1633 arriperet,

221 1658 327 1724 multa
349 1659 446 1742 plane
470 1666 691 1725 monstrorum
714 1660 1003 1744 prodigiorumque
1027 1658 1147 1723 similia
1170 1657 1375 1724 ecodicibus

222 1773 280 1831 aut
319 1768 515 1832 coniecturis
549 1769 803 1852 perversissimis
838 1769 964 1852 posuit;
997 1788 1104 1850 neque
1132 1768 1220 1832 enim
1247 1768 1375 1832 coniec-

252 1977 274 2042 ¹)
292 1976 429 2045 Exempla
455 1994 569 2031 summae
597 1977 790 2046 perversitatis
814 1994 902 2047 prope
924 1978 1029 2047 quaevis
1052 1978 1158 2047 pagina
1179 1976 1245 2031 inde
1267 1995 1283 2031 a
1306 1978 1374 2032 libri

290 2063 369 2117 tertii
390 2062 472 2116 initio
494 2063 645 2132 praebebit3
672 2081 737 2117 nam
764 2064 794 2118 in
815 2064 888 2117 libro
913 2063 1025 2117 let11
1048 2064 1135 2118 tacite
1158 2080 1218 2117 rem
1241 2063 1300 2133 agit
1322 2081 1374 2119 nec

289 2149 424 2203 ibidum
446 2166 498 2217 pro
521 2149 570 2204 ibi
593 2155 662 2203 tum
686 2148 718 2215 (Ι,
740 2151 765 2215 7,
790 2149 831 2215 12)
854 2148 989 2203 similisve
1012 2150 1136 2218 reposita
1154 2149 1240 2203 verbo
1258 2156 1375 2204 excuset

290 2234 328 2303 (II
345 2240 440 2288 tamen
461 2236 506 2298 15,
529 2236 546 2287 5
564 2235 676 2303 egregie
694 2240 807 2289 enarrat
825 2235 992 2289 vocabulum
1010 2233 1253 2303 necquiquam).
1299 2233 1374 2290 Satis

290 2321 451 2376 documenti
475 2320 591 2374 habebit
614 2320 656 2386 (ut
678 2338 764 2374 unum
781 2326 811 2374 et
828 2322 959 2386 sltemm,
986 2319 1063 2389 quod
1081 2320 1133 2373 sub
1151 2321 1245 2374 stilum
1263 2322 1374 2376 venerit

290 2424 341 2461 nec
370 2406 558 2476 explicatione
588 2412 682 2474 egeat,
709 2407 866 2475 exemplum
887 2405 1016 2476 ponam),
1044 2405 1091 2474 qui
1112 2406 1282 2475 inspexerit,
1310 2424 1374 2476 quae

290 2492 396 2560 scripta
414 2492 532 2544 suntad
551 2491 597 2556 IV,
621 2494 654 2545 24
673 2491 697 2559 (Ι
715 2510 741 2562 p.
759 2495 811 2546 404
830 2491 865 2559 a),
883 2492 930 2558 IV,
950 2494 984 2546 58
1002 2492 1038 2561 (p.
1057 2493 1108 2546 478
1126 2490 1162 2559 a),
1180 2491 1213 2557 V,
1231 2494 1247 2545 5
1266 2492 1303 2562 (p.
1321 2495 1374 2547 497

289 2578 321 2630 b:
342 2576 553 2631 munitiones
575 2579 608 2631 in
635 2577 811 2631 Etruriam
833 2576 1100 2647 exspectantes),
1122 2576 1161 2644 V,
1183 2575 1256 2646 blp.
1275 2579 1326 2632 500
1344 2596 1373 2633 a:

290 2661 376 2716 illud
398 2663 583 2731 impetum),
606 2663 642 2730 V,
665 2666 699 2717 27
721 2663 757 2732 (p.
777 2665 828 2717 547
851 2664 869 2717 b
894 2664 929 2717 de
952 2662 1026 2716 dum
1050 2661 1250 2731 trahendo),
1278 2663 1317 2730 V,
1339 2666 1374 2718 36

292 2748 328 2817 (p.
351 2749 402 2801 567
424 2748 443 2801 b
465 2746 500 2802 de
522 2748 657 2802 hisdem
683 2766 736 2819 pro
762 2748 815 2801 his
844 2748 966 2802 iisdem
993 2748 1112 2817 posito),
1140 2747 1219 2814 VIII,
1251 2748 1323 2817 s(11
1345 2768 1373 2819 p.

290 2836 341 2888 309
375 2833 409 2887 de
444 2834 553 2903 prims
584 2834 656 2888 fore
687 2835 721 2888 in
755 2835 877 2899 eciem,
915 2833 964 2887 der
996 2838 1069 2887 erste
1101 2833 1234 2904 Eingang
1265 2835 1295 2889 in
1328 2834 1374 2889 dic

289 2918 436 2986 Schlscht,
460 2925 489 2973 et
506 2938 531 2989 p.
551 2923 600 2974 311
619 2919 638 2972 b
657 2919 691 2973 de
709 2919 893 2974 coniunctivo
916 2919 1132 2987 recepissent
1149 2936 1184 2972 ex
1202 2936 1374 2989 compres-

290 3006 335 3058 sis
358 3004 512 3074 pendente,
539 3006 568 3059 in
586 3004 736 3059 notissima
754 3009 896 3060 structura
914 3003 949 3057 de
967 3003 1091 3072 repetita
1108 3005 1233 3059 actione:
1262 3005 1321 3059 ubi
1338 3035 1373 3045 -

291 3091 536 3159 recepissent),
562 3090 641 3156 VHI,
671 3093 702 3145 18
725 3091 761 3160 (p.
781 3093 832 3145 344
859 3108 875 3143 s
902 3090 936 3143 de
963 3089 1124 3144 accusativo
1152 3095 1373 3160 conspectum

290 3194 305 3229 e
324 3175 451 3229 referre
471 3176 591 3245 quodam
613 3176 699 3230 modo
717 3175 858 3246 pendente
875 3177 905 3231 in
922 3175 976 3230 hae
995 3175 1142 3230 verborum
1162 3175 1372 3232 coniunctione:

289 3263 324 3315 in
352 3267 576 3331 conspectum
604 3263 750 3317 omnium
773 3280 842 3318 rem
865 3261 905 3316 ad
928 3268 1060 3316 ceteras
1083 3261 1304 3328 retulissent;
1332 3262 1373 3317 sic

290 3347 363 3401 enim
389 3347 510 3414 scribit),
534 3347 613 3413 VIII,
637 3351 670 3402 32
688 3346 724 3418 (p.
743 3350 794 3403 389
813 3366 829 3402 s
847 3347 881 3401 de
903 3347 1026 3418 glomis
1038 3341 1220 3402 ¹nominativo
1238 3363 1304 3400 casu
1321 3365 1372 3416 pro

290 3433 444 3501 glomere
462 3438 491 3486 et
508 3433 562 3486 hoc
579 3451 631 3502 pro
649 3433 753 3502 globo
771 3435 884 3504 posite),
905 3432 940 3500 X,
958 3435 992 3488 26
1011 3434 1046 3503 (p.
1069 3435 1119 3487 671
1139 3431 1174 3486 de
1191 3432 1372 3486 coniunctiro

290 3518 438 3587 incipiat
465 3517 654 3587 significante:
681 3536 710 3572 es
734 3519 808 3587 zeigt
831 3519 890 3573 sich
908 3519 947 3572 im
964 3519 1172 3587 Allgemeinen,
1199 3523 1228 3571 et
1249 3522 1316 3587 apto
1339 3535 1373 3572 ex
1415 3541 1423 3560 ·

288 3602 467 3672 praecedente
484 3604 514 3657 in
532 3603 587 3656 alis
604 3602 720 3673 periodo
738 3608 820 3657 sunt
837 3603 894 3672 qui
911 3602 1122 3669 adiecerint),
1140 3601 1173 3669 X,
1191 3606 1226 3658 34
1238 3604 1276 3673 (p.
1291 3605 1372 3658 700³

289 3690 324 3743 de
348 3689 498 3758 migratu
522 3688 618 3742 dativo
641 3688 670 3741 in
692 3688 745 3742 hac
770 3689 980 3743 coniunctione:
1009 3689 1158 3757 migratu
1185 3688 1372 3755 diflicilia).

289 3774 344 3829 Sed
363 3774 430 3844 quid
448 3790 500 3843 ego
518 3774 580 3828 haec
599 3790 786 3827 commemoro
804 3773 833 3827 in
852 3791 886 3828 eo
903 3774 1029 3843 homine,
1053 3775 1102 3844 qui
1119 3791 1154 3829 ne
1172 3779 1232 3828 tum
1250 3774 1371 3844 quidem,

290 3877 377 3930 quum
394 3863 499 3915 rectam
517 3860 631 3913 alterius
649 3859 910 3928 interpretationem
929 3861 965 3914 ob
984 3861 1079 3915 oeulos
1097 3861 1222 3927 haberet,
1240 3859 1372 3914 facillima

289 3946 375 4000 verba
400 3945 459 4000 sine
486 3946 586 4015 puerili
612 3961 705 3999 errore
733 3945 880 4013 praeterire
903 3947 1028 4016 potuerit
1051 3947 1112 4013 (VI,
1140 3949 1185 4000 24:
1213 3947 1277 4001 ism
1303 3963 1371 4001 non

289 4031 486 4101 recipiebat
514 4049 546 4085 se
569 4033 738 4086 Romanus
765 4031 860 4085 miles
887 4031 914 4086 11
940 4051 966 4102 p.
985 4035 1019 4087 78
1037 4033 1087 4101 b)?
1115 4031 1181 4100 Quae
1200 4031 1371 4086 commiserit

289 4116 319 4169 in
337 4115 438 4171 Latine
463 4117 611 4172 scribendo
634 4115 799 4183 (millibus
822 4118 922 4185 locis,
950 4124 981 4171 ut
1003 4136 1063 4189 ipse
1085 4118 1126 4173 ait
1147 4117 1189 4171 III
1220 4137 1246 4188 p.
1265 4119 1318 4172 607
1335 4117 1371 4184 e),

290 4200 378 4270 pudet
395 4203 541 4272 attingere.
