3060 5272
233 383 295 439 Lib.
314 383 386 438 XLI.
778 371 840 433 606

320 553 399 640 Cap.
433 559 462 635 9,
498 560 534 619 11
565 554 637 636 (ubi
659 562 794 621 senatus
818 555 967 620 consulto
990 562 1122 620 cautum
1156 561 1311 620 narratur
1343 554 1390 620 de

234 664 466 729 iureiurando
488 665 523 728 iu
550 665 806 729 manumissione
835 662 1008 747 exigendo)
1043 663 1205 729 edebatur
1233 662 1392 730 ecodice

235 773 307 857 (qui
329 773 383 837 hic
412 773 479 838 iam
512 773 657 856 incipit):
690 778 733 837 ut
766 772 964 850 dictator,
999 771 1154 851 consul,
1186 754 1390 852 interrex,

235 902 391 960 censor,
415 886 575 963 praetor,
602 881 669 963 qui
696 901 796 945 nunc
825 886 946 955 esset,
974 879 1079 964 apud
1107 900 1241 945 eorum
1270 899 1390 963 quern

235 996 312 1069 oet,
346 1010 433 1054 nunc
462 987 632 1068 scribitur,
667 995 704 1053 ut
727 987 877 1072 Sigonius
911 988 1011 1053 scribi
1043 989 1154 1053 iussit:
1190 989 1258 1071 qui
1289 991 1390 1052 tunc

236 1104 352 1162 esset.
397 1095 461 1162 Sed
485 1097 531 1161 sic
554 1082 684 1180 quoque
705 1097 739 1160 in
763 1096 892 1161 obviam
921 1097 1026 1161 eundo
1055 1095 1165 1161 fraudi
1192 1117 1252 1180 per
1273 1094 1392 1178 plures

235 1207 301 1271 iam
324 1225 426 1278 snnos
448 1203 599 1289 gliscenti
621 1205 822 1288 ineptissime
851 1213 986 1270 cavetur
1009 1203 1048 1269 de
1077 1205 1175 1269 unius
1205 1203 1280 1268 illus
1308 1203 1391 1268 anni

236 1312 483 1396 magistratibus
506 1311 624 1393 (etita
647 1320 793 1391 cavetur,
817 1321 854 1378 ut
877 1318 1117 1391 enumerentur,
1140 1313 1198 1396 qui
1219 1312 1277 1377 illo
1300 1331 1392 1376 anno

235 1444 300 1487 non
322 1422 470 1502 fuerunt,
498 1421 641 1485 dictator
670 1428 704 1485 et
730 1421 898 1502 interrex),
921 1423 955 1486 in
984 1421 1132 1486 futurum
1150 1419 1236 1485 nihil
1257 1418 1389 1504 prospi-

237 1532 332 1595 citur.
377 1529 462 1594 Nam
485 1528 573 1610 quod
601 1526 888 1594 Drakenborchius
922 1530 989 1611 qui
1022 1535 1116 1593 tunc
1145 1535 1255 1594 esset
1287 1529 1334 1593 sic
1367 1547 1392 1592 a

238 1637 330 1702 Livio
353 1637 499 1720 positum
522 1642 625 1719 putat,
647 1643 685 1702 ut
707 1637 830 1721 inipso
854 1643 986 1703 senatus
1007 1638 1156 1702 consulto
1179 1636 1394 1720 intellegatur

237 1744 352 1809 fuisse:
377 1746 443 1828 qui
466 1765 569 1808 nunc
592 1752 653 1809 est
675 1746 825 1828 quique
849 1745 1020 1829 posthac
1044 1747 1131 1826 erit,
1153 1745 1188 1809 id
1206 1745 1285 1827 (etsi
1301 1742 1392 1808 idem

239 1853 321 1917 alios
344 1853 483 1917 sensisse
507 1853 669 1936 suspicor)
692 1861 761 1918 tam
789 1860 840 1918 est
868 1854 1048 1918 absurdum
1078 1861 1110 1918 et
1137 1853 1327 1932 ridiculum,
1351 1858 1391 1916 ut

238 1960 320 2025 nihil
342 1961 446 2042 magis
470 1982 540 2026 esse
563 1963 686 2044 possit;
720 1984 796 2026 nam
824 1968 919 2026 tunc
952 1963 985 2027 in
1014 1962 1180 2028 narrando
1202 1962 1261 2026 uni
1282 1981 1390 2025 nunc

238 2070 273 2134 in
296 2076 429 2134 senatus
452 2069 603 2135 consulto
626 2069 814 2154 respondet.
859 2070 968 2135 Livius
1001 2070 1036 2133 id
1063 2071 1172 2154 ipsum
1199 2070 1388 2152 scripserat,

240 2177 327 2263 quod
342 2176 628 2243 Drakenborchius
651 2178 757 2242 audiri
780 2178 895 2242 voluit:
920 2179 986 2260 qui
1005 2185 1101 2243 tunc
1119 2186 1231 2243 esset
1247 2178 1391 2256 quique

239 2286 395 2368 posthae
427 2285 579 2348 tuturus
614 2294 726 2365 esset3
760 2286 901 2351 alterum
936 2288 1095 2351 orationis
1129 2286 1311 2351 membrum
1345 2286 1389 2351 ob

238 2393 326 2458 idem
348 2393 483 2459 verbum
506 2394 557 2458 bis
580 2396 725 2478 positum
754 2395 890 2473 excidit,
920 2396 1040 2459 erroris
1069 2416 1186 2478 genere
1214 2396 1248 2459 in
1275 2394 1328 2459 his
1350 2393 1390 2458 li-

239 2501 307 2567 bris
329 2501 561 2584 perfrequenti.
607 2502 654 2566 De
678 2503 804 2585 reliquo
832 2503 904 2568 loco
935 2509 1064 2567 tantum
1098 2502 1171 2568 dico
1200 2504 1252 2567 ius
1279 2504 1392 2567 iuran-

241 2609 333 2688 dum,
357 2614 473 2673 contre
500 2630 538 2672 ac
567 2606 739 2673 Creverius
769 2630 907 2692 eumque
935 2612 1038 2673 secuti
1066 2610 1123 2675 alii
1151 2612 1392 2690 existimarunt,

240 2717 425 2785 necessario
449 2723 598 2780 exactum
621 2737 692 2781 esse
715 2738 735 2780 1
756 2718 1003 2797 manumissore,
1026 2740 1091 2782 non
1108 2719 1150 2784 ab
1175 2741 1222 2800 eo,
1247 2720 1304 2803 qui
1321 2738 1390 2784 ms-

239 2825 490 2903 numitteretur;
525 2845 601 2888 nam
634 2831 668 2889 et
702 2825 741 2889 de
768 2826 1017 2891 manumissoris
1046 2816 1160 2892 111111Ι
1189 2834 1222 2892 11
1255 2825 1392 2892 consilio

154 2935 227 3007 (498)
245 2933 316 3016 ipse
338 2933 448 2997 iurare
472 2931 627 3013 debebat,
652 2940 685 2998 11
712 2931 793 2998 fides
823 2933 939 2999 haberi
960 2933 1072 3019 aliqua
1092 2942 1226 3019 poterat
1259 2936 1321 3000 civi
1342 2935 1392 2999 iu·

240 3041 344 3122 renti,
369 3042 415 3121 ei,
439 3041 509 3123 qui,
539 3042 602 3105 nisi
625 3042 764 3121 iuraret,
789 3063 900 3107 servus
924 3064 1096 3108 mansurus
1120 3051 1207 3123 1111,
1230 3042 1335 3124 nulla,
1358 3049 1393 3109 11

241 3172 311 3216 rem
334 3149 464 3215 conficit
487 3151 701 3234 grammatica
722 3152 824 3231 ratio,
847 3152 880 3214 in
904 3151 1011 3215 alters
1029 3152 1114 3216 enim
1131 3153 1294 3217 sententia
1310 3172 1393 3216 non:

242 3260 309 3344 qui
338 3280 423 3323 eum
456 3259 767 3323 manumitteret
793 3258 891 3323 scribi
915 3257 1037 3339 debuit,
1061 3258 1134 3324 sed:
1159 3261 1225 3344 qui
1248 3282 1288 3325 se
1311 3281 1393 3325 ma·

240 3368 491 3432 numitteret.
535 3366 667 3448 Itaque,
691 3367 718 3431 si
742 3372 852 3432 cetera
875 3388 958 3431 sena
980 3374 1070 3447 sunt,
1094 3368 1279 3433 subiectum
1300 3367 1393 3433 verbi

242 3474 358 3541 daret
382 3474 652 3540 contineturhso
675 3475 853 3540 sententis:
877 3475 944 3557 qui
967 3497 1053 3539 eum
1075 3477 1393 3556 manumitteret,

240 3591 395 3667 reeteque
419 3604 503 3648 eum
525 3583 667 3648 refertur
689 3583 732 3648 ad
755 3584 822 3664 qui
845 3583 1090 3667 (interpositum
1107 3605 1127 3647 1
1146 3580 1298 3649 Creverio
1314 3589 1394 3667 post

242 3692 348 3776 apud
372 3712 502 3755 eorum
525 3689 651 3773 quem)
685 3697 723 3754 ut
741 3691 802 3756 boc
821 3692 855 3754 iu
871 3691 1079 3776 impeditiore
1099 3699 1234 3756 senatus
1252 3690 1394 3756 consulti

243 3801 392 3866 oratione
421 3805 454 3863 et
476 3797 629 3863 liberiore
653 3800 889 3863 sententiarum
913 3800 1142 3864 coniunctione
1165 3800 1232 3864 1111
1255 3822 1315 3883 pro
1339 3799 1394 3865 si·

242 3909 336 3991 quis
367 3907 559 3991 accipiatur.
604 3907 668 3972 Sed
690 3907 724 3970 id
747 3906 817 3971 fieri
840 3909 954 3990 nequit
983 3910 1016 3974 iu
1046 3908 1113 3971 his:
1148 3910 1216 3992 qui
1249 3908 1288 3972 id
1316 3929 1394 3973 non

242 4016 418 4096 iuraret,
448 4037 533 4080 eum
555 4037 671 4080 mauu
688 4015 929 4082 mittendum
952 4039 1027 4080 non
1051 4022 1314 4096 censuerunt,
1336 4015 1394 4081 ubi

242 4125 430 4189 necessario
455 4147 539 4188 eum
562 4125 604 4188 ad
628 4125 694 4205 qui
716 4124 867 4189 refertur.
907 4125 1028 4189 Verum
1051 4125 1084 4187 in
1107 4124 1221 4189 codice
1243 4125 1292 4188 ita
1314 4124 1393 4188 scri·

241 4233 346 4298 bitur:
370 4268 412 4276 -
434 4254 548 4296 manu
579 4255 657 4298 nou
685 4233 877 4297 mitterem
911 4232 1008 4316 quid
1036 4253 1114 4296 non
1141 4233 1279 4298 iurare
1308 4253 1394 4298 eum
