3060 5272
707 754 767 816 ιιι
833 710 837 715 ’
1200 769 1263 823 nu
1280 767 1315 824 ιι

247 938 391 1025 Cap.26,
414 945 450 1004 4:
475 945 515 1004 et
537 960 655 1023 quum
677 937 874 1003 P.Decius
898 959 940 1004 se
966 938 1007 1003 in
1029 938 1231 1005 Samnium
1252 940 1315 1006 rel

160 1050 201 1114 in
228 1048 435 1114 Etruriam
464 1047 684 1132 proficisci
710 1053 899 1130 paratum
927 1068 1018 1112 esse
1047 1048 1313 1129 ostendisset,

153 1163 279 1222 tanta
307 1157 459 1222 latitia
489 1176 536 1220 ac
566 1154 795 1238 gratulatio
817 1153 913 1235 fuit,
943 1160 986 1219 ut
1008 1160 1070 1220 cet.
1121 1155 1244 1220 Fabius
1267 1157 1314 1221 sio

159 1263 260 1330 Decio
291 1264 457 1348 optionem
484 1262 624 1341 iecerat,
659 1267 770 1326 utrum
800 1263 834 1326 in
858 1262 1042 1343 Samnium,
1078 1283 1151 1346 quae
1179 1264 1209 1327 ei
1237 1285 1314 1346 pro-

158 1373 266 1437 vincia
287 1377 377 1449 erat,
410 1373 460 1435 ire
487 1371 602 1435 mallet
630 1391 673 1435 an
702 1390 812 1434 secum
835 1371 968 1435 adiutor
989 1372 1023 1435 in
1045 1370 1214 1435 Etruriam
1237 1392 1314 1454 pro-

157 1478 268 1558 ficisci,
290 1486 329 1544 ut
350 1479 413 1544 hoc
436 1500 472 1543 se
494 1478 703 1542 vehementer
725 1485 841 1561 optare
864 1478 1073 1561 significaret.
1106 1479 1181 1544 Non
1204 1478 1315 1544 reddit

157 1589 187 1652 ei
209 1587 331 1652 Decius
355 1588 538 1671 optionem,
573 1585 632 1650 sed
660 1585 694 1650 id
723 1586 833 1669 ipsum
862 1606 897 1650 se
925 1584 1034 1650 iacere
1062 1593 1218 1670 paratum
1241 1607 1313 1651 esse

157 1694 318 1774 ostendit,
357 1694 447 1779 quod
481 1692 623 1758 Fabium
656 1700 690 1758 et
723 1693 884 1777 populum
917 1693 1016 1757 malle
1049 1693 1226 1776 intellegit,
1264 1700 1312 1774 ut,

157 1803 280 1867 omissa
313 1823 375 1867 sua
407 1802 588 1886 provincia,
622 1802 656 1865 in
688 1799 857 1866 Etruriam
891 1807 955 1865 eat.
1011 1800 1092 1866 Inde
1114 1802 1231 1867 laetitia
1253 1810 1312 1868 est.

155 1909 274 1994 Itaque
292 1910 479 1974 necessario
497 1909 645 1974 tollenda
661 1915 739 1974 sunt
755 1908 856 1973 rerba
873 1909 912 1973 in
930 1906 1131 1974 Samnium
1147 1909 1221 1990 rel,
1240 1931 1313 1994 quae

155 2039 221 2083 non
249 2018 420 2082 intellecta
448 2017 613 2081 sententia
640 2016 756 2080 addita
783 2022 869 2081 sunt.
925 2014 969 2080 Et
991 2017 1090 2082 scribi
1113 2017 1258 2083 debebat
1279 2019 1313 2082 in

156 2126 290 2210 optione
324 2125 436 2190 danda
474 2124 537 2189 vel
570 2125 610 2189 in
646 2122 849 2189 Samnium
880 2124 942 2189 rel
975 2125 1016 2189 in
1049 2123 1233 2204 Etruria,
1273 2130 1313 2191 ut

157 2254 185 2298 ο.
212 2237 260 2312 ro,
286 2237 315 2297 a.
361 2232 484 2314 (reor.)

241 2338 321 2424 Gap.
345 2344 402 2420 28,
431 2343 450 2404 3
480 2339 567 2423 quod
590 2339 760 2404 scribitur:
796 2346 835 2404 et
863 2339 1065 2406 Samnites
1094 2347 1136 2405 et
1170 2340 1312 2407 Gallos

155 2450 283 2532 primo
317 2449 473 2532 impetu
507 2447 666 2513 feroces
700 2469 806 2528 esse,
840 2468 942 2532 quos
977 2449 1177 2513 sustineri
1207 2449 1311 2514 satis

155 2556 227 2636 sit3
261 2556 447 2640 longiore
482 2556 706 2620 certamine
736 2562 815 2635 oet,
849 2577 915 2619 non
938 2555 1051 2622 Gallos
1080 2561 1115 2620 st
1137 2554 1310 2638 Samnites,

155 2665 252 2747 quasi
281 2663 316 2728 hi
346 2663 421 2728 aliis
445 2664 603 2729 contrarii
626 2664 708 2742 sint,
738 2664 893 2728 sustineri
916 2665 998 2728 satis
1021 2685 1092 2728 esse
1115 2663 1181 2728 dici
1204 2663 1312 2744 debet,

155 2771 215 2836 sed
248 2778 337 2851 tum,
371 2773 481 2856 primo
503 2773 647 2855 impetu,
681 2772 763 2836 satis
787 2791 858 2835 esse
881 2771 1051 2852 sustineri,
1082 2777 1199 2854 postea
1227 2773 1313 2837 vinci

155 2900 262 2963 posse.
313 2879 430 2962 Itaque
453 2880 564 2963 aptius
586 2879 697 2944 Livius
720 2879 906 2962 scripsisset
927 2899 1051 2962 quem,
1073 2879 1164 2962 quod
1184 2879 1312 2946 Kochio

157 2985 192 3050 in
215 2993 359 3051 mentem
381 2988 487 3067 venit;
517 2987 574 3052 sed
596 2986 630 3051 id
652 2987 686 3050 in
709 3006 810 3068 quos
832 3007 899 3052 non
922 2988 1105 3051 transisset.
1154 2987 1311 3053 Fortasse

155 3096 314 3178 scriptum
337 3103 410 3160 erat
428 3115 543 3177 quom
561 3093 665 3177 (qud)
679 3093 1068 3177 sustineri-.(1875.)
1095 3093 1220 3159 Eodem
1239 3116 1310 3180 cap.

155 3198 216 3284 §8
247 3200 294 3282 (in
322 3204 515 3267 narratione
544 3201 662 3286 proelii
691 3202 733 3266 ad
757 3200 943 3283 Sentinum,
978 3209 1153 3286 postquam
1182 3204 1311 3288 equites

154 3308 322 3376 Romanos
352 3331 371 3375 a
399 3309 434 3375 P.
458 3310 561 3376 Decio
590 3310 684 3375 Mure
713 3310 747 3375 in
777 3310 890 3375 hostes
918 3311 1102 3376 concitatos
1131 3311 1309 3394 narrarit):

154 3415 222 3482 Bis
252 3425 442 3483 avertere
466 3418 669 3483 Gallicum
698 3419 942 3502 equitatum
969 3419 1115 3483 iterum
1144 3419 1309 3501 longius

155 3532 325 3592 evectos
356 3532 396 3590 et
423 3527 503 3591 iam
526 3527 637 3591 inter
660 3525 791 3590 media
813 3526 994 3607 equitum
1017 3526 1177 3607 agmina
1198 3548 1309 3611 proe-

152 3632 251 3698 lium
279 3634 438 3698 cientes
466 3655 609 3698 novum
638 3653 779 3717 pugnas
801 3633 1040 3698 conterruit
1061 3655 1194 3717 genus.
1243 3635 1310 3701 lte·

153 3761 226 3805 rum
250 3740 328 3823 (hoc
349 3747 413 3820 est,
443 3741 549 3806 altero
571 3742 707 3825 impetu,
737 3760 803 3823 quo
827 3739 1010 3821 equitatum
1032 3739 1196 3807 Gallicum
1218 3762 1309 3808 aver·

221 4014 268 4081 31,
291 4011 401 4079 llnsm
425 4028 464 4065 ex
486 4027 592 4081 aequo,
615 4028 656 4066 ex
676 4016 873 4082 praeparato
891 4013 984 4067 minus
1002 4013 1058 4069 hue
1074 4013 1244 4084 pertinent),
1267 4032 1307 4070 ex

220 4113 301 4150 vero
325 4102 418 4150 autem
441 4097 533 4166 ipsum
556 4096 632 4166 apud
657 4097 820 4153 Sallustium
845 4102 874 4152 et
895 4095 1025 4154 Ouidium
1052 4100 1087 4168 (r.
1111 4099 1202 4155 Haud.
1225 4098 1305 4156 Turs.

219 4180 252 4236 H
277 4199 304 4252 p.
327 4181 403 4249 655);
430 4199 495 4236 nam
522 4199 604 4237 vero
630 4199 682 4253 pro
708 4201 789 4240 vera
816 4183 900 4240 nullis
927 4185 981 4240 nisi
1005 4184 1143 4241 Plautinis
1169 4187 1305 4256 exemplis

220 4265 333 4322 defendi
351 4265 493 4337 Curtiique
510 4266 544 4336 V,
562 4269 587 4335 ⁷,
604 4270 629 4323 4.
657 4267 798 4339 Opposuit
815 4269 844 4325 0.
853 4270 885 4325 F.
895 4270 938 4325 W.
947 4271 1099 4326 Muellerus
1118 4271 1191 4340 (anu.
1206 4272 1305 4342 philol.

219 4350 395 4422 xc1p.sa)
418 4351 474 4407 duo
498 4353 553 4407 alia
574 4351 678 4424 Curtii,
705 4361 766 4412 tum
783 4355 862 4412 Flori
886 4354 1023 4427 Gelliique
1045 4357 1120 4425 (nam
1138 4357 1266 4414 Sallustii
1289 4376 1305 4414 e

219 4436 313 4493 Nonio
345 4454 405 4493 non
435 4438 491 4494 hoe
517 4437 673 4496 adnotants
700 4441 916 4497 incertissimum
943 4442 1009 4511 est);
1040 4461 1076 4499 ne
1103 4443 1165 4500 hee
1192 4444 1304 4515 quidem

218 4521 403 4676 giersqsdlent,
429 4523 542 4579 Livium
564 4541 621 4580 uno
643 4526 706 4582 loco
728 4527 770 4584 sic
794 4527 907 4583 dixisse.
953 4526 1009 4583 Sed
1027 4527 1149 4584 difficilis
1167 4536 1211 4586 est
1229 4530 1302 4586 diiu-

249 4624 284 4664 cs
296 4624 334 4662 ιο.
