3060 5272
253 346 314 401 oio.
333 345 471 399 xxxvii.
803 330 864 391 536

338 516 416 599 Cap.
442 523 491 587 59,
516 522 535 578 4
553 516 598 595 (iu
613 515 834 599 descriptione
853 512 1012 597 triumphi
1030 512 1066 575 L.
1088 505 1281 594 Scipionis):
1304 528 1417 573 num·

254 647 334 689 uros
358 646 504 690 aurcos
523 624 760 705 Philippeos
784 619 1242 702 centumquadraginta
1264 614 1413 681 millia

251 732 349 811 Nihil,
373 733 461 815 quod
484 732 583 797 ullius
606 732 760 795 momenti
781 738 883 822 osset,
906 728 1093 792 Perizonius
1111 725 1167 805 (ad
1184 724 1311 790 Sanctii
1330 722 1412 803 Min.

251 840 305 915 IV,
329 846 348 903 8
372 864 402 923 p.
428 838 513 919 711),
547 860 643 920 quem
666 837 958 903 Drakenborchins
981 841 1147 900 auctorem
1170 833 1268 907 citat,
1291 832 1412 900 attulit

248 949 290 1013 ad
313 949 399 1012 hauc
423 948 583 1011 orationis
607 946 750 1010 formam'
770 947 960 1025 (nummos
984 952 1140 1008 centum
1162 940 1307 1023 millia)
1327 960 1410 1007 con·

248 1064 302 1120 tra
335 1056 536 1119 Gronovium
567 1054 813 1118 defendendam.
860 1052 975 1134 [Paulo
1004 1052 1071 1115 alia
1100 1058 1152 1115 est
1179 1049 1281 1129 ratio,
1303 1070 1410 1131 quum

248 1165 281 1227 iu
305 1185 461 1228 censuum
490 1162 634 1227 numeris
663 1162 876 1244 praemittitur
905 1160 1069 1224 constanti
1093 1157 1247 1222 formula:
1282 1178 1409 1225 censa

246 1279 342 1335 sunt
377 1272 522 1334 ciuium
556 1270 696 1353 capuita
728 1266 794 1348 —.]
842 1267 905 1331 seo
941 1266 1029 1350 quod
1070 1266 1123 1329 hic
1156 1285 1405 1331 nummorum

245 1400 459 1443 aureorum
488 1378 796 1460 Philippeorum
825 1376 940 1456 reponi
970 1374 1086 1453 voluit,
1116 1394 1181 1437 non
1203 1372 1311 1438 solum
1334 1376 1403 1441 rio·

243 1486 348 1549 lentor
371 1488 453 1563 agit.
478 1486 533 1549 sed
558 1508 621 1549 non
646 1486 750 1567 magis
774 1506 870 1565 quarn
895 1483 994 1548 ceteri
1020 1483 1062 1546 ad
1080 1481 1169 1546 alind
1187 1480 1297 1545 mendi
1314 1482 1403 1548 indi·

246 1594 330 1655 cium
354 1594 506 1657 attendit.
552 1593 680 1656 Nimius
712 1600 762 1657 est
797 1594 883 1656 enim
907 1591 1152 1675 Philippeorum
1176 1609 1348 1668 numerum
1372 1590 1402 1655 si

244 1708 457 1782 comparatur
475 1709 533 1764 aut
551 1723 623 1764 cunr
643 1700 677 1763 Τ.
692 1700 835 1775 Quinctii
854 1700 1029 1764 Flaminini
1049 1696 1216 1779 triumpho
1234 1696 1399 1775 (XXXIV,

243 1806 307 1887 52),
330 1808 363 1870 111
388 1830 452 1891 quo
476 1808 637 1891 Philippei
665 1813 766 1875 14514
795 1810 854 1873 lati
885 1815 976 1881 sunt,
1011 1814 1068 1871 aut
1098 1827 1171 1870 cum
1200 1803 1257 1869 Cn.
1280 1805 1399 1872 Manlii

241 1914 393 1978 l'nlsonis
417 1914 579 1995 (xxxix,
604 1921 645 1996 7).
669 1916 702 1979 in
721 1936 785 1996 quo
805 1914 939 1978 fuerunt
955 1914 1116 1996 Philippei
1140 1918 1257 1992 163203
1280 1934 1398 1995 quam·

240 2044 339 2103 quam
363 2025 447 2087 enim
467 2025 564 2087 etiam
584 2023 841 2088 tetrachnmrurn
861 2023 1045 2087 Atticorum
1065 2031 1098 2086 et
1115 2022 1338 2105 cistophorum
1362 2026 1397 2089 in

153 2133 223 2200 (436)
242 2130 306 2194 illis
329 2132 503 2214 triumphis
522 2134 628 2196 minor
645 2132 707 2195 fuit
724 2151 889 2207 numerus,
912 2138 1022 2193 tamen
1040 2150 1248 2212 nequaquam
1264 2130 1323 2195 illa
1339 2153 1396 2197 ra·

238 2239 327 2302 tione
352 2260 485 2303 sunnnae
509 2240 673 2304 differunt.
709 2239 842 2303 hlilliu
866 2240 960 2303 abest
983 2239 1015 2301 in
1039 2237 1065 2300 B
1090 2238 1285 2321 duobusque
1309 2240 1396 2306 Dra·

237 2343 428 2410 honborchii
442 2347 620 2413 codicibus.
656 2347 773 2429 Itaque
797 2353 914 2411 centu
926 2370 956 2411 in
977 2347 1131 2427 quadra
1139 2347 1252 2426 ginta
1270 2348 1393 2429 singuli

237 2461 314 2516 sunt
332 2453 502 2535 Philippoi,
527 2455 664 2521 millium
684 2477 840 2519 numerus
860 2455 989 2525 excidit,
1013 2457 1255 2538 scripseratque
1276 2454 1391 2521 Liuius

234 2559 276 2621 ud
300 2560 384 2621 hanc
407 2560 559 2624 formam:
590 2584 768 2625 nummos
793 2584 937 2625 aureos
960 2562 1238 2646 Philippeos*
1262 2564 1391 2627 ΙΙΙΙΙι

235 2674 395 2728 centum
436 2668 719 2750 quadraginta.
778 2670 831 2732 Sic
871 2672 956 2733 enim
996 2680 1029 2734 et
1068 2670 1308 2753 Philippeos
1352 2680 1389 2739 et

234 2772 544 2855 Philippeorum
567 2778 644 2857 poni
669 2785 788 2858 potest.
819 2777 826 2859 Ι
835 2777 1011 2853 xxxt'llt
1036 2783 1085 2851 38,
1113 2784 1160 2849 13,
1185 2778 1241 2841 ubi
1269 2779 1388 2845 scribi-

231 2887 302 2942 tur:
337 2882 507 2961 Argenti
531 2884 646 2962 prohi
670 2885 832 2950 talenta
856 2888 994 2950 Attica
1017 2886 1088 2949 XII
1116 2888 1247 2952 millio
1276 2887 1385 2969 date,

230 2987 340 3051 Livius
364 2998 420 3053 aut
445 3011 555 3053 errore
578 2992 776 3057 talentum
800 2996 1033 3058 Atticorum
1057 2996 1229 3078 scripsisse
1252 2978 1386 3061 ridetur

231 3103 289 3160 aut
312 3096 441 3160 Attici
466 3098 691 3182 talentum]
727 3101 883 3166 Extremo
908 3104 1016 3184 capite
1040 3102 1070 3183 (ξ
1095 3103 1382 3186 (1111111111-

229 3203 334 3267 dium
367 3207 548 3271 militore
584 3215 622 3272 et
657 3204 900 3273 frumentum
934 3209 1083 3292 duplex
1114 3217 1203 3292 post
1235 3211 1381 3275 trium-

227 3311 342 3392 phum
367 3312 517 3385 dotum:
551 3316 711 3398 proelio
741 3318 779 3379 in
808 3318 904 3380 Asia
932 3318 1041 3381 facto
1076 3316 1224 3399 duplex
1259 3316 1380 3383 dede-

226 3426 303 3499 rat)
328 3420 432 3485 altero
456 3430 529 3485 utro
552 3422 625 3486 loco
649 3424 793 3506 duplex
826 3425 1016 3489 mendosum
1045 3447 1117 3489 esse
1146 3426 1276 3491 ridetur
1298 3428 1379 3491 scri·

224 3524 433 3609 bendumque
468 3531 641 3611 triplex3
676 3532 750 3613 ipsa
784 3533 867 3595 eninr
899 3532 1058 3597 orationis
1088 3534 1193 3599 fornia
1222 3534 1377 3611 ostendit,

223 3653 287 3696 non
305 3632 391 3698 idem
411 3635 460 3698 his
480 3636 592 3701 dutum
613 3660 700 3718 esse;
725 3639 859 3703 dixisset
879 3641 965 3703 enim
983 3640 1107 3703 Livius:
1132 3640 1237 3707 idem
1258 3664 1378 3723 proe-

222 3741 275 3805 lio
298 3746 318 3808 i.
348 3742 384 3803 Α.
408 3742 429 3805 f.
454 3744 619 3808 dederat
644 3746 841 3810 sirniliterte.
