3060 5272
241 364 305 421 Lib.
322 360 427 421 xum
790 350 853 412 664

235 541 520 603 ’6666666-66
536 534 570 601 G.
590 533 1003 619 Sulpicius-tres-
1017 533 1201 601 nominat
1216 533 1398 620 legatos,

244 645 311 730 qui
332 642 723 729 —proficiscantur
745 663 792 709 ex
813 641 912 708 urbe
935 647 990 722 et,
1014 647 1210 725 quantum
1232 643 1399 711 accele-

241 773 332 819 rare
355 759 540 838 possent,
564 751 762 831 Cassium,
784 749 1018 833 ubicunque
1047 752 1116 831 sit,
1145 773 1400 837 persequan-

242 866 324 942 tur3
357 863 562 941 nuntient,
594 872 643 927 66
665 858 819 928 bellum
851 880 937 936 cum
959 858 1046 924 ulla
1073 867 1191 944 gente
1218 867 1397 942 moveat,

241 971 322 1036 nisi
345 991 429 1036 oum
451 990 528 1055 qua
548 976 715 1036 senatus
737 1005 780 1016 -
807 974 1036 1034 censuerat.
1070 967 1285 1035 Scribcndum
1307 990 1399 1054 pos·

241 1077 335 1145 sint.
390 1077 465 1143 Non
497 1077 671 1144 aberratur
702 1076 785 1157 fere,
820 1084 856 1142 66
896 1097 983 1160 sape
1017 1075 1100 1155 dixi,
1129 1075 1195 1143 nisi
1232 1075 1290 1143 ubi
1331 1098 1399 1144 una

241 1186 355 1252 littera
376 1183 490 1254 forma
512 1186 652 1266 distant3
676 1191 788 1252 esset
809 1207 869 1270 pro
893 1185 946 1250 sit
969 1184 1129 1269 scriptum
1150 1205 1216 1251 nou
1238 1185 1396 1270 reperias.

242 1293 325 1361 Tum
348 1302 568 1361 censuerat
590 1294 624 1359 in
647 1293 857 1361 censuerit
879 1291 1072 1358 mutandum
1095 1314 1182 1373 esse,
1204 1292 1400 1361 Perizonius

240 1403 337 1484 ridit3
360 1408 398 1469 ut
419 1406 506 1470 enirn
529 1402 741 1469 indicativum
763 1400 915 1481 feramus,
939 1421 1012 1466 cum
1032 1400 1164 1468 nullane
1187 1409 1284 1486 gente
1305 1407 1397 1488 post·

240 1510 304 1577 hac
336 1510 459 1578 bellum
492 1532 605 1596 gerere
638 1509 778 1589 licebat,
817 1510 881 1575 nisi
914 1530 989 1574 cum
1023 1530 1089 1593 qua
1121 1511 1187 1575 iam
1221 1516 1299 1577 ante
1331 1510 1398 1577 hoc

241 1623 370 1703 tempus
394 1625 528 1685 senatus
550 1619 729 1703 gerendum
751 1619 954 1684 censuisset?
998 1617 1083 1683 Nam
1106 1620 1339 1685 censuisset
1362 1619 1398 1684 in

241 1727 391 1792 oratione
414 1727 549 1812 obliqua
576 1733 651 1811 post
674 1726 878 1810 praeteritum
904 1725 1008 1791 futuri
1038 1729 1146 1792 exacti
1169 1728 1273 1793 vicem
1296 1729 1398 1794 susti·

241 1840 308 1915 net,
332 1842 553 1901 censuerat
574 1857 649 1900 vere
672 1834 832 1918 praeteriti
854 1835 1014 1918 temporis
1038 1842 1098 1901 est.

275 2006 280 2013 ,
327 1941 458 2028 0662,
484 1944 579 2009 lain
606 1941 657 2009 his
685 1941 807 2009 codicis
834 1942 970 2008 litteris:
1006 1963 1101 2009 neve
1123 1950 1290 2026 cogeret
1313 1942 1397 2025 (ma-

239 2051 399 2135 gistratus
431 2051 613 2135 Romanus)
647 2053 907 2118 uicensumas
942 2051 1119 2117 uendere
1152 2051 1398 2137 hispanonis

241 2162 389 2244 quanti
422 2162 508 2246 ipse
541 2160 701 2228 uellent
740 2159 985 2244 apertissimum
1026 2167 1077 2225 est
1111 2160 1220 2226 latere
1254 2161 1398 2245 primum

240 2269 442 2353 Hispanos
465 2269 562 2349 nisi3
585 2270 698 2353 itaque
721 2289 786 2334 non
809 2267 963 2334 vellent
990 2268 1023 2332 in
1051 2267 1181 2333 vellet
1203 2269 1397 2335 mutandum

240 2385 320 2457 erat,
342 2377 401 2443 sed
422 2379 510 2463 ipse
543 2379 577 2443 in
610 2377 700 2461 ipsi.
745 2376 788 2442 Et
821 2375 864 2442 ad
895 2375 1061 2459 Hispanos
1094 2378 1219 2443 rectius
1252 2376 1398 2444 refertur

239 2506 436 2571 pronomen,
450 2485 597 2570 alioquin
609 2485 718 2550 Livius
730 2483 869 2549 dixisset
886 2485 1032 2566 quanti
1050 2483 1184 2550 vellet.
1198 2484 1321 2568 (1864.)
1345 2484 1362 2570 ὃ
1375 2490 1396 2552 6

240 2614 353 2659 vereor
375 2614 415 2658 66
437 2592 618 2659 Vahlenius
642 2592 846 2658 aberraverit
868 2593 1071 2674 traxeritque
1094 2593 1275 2659 Hortzium.
1308 2593 1395 2660 Nam

242 2722 398 2768 sumere
431 2707 750 2785 recuperatores
783 2698 987 2783 (iudicem)
1021 2701 1150 2768 alicui
1177 2723 1284 2786 neque
1313 2701 1394 2768 alibi

239 2811 403 2893 reperitur
424 2829 529 2892 66666
552 2808 658 2888 rideo,
682 2829 782 2893 quam
803 2809 964 2875 rationem
983 2809 1112 2876 dativus
1133 2809 1221 2894 apud
1239 2810 1301 2877 hoc
1322 2831 1394 2876 ver-

240 2917 320 2984 bum
341 2917 478 2998 habeat,
501 2916 608 2983 ferre
630 2917 759 2983 alicui
782 2916 962 2984 iudicem
982 2919 1142 2985 usitatum
1165 2924 1224 2984 est.
1271 2917 1396 2985 Contra

241 3047 326 3093 curn
349 3026 488 3110 aliquo
515 3033 832 3110 recuperatores
855 3047 1028 3107 sumere,
1052 3028 1207 3110 quoniam
1234 3027 1305 3093 haeo
1326 3029 1394 3112 pri·

240 3135 308 3200 rati
324 3134 438 3200 iudicii
454 3133 559 3200 forma
581 3140 641 3215 666,
664 3133 779 3201 eodem
801 3134 898 3201 modo
921 3135 1050 3215 dicitur,
1074 3157 1139 3220 quo
1162 3156 1284 3219 agere
1307 3157 1394 3201 cum

241 3244 387 3328 aliquo.
443 3243 511 3309 Nec
548 3243 645 3326 longe
685 3241 869 3309 diiunctum
913 3250 979 3322 est,
1020 3244 1109 3327 quod
1148 3242 1272 3309 bellum
1306 3256 1393 3308 cum

240 3351 351 3435 aliquo
375 3352 460 3418 sumi
482 3351 604 3417 dicitur
626 3356 683 3416 aut
705 3350 794 3434 quod
816 3351 927 3417 odium
950 3353 1049 3417 alicui
1073 3372 1157 3416 cum
1180 3351 1291 3433 aliquo
1322 3371 1394 3418 esse

241 3460 402 3544 (XXVIII,
428 3464 476 3540 18,
495 3463 524 3540 3,
542 3457 608 3524 Cic.
632 3458 672 3523 de
690 3480 779 3542 prov.
799 3463 951 3538 666610,
976 3460 1040 3541 24).
1076 3458 1284 3545 Significatur
1307 3460 1394 3525 enim

241 3570 381 3649 omnino,
405 3569 478 3651 quis
502 3588 542 3633 ex
567 3567 674 3633 altera
696 3573 791 3651 parte
815 3567 867 3633 sit.
910 3565 1033 3650 (1864.)

327 3673 406 3761 Cap.
432 3680 461 3756 3,
486 3680 504 3741 3
529 3674 598 3757 (ubi
621 3675 733 3759 agitur
755 3674 796 3741 de
819 3673 1006 3742 hominibus
1030 3697 1069 3741 ex
1091 3676 1249 3742 militibus
1272 3676 1393 3741 Roma·

239 3785 291 3849 nis
319 3791 352 3849 66
375 3805 414 3849 ex
436 3783 630 3850 mulieribus
658 3782 832 3866 Hispanis,
866 3782 1061 3867 quibuscum
1095 3784 1294 3851 connubium
1326 3806 1393 3850 666

240 3899 326 3973 6666,
349 3893 454 3973 natis,
488 3893 546 3977 qui
568 3891 722 3970 orabant,
756 3898 793 3956 ut
821 3891 886 3957 sibi
907 3889 1071 3977 {oppidum
1094 3892 1246 3971 daretur,
1270 3893 1303 3957 in
1327 3913 1391 3976 quo

239 4000 458 4082 habitarent):
493 4000 665 4067 Senatus
699 3998 894 4081 decrevit,
927 4006 972 4067 ut
1004 4002 1165 4068 nomina
1193 4021 1264 4066 sua
1286 3999 1393 4085 apud

241 4109 277 4175 L.
303 4108 542 4175 Canuleium
565 4108 763 4195 (praetorem,
787 4109 839 4174 cui
855 4109 1017 4194 Hispania
1039 4109 1207 4194 provincio
1224 4108 1392 4190 evenerat)

153 4231 227 4301 (661)
245 4215 563 4303 profiterentur,
605 4238 823 4301 eorumque
853 4213 900 4285 'si
934 4239 1033 4303 6666
1071 4218 1393 4298 manumisisset,
