3060 5272
220 385 282 442 Lib.
301 387 400 442 XXVI.
766 381 827 442 386

221 556 252 640 (ξ
275 563 295 620 4
317 559 370 622 vix
392 560 491 625 oredo
513 559 654 644 figuram
675 561 767 627 illam
790 563 964 642 orationis,
999 583 1065 645 qua
1092 582 1152 644 pro
1181 560 1380 627 condicione

220 665 407 731 adfirmatio
435 670 570 749 ponitur
592 676 652 734 aut
673 670 903 751 interrogatio,
935 670 1045 736 locum
1072 667 1195 733 habere
1218 669 1253 732 in
1275 688 1377 751 argu·

220 775 322 839 menti
356 775 577 854 conclusione,
612 798 685 860 quae
718 777 882 860 particula
914 779 1056 862 itaque
1090 776 1143 857 fit;
1181 777 1254 860 ipsa
1286 776 1377 841 enim

219 881 289 946 hac
322 882 486 964 particula
520 883 612 948 initio
640 883 747 967 posita
774 883 913 968 figuram
940 883 1131 969 perturbat,
1170 903 1298 963 vereor,
1333 903 1379 947 ne

221 990 255 1053 si
295 995 371 1072 post
408 988 547 1072 itaque
581 991 765 1074 exciderit.)
827 991 910 1074 [Iam
944 990 1186 1058 Alschefskius:
1227 990 1379 1073 Itaque

220 1095 377 1161 classes
400 1098 433 1161 si
455 1095 559 1179 —.]¹)
675 1158 678 1165 .

306 1203 387 1288 Cap.
417 1208 472 1283 38,
508 1209 527 1268 7
563 1205 618 1287 (de
647 1205 771 1281 Blattio
807 1207 944 1271 consilia
972 1209 1119 1290 agitante
1143 1205 1285 1290 Salapia
1306 1205 1376 1270 Ro·
1472 1237 1473 1240 ¹

218 1312 325 1377 manis
347 1311 547 1393 tradendae):
577 1312 652 1378 Sed
683 1315 770 1378 sine
794 1315 986 1379 adiutore
1008 1313 1133 1379 Dasio
1155 1335 1219 1378 res
1241 1318 1378 1377 trans·

219 1419 276 1501 igi
299 1441 375 1484 non
397 1427 571 1503 poterat.
615 1420 785 1486 Multum
809 1442 854 1486 ac
876 1421 944 1486 diu
968 1427 1200 1499 cunctatus,
1229 1426 1269 1484 et
1290 1424 1374 1483 tum

220 1547 381 1610 quoque
415 1528 541 1608 magis
575 1528 714 1611 inopia
747 1529 913 1593 consilii
946 1529 1123 1612 potioris
1156 1546 1274 1611 quam
1303 1546 1373 1610 spe

208 1616 396 1699 ‘effectus
419 1634 584 1700 Dasium
613 1635 870 1719 appellabat,
899 1635 1034 1701 atille
1056 1656 1201 1700 -rem
1224 1635 1373 1702 Hanni·

218 1740 306 1804 bali
330 1742 475 1824 aperit.
521 1741 583 1805 Vix
610 1763 708 1826 posse
738 1751 955 1809 cunctatus
978 1750 1017 1807 et
1041 1742 1097 1824 (—
1119 1742 1376 1827 appellabat)

218 1869 279 1931 pro
304 1855 522 1914 cunctatus
546 1857 609 1915 est
632 1856 671 1915 et
693 1851 814 1934 accipi,
844 1851 1065 1916 demonstravi
1089 1850 1132 1914 ad
1154 1850 1241 1929 XXI,
1265 1854 1315 1929 25,
1339 1855 1374 1930 93

219 1955 285 2021 alia
313 1963 424 2022 autem
454 1957 624 2041 particula
654 1964 693 2023 et
715 1958 925 2041 expedienda
947 1959 1000 2023 via
1022 1958 1113 2023 nulla
1136 1965 1196 2023 est.
1246 1957 1375 2022 Deinde

218 2085 353 2148 prorsus
376 2064 455 2129 ferri
479 2067 593 2147 nequit
616 2064 846 2150 imperfectum
870 2065 1146 2151 (appellabat),
1172 2065 1229 2131 ubi
1251 2063 1374 2148 signifi-

218 2179 314 2238 catur
335 2194 389 2238 res
412 2180 487 2256 post
505 2174 638 2257 longam
656 2174 896 2239 dubitationem
913 2174 1092 2256 aliquando
1109 2173 1212 2253 iacta3
1235 2173 1375 2238 Dasium

219 2281 358 2346 subinde
381 2302 402 2345 a
423 2281 549 2347 Blattio
580 2281 782 2365 appellatum
804 2303 844 2345 ne
867 2280 1038 2363 fingamus,
1060 2279 1213 2364 prohibet
1235 2288 1270 2346 et
1291 2287 1374 2345 tum

221 2409 387 2472 quoque,
411 2410 551 2472 queres
574 2388 675 2454 semel
698 2396 775 2471 acta
796 2395 941 2467 notatur,
964 2396 997 2453 et
1017 2388 1135 2468 brevis,
1158 2387 1237 2472 quid
1260 2389 1373 2453 statim

220 2494 341 2560 Dasius
364 2496 551 2580 appellatus
573 2495 703 2575 lecerit,
737 2495 932 2578 significatio
961 2496 1018 2576 (at
1045 2495 1119 2560 ille
1147 2531 1191 2542 -
1212 2494 1372 2580 aperit).

220 2600 436 2667 Scribendum
464 2610 530 2668 est:
570 2603 740 2669 Multum
769 2624 814 2668 ac
842 2604 909 2668 diu
937 2611 1156 2670 cunctatus
1185 2608 1257 2682 est3
1290 2608 1373 2666 tum

219 2731 377 2795 quoque
410 2711 538 2792 magis
571 2712 712 2795 inopia
745 2710 909 2775 consilii
943 2713 1116 2795 potioris
1150 2731 1266 2794 quam
1299 2730 1371 2794 spe

218 2817 396 2884 effectus
428 2818 590 2882 Dasium
624 2818 807 2898 appellen
842 2825 884 2883 at
922 2819 992 2883 ille
1028 2826 1088 2884 cet.
1144 2819 1194 2883 Ex
1227 2816 1369 2903 appel·

216 2925 322 2992 latat
344 2924 440 2990 facile
462 2927 541 2992 oriri
563 2927 674 3010 potuit
695 2925 940 3010 appellabat
961 2935 1012 2992 at.
1058 2926 1159 2991 Paulo
1183 2932 1259 3009 post
1285 2922 1316 3007 (ἓ
1334 2924 1369 3004 8)

216 3033 457 3119 appellabat
494 3040 606 3118 potest
644 3033 788 3099 fortasse
827 3035 933 3118 accipi
966 3034 1181 3118 appellare
1215 3033 1368 3116 coepit3

215 3143 273 3209 sed
306 3164 347 3207 ne
375 3141 422 3207 ibi
449 3142 581 3224 quidem
611 3142 832 3225 improbarem
860 3142 1056 3225 appellat.
1113 3140 1144 3223 [ἓ
1176 3145 1215 3206 10
1243 3142 1278 3205 in
1306 3140 1370 3204 hac

215 3251 373 3316 orationis
395 3248 515 3315 forma:
539 3250 579 3315 id
603 3250 753 3314 crimen
780 3249 945 3330 adferri,
969 3250 1084 3333 quod,
1109 3250 1204 3331 quia
1220 3253 1368 3314 testem

213 3358 364 3423 habere
397 3379 473 3422 non
506 3365 654 3442 posset,
682 3356 856 3423 liberius
884 3358 1063 3441 fingenti
1097 3357 1151 3422 sit
1178 3354 1366 3420 necessario

214 3472 351 3550 propter
375 3467 439 3546 sit,
467 3466 501 3529 in
525 3487 593 3549 quo
616 3465 720 3530 errari
743 3486 809 3529 non
832 3465 950 3549 potuit,
974 3463 1183 3529 scribendum
1209 3470 1259 3528 est
1280 3482 1366 3547 pos·

213 3575 282 3653 sit,
306 3575 339 3638 in
363 3594 429 3657 quo
452 3572 633 3656 saepissime
656 3571 840 3638 aberratur.
889 3569 995 3654 1868]

298 3680 376 3765 (lap.
401 3684 456 3760 39,
489 3684 527 3744 16
550 3679 598 3759 (in
621 3679 843 3763 descriptione
871 3700 988 3763 pugnae
1010 3678 1137 3744 navalis
1160 3679 1247 3744 inter
1267 3677 1366 3742 Nico·

125 3801 196 3870 lala)
214 3810 290 3854 nem
316 3789 529 3855 Tarentinum
563 3794 598 3852 et
624 3787 663 3851 D.
687 3786 875 3863 Quinctium
904 3785 1118 3867 Romanum):
1157 3785 1232 3874 Hic
1254 3784 1367 3868 (Nico)

238 3986 261 4055 ¹)
281 3986 308 4058 [ξ
331 3990 348 4042 6
370 3992 404 4042 61
432 3988 541 4045 libras
566 3988 681 4059 pondo
705 3989 886 4044 distributius
909 3991 1029 4058 dicitur,
1057 3995 1090 4045 ut
1110 3988 1241 4055 millia,
1269 4003 1366 4042 assas

278 4073 314 4129 de
328 4073 446 4144 singulis
461 4074 593 4143 millibus,
611 4074 730 4142 assibus5
749 4092 774 4128 v.
784 4072 823 4142 11,
832 4078 874 4143 88,
886 4079 926 4146 11,
936 4076 969 4143 V,
978 4078 1021 4143 47,
1030 4078 1056 4143 8,
1065 4074 1130 4142 VH,
1140 4077 1182 4142 87,
1192 4077 1217 4142 8,
1226 4073 1312 4142 Χ,80,
1324 4075 1364 4141 10,

276 4158 381 4297 1111111ίί,
406 4161 503 4312 11856871,
530 4176 604 4226 mox,
623 4160 727 4213 ommia
743 4160 793 4215 illa
811 4160 1027 4230 algnificationa
1049 4159 1193 4226 libram;
1215 4158 1264 4215 eir.
1282 4157 1366 4226 VIII,

311 4284 318 4310 ,
372 4284 378 4297 .
484 4284 490 4296 .
