3060 5272
210 356 274 412 Lib.
292 356 366 411 vlu
760 343 820 406 192

212 550 319 612 neque
354 529 440 594 enim
462 527 599 593 Decium
631 548 748 611 reapse
777 528 923 591 humana
950 526 1059 610 specie
1081 528 1304 610 augustiorem
1326 531 1368 596 ab

211 643 354 720 utraque
383 636 452 701 acie
480 641 690 719 conspectum
712 635 822 699 Livius
845 635 941 718 quasi
961 633 1145 701 testificans
1166 645 1369 719 narraverat,

213 745 285 824 sed,
320 765 394 828 quae
422 744 548 828 species
576 743 708 809 obiecta
735 743 852 808 animis
879 743 978 808 motis
1007 749 1104 808 esset.
1160 742 1279 828 Itaque
1303 747 1369 828 pri·

212 875 301 917 mum
329 852 435 918 oratio
466 853 513 916 sic
542 848 766 918 continuanda
792 855 857 914 est:
891 871 932 916 se
966 850 1004 914 in
1039 850 1194 917 medios
1226 852 1370 920 hostes

212 960 381 1025 immisit
421 967 666 1044 conspectus
699 958 746 1022 ab
780 964 954 1041 utraque
988 960 1074 1024 acie
1109 959 1264 1044 (utraque
1298 962 1369 1028 acie

212 1068 444 1151 inspectante).
501 1067 572 1132 lam
605 1068 753 1150 sequitur
786 1067 988 1146 necessarie,
1022 1073 1060 1132 ut
1092 1068 1125 1132 in
1153 1067 1187 1132 M
1215 1068 1306 1151 (Lov.
1335 1069 1369 1152 4)

213 1178 373 1259 scriptum
402 1183 453 1241 est
481 1173 618 1256 (visus,
653 1196 719 1239 non
747 1172 847 1255 visu)
877 1174 1127 1258 Gronoviusque
1157 1175 1267 1242 altera
1292 1197 1370 1243 con·

213 1284 341 1349 iectura
367 1290 588 1367 praeeperat:
622 1281 845 1365 Aliquanto
875 1284 1088 1364 augustior
1117 1283 1286 1350 humano
1313 1285 1371 1350 11-

214 1414 281 1458 sus
304 1391 349 1474 (h.
374 1414 400 1457 e.
424 1393 512 1456 visus
535 1390 617 1471 est),
646 1391 754 1454 sicut
782 1389 879 1455 caelo
902 1391 1049 1455 missus
1072 1391 1274 1474 piaculum
1297 1414 1372 1458 cm·

213 1502 276 1566 nis
311 1500 472 1565 deorum
504 1501 587 1577 irae,
627 1498 694 1581 qui
721 1533 765 1542 —
792 1497 929 1562 ferret.
986 1498 1049 1562 lta
1083 1499 1208 1564 omnis
1235 1505 1372 1565 terror

214 1629 422 1693 pavorque
451 1613 512 1672 cet.
563 1605 613 1670 Ab
642 1606 700 1669 ita
727 1625 844 1670 novam
874 1604 1046 1689 periodum
1073 1606 1234 1689 incipere,
1269 1609 1373 1672 mani·

131 1731 201 1799 (163)
219 1717 340 1782 festum
362 1722 426 1795 est3
460 1735 566 1797 neque
596 1715 682 1778 enim
711 1712 778 1778 ulle
806 1713 902 1778 modo
926 1714 1034 1778 sicut
1055 1715 1198 1780 missus
1222 1713 1372 1798 (Decius)

214 1860 271 1903 -,
304 1825 364 1888 ita
403 1824 528 1887 omnis
568 1828 703 1887 terror
744 1828 806 1885 cet.
841 1821 876 1884 iu
914 1841 1012 1885 uuam
1046 1823 1247 1887 seutentiam
1280 1831 1371 1889 recte

215 1930 350 1996 conflari
368 1936 514 2014 possunt.
546 1928 655 2013 [Quod
673 1950 777 2012 nuper
794 1929 966 1993 humano
984 1928 1128 1994 habitu
1145 1931 1372 2016 1100100110-

213 2046 364 2119 tumeat,
387 2039 521 2103 habitus
544 2036 625 2101 nihil
648 2037 689 2100 ad
712 2037 797 2101 hane
820 2057 889 2100 rem
912 2037 1066 2119 pertinet.
1113 2036 1177 2102 Sed
1198 2059 1263 2103 non
1287 2059 1371 2121 nego

215 2148 431 2214 dubitationis
455 2146 581 2229 aliquid
603 2145 727 2209 habere
750 2144 923 2209 humano
946 2164 1006 2227 pro
1030 2142 1191 2210 homine
1209 2148 1372 2230 positum3

214 2278 290 2321 nam
314 2256 404 2339 apud
427 2253 577 2319 Ovidium
596 2252 739 2333 Fastll,
764 2256 825 2317 503
849 2250 1055 2335 significatur
1072 2252 1240 2334 Romulus,
1264 2255 1373 2337 qualis

214 2365 302 2429 inter
320 2365 470 2429 homines
487 2361 573 2445 fuit]
602 2363 772 2426 Postremo
790 2358 807 2443 ξ
828 2365 866 2424 12
884 2361 917 2424 iu
935 2360 1172 2444 significatione
1189 2363 1238 2427 rei
1255 2363 1375 2447 saepius

215 2473 363 2554 repetitae
389 2473 507 2536 eteius
525 2469 623 2554 qued,
648 2470 909 2553 quotiescunque
926 2470 1071 2552 repetita
1088 2469 1140 2548 sit,
1164 2477 1375 2537 consecutum

216 2580 268 2657 sit,
291 2578 500 2643 scribendum
524 2599 610 2642 esse:
636 2597 886 2660 quacumque
903 2612 947 2621 —
964 2578 1151 2642 invectus
1173 2584 1273 2643 esset
1299 2578 1375 2662 (pro

198 2686 302 2767 est),
325 2686 382 2750 ibi
403 2721 447 2731 —
468 2684 681 2769 pavebant,
705 2686 940 2750 intellexerunt
962 2684 1136 2769 Siesbyeus
1159 2690 1193 2750 et
1214 2685 1346 2751 Alanus.

303 2791 381 2878 Cap.
409 2800 462 2872 10,
494 2798 528 2856 3:
563 2793 633 2877 qui
665 2792 784 2874 (triarii
805 2790 929 2873 Latini)
960 2793 1214 2876 aliquamdiu
1241 2813 1389 2878 pugna,

217 2903 349 2966 atroci
383 2922 497 2985 quum
532 2907 572 2966 et
606 2908 732 2965 semet
764 2902 847 2985 ipsi
879 2900 1135 2984 fatigassent
1163 2906 1203 2966 et
1230 2902 1372 2968 hastas

217 3017 286 3075 aut
325 3008 631 3093 praefregissent
670 3017 740 3074 aut
773 3008 1058 3089 hebetassent,
1097 3008 1305 3092 pellerent
1336 3009 1376 3074 11

216 3124 351 3183 tamen
374 3116 535 3197 hostem,
567 3115 814 3182 debellatum
836 3116 915 3180 iam
937 3117 1017 3181 rati
1039 3152 1091 3197 —,
1124 3121 1206 3181 tum
1229 3117 1375 3183 consul

216 3226 389 3306 triariis,
416 3224 679 3307 „Consurgite
702 3224 838 3303 nunc“,
860 3223 997 3307 inquit
1019 3229 1082 3288 cet.
1117 3224 1232 3307 Neque
1254 3225 1293 3288 vi
1315 3244 1375 3290 cur

217 3334 371 3414 addatur,
400 3334 615 3415 intellegitur,
644 3332 738 3415 quasi
763 3337 859 3396 atrox
882 3351 995 3414 pugna
1018 3332 1088 3396 sine
1110 3332 1142 3395 vi
1164 3353 1236 3397 esse
1259 3332 1374 3416 possit,

217 3463 322 3525 neque
352 3442 430 3525 quid
461 3447 539 3523 agat
567 3448 715 3519 tamen3
749 3459 825 3502 nam
860 3438 1045 3502 vehementi
1073 3440 1206 3505 conatui
1237 3438 1373 3506 effectus

216 3572 280 3615 non
305 3550 489 3614 contrarius
513 3554 576 3627 est3
606 3546 706 3625 addc,
735 3548 766 3610 in
791 3546 850 3611 tali
874 3545 1031 3628 asyndeto
1054 3567 1118 3610 uon
1142 3547 1288 3630 potuisse
1312 3552 1375 3612 ta·

217 3679 301 3722 men
324 3659 356 3721 in
379 3658 514 3722 tertium
536 3657 644 3720 locum
667 3655 767 3734 reiici,
791 3654 848 3719 sed
871 3655 1056 3719 necessario
1074 3655 1137 3738 ipsi
1155 3654 1254 3720 verbo
1273 3654 1374 3721 subii·

218 3765 368 3829 ciendum
406 3764 505 3829 fuisse
545 3763 766 3847 (pellerent
806 3762 962 3844 tamen).
1026 3762 1213 3847 Scripserat
1247 3762 1374 3828 Livius:

216 3874 484 3953 {uellerentque
524 3873 672 3934 taaleni
706 3870 871 3935 hostem.
934 3871 1112 3936 Tandem
1145 3893 1204 3954 pro
1238 3877 1375 3937 tamen

216 3981 456 4046 restituendum
479 3980 609 4045 ostendi
633 3980 731 4043 etiam
755 3978 801 4058 ll,
831 3983 881 4057 42,
914 3984 962 4043 10.
1013 3978 1138 4044 Eodem
1161 3979 1270 4062 capite
1293 3977 1309 4062 ξ
1335 3982 1374 4044 13

218 4088 265 4153 sic
287 4088 456 4154 scribitur:
493 4088 560 4152 Sin
590 4094 719 4152 autem
749 4109 837 4152 sese
866 4087 1066 4153 devovere
1089 4087 1215 4167 volet,
1248 4086 1374 4152 sicuti

218 4195 364 4261 Decius
404 4197 582 4275 devovit,
622 4197 660 4260 ui
700 4195 887 4271 moritur,
927 4216 1058 4279 neque
1100 4215 1212 4259 suum
1244 4212 1374 4278 neque
