3008 4756
676 324 736 387 185
1124 338 1281 397 marm

127 517 229 590 esset,
263 509 353 595 quod
384 509 436 576 bis
469 507 653 593 oportebat.
708 506 834 574 Eodem
868 510 976 593 capite
1004 507 1022 592 ἓ
1054 513 1073 574 9
1101 516 1136 576 et
1167 517 1206 576 10
1234 510 1283 594 (in

127 620 277 685 oratione
293 617 418 683 Valerii
436 613 582 697 Corvini)
603 616 651 681 sic
674 614 846 681 scribitur:
870 615 1017 682 Eodem
1038 622 1181 684 tenore
1204 618 1282 686 duo

127 728 392 811 insequentes
427 723 676 791 consulatus
710 724 834 807 gessi,
874 722 1010 789 eodem
1040 723 1124 791 hac
1157 726 1282 811 impe·

127 836 241 900 riosa
262 833 472 900 dictatura
500 838 679 916 geretur,
712 837 756 897 ut
784 851 916 914 neque
944 831 984 895 in
1018 832 1090 898 hos
1112 854 1220 899 meos
1244 840 1283 901 et

127 943 275 1026 patriae
314 962 405 1006 mese
439 940 596 1006 milites
629 940 769 1004 mitior
802 923 917 1020 quam
949 940 988 1003 in
1022 961 1089 1005 vos
1123 938 1282 1023 (horreo

129 1048 280 1131 dicere)
307 1048 459 1116 hostes.
509 1047 616 1130 Ergo
645 1068 713 1113 vos
741 1047 854 1130 prius
882 1047 922 1111 in
943 1068 1000 1112 me
1023 1049 1282 1116 strinxeritis

127 1156 279 1222 ferrum
313 1177 434 1241 quarn
462 1156 502 1220 in
530 1175 597 1220 vos
626 1175 706 1238 ego.
761 1154 924 1219 Vitiosum
947 1175 1017 1219 esse
1040 1162 1098 1235 ut,
1132 1158 1283 1222 vitiosam

127 1286 198 1329 esse
222 1266 256 1329 in
274 1265 339 1329 his:
363 1284 492 1347 neque
515 1263 554 1326 in
576 1260 859 1326 hos—mitior
875 1262 965 1328 verbi
983 1264 1202 1345 omissionem,
1225 1266 1282 1331 alii

127 1373 194 1437 iam
216 1371 385 1450 viderunt,
414 1391 521 1453 neque
544 1369 614 1434 ulla
636 1374 686 1434 est
708 1368 899 1434 anacoluthi
922 1371 1098 1451 excusatio,
1127 1374 1283 1455 quoniam

127 1500 188 1544 nec
210 1479 268 1544 ubi
289 1499 352 1543 nec
375 1498 434 1542 cur
456 1476 612 1542 deflectat
634 1479 742 1543 oratio
765 1484 913 1560 apparet,
935 1499 997 1543 nec
1021 1479 1087 1543 alia
1110 1478 1282 1545 substitui·
1410 1553 1415 1558 ,

129 1595 192 1666 tur,
214 1588 248 1650 in
272 1607 370 1669 quam
393 1594 499 1665 exeat,
521 1584 638 1650 forma.
690 1584 756 1650 Sed
783 1587 903 1650 vitiosa
926 1590 977 1650 est
1000 1588 1100 1651 etiam
1121 1588 1284 1671 particula

129 1715 240 1776 ergo,
280 1712 387 1776 neque
427 1696 515 1760 enim
548 1699 776 1775 argumentum
812 1693 1032 1774 concluditur,
1072 1694 1130 1760 sed
1167 1695 1284 1760 confir·

128 1809 252 1882 matur,
280 1802 369 1886 quod
391 1803 432 1867 de
456 1802 630 1867 clementia
652 1800 810 1867 Corvinus
834 1801 932 1881 dixit,
961 1808 994 1866 et
1015 1802 1149 1868 uberius
1171 1803 1281 1869 decla·
1300 1816 1369 1885 (157)

128 1917 231 1975 ratur.
283 1910 332 1975 Ex
355 1931 396 1974 ea
419 1915 529 1974 autem
551 1909 715 1992 particula
737 1931 804 1973 una
825 1908 940 1974 littera
963 1909 1123 1991 detracta,
1152 1918 1286 1977 eruetur

129 2018 173 2097 id,
202 2019 290 2102 quod
314 2017 547 2096 desideramus,
570 2016 714 2095 verbum,
737 2016 868 2081 sublato
892 2017 988 2081 simul
1010 2024 1062 2096 ut,
1085 2018 1174 2098 quod
1196 2019 1284 2084 Heu·

130 2127 239 2208 singer
266 2126 340 2191 tolli
368 2125 473 2190 voluit
496 2124 650 2208 quodque
673 2145 713 2188 ex
736 2129 885 2188 extrema
906 2123 1033 2206 syllaba
1055 2123 1147 2188 verbi
1170 2146 1284 2207 gere·

129 2241 196 2299 tur
219 2240 329 2299 ortum
351 2238 416 2297 est:
449 2230 599 2296 Eodem
626 2238 767 2297 tenore
789 2266 833 2275 —
853 2229 935 2295 haec
962 2231 1184 2314 imperiosa
1206 2232 1284 2296 dic·

129 2346 270 2406 tatura
297 2346 479 2422 geretur3
507 2360 637 2423 neque
667 2341 706 2403 in
734 2340 805 2405 hos
833 2359 938 2404 meos
962 2345 1003 2404 et
1025 2339 1170 2421 patriae
1193 2359 1285 2403 meae

129 2448 282 2514 milites
310 2449 449 2514 mitior
477 2469 592 2543 quam
620 2449 659 2513 in
691 2469 754 2513 vos
784 2446 943 2530 (horreo
973 2437 1123 2529 dicere)
1145 2447 1285 2512 hostes
1314 2480 1319 2485 ·

130 2575 204 2621 ero.
248 2556 328 2647 llos
351 2557 463 2641 prius
486 2557 527 2621 in
549 2578 606 2621 me
629 2562 692 2622 cet,

216 2663 293 2747 Cap.
316 2670 373 2744 41,
407 2670 441 2728 4:
482 2664 750 2749 additumque
784 2663 880 2747 legi,
915 2685 962 2728 ne
996 2663 1099 2747 quis,
1133 2664 1203 2729 ubi
1236 2670 1283 2728 tr.

129 2773 208 2837 mil.
238 2771 400 2852 fuisset,
433 2779 578 2856 postea
606 2773 788 2838 ordinum
818 2772 965 2836 ductor
992 2778 1107 2836 esset.
1163 2771 1285 2836 Viden·

130 2880 221 2959 dum,
256 2902 297 2945 ne
332 2902 391 2964 pro
425 2880 494 2945 ubi
529 2880 630 2946 scribi
664 2880 783 2945 debeat
816 2880 899 2961 qui,
939 2899 1016 2943 nam
1050 2879 1119 2945 ubi
1153 2881 1188 2945 in
1222 2879 1285 2945 hac

130 2990 291 3054 orationis
313 2987 420 3053 forma
441 2988 586 3053 insolens
608 2992 667 3051 cst.
713 2984 836 3067 (1861.)

588 3175 681 3255 Lib.
714 3173 823 3256 VIII.

216 3306 294 3390 Cap.
318 3310 347 3385 2,
372 3311 389 3369 5
414 3303 604 3388 (postquam
627 3304 667 3369 de
689 3302 820 3368 foedere
843 3305 929 3369 inter
950 3306 1115 3371 Romanos
1139 3313 1172 3370 et
1193 3306 1285 3372 Sam-

130 3416 216 3479 nites
240 3416 307 3480 icto
330 3418 501 3479 narratum
525 3410 605 3493 est):
634 3413 836 3478 Samnites
866 3413 998 3496 copiis
1021 3413 1175 3495 iisdem,
1204 3417 1285 3497 qui·

130 3521 203 3587 bus
237 3522 298 3587 nsi
327 3520 521 3587 adversus
548 3520 768 3587 Romanum
797 3517 947 3585 bellum
976 3520 1157 3602 fuerant,
1191 3544 1284 3588 con·

130 3634 195 3695 tra
225 3629 436 3696 Sidicinos
470 3627 653 3713 proiecti
681 3636 744 3694 cet.
800 3627 908 3694 Nullis
938 3629 1101 3697 Samnites
1129 3632 1284 3697 adversus

129 3739 294 3804 Romanos
327 3759 405 3804 usos
439 3758 512 3804 esse
540 3739 658 3823 copiis,
691 3737 802 3802 Livius
832 3739 931 3822 paulo
961 3747 1037 3804 ante
1066 3739 1107 3822 (c.
1134 3739 1165 3821 l)
1189 3762 1284 3826 aper·

130 3848 265 3913 tissimis
284 3846 401 3934 ¹verbis
430 3846 514 3911 dixit
548 3846 637 3929 (non
667 3852 806 3911 castra
835 3845 1089 3928 Samnitium,
1122 3870 1198 3914 non
1226 3848 1284 3914 le·

130 3956 271 4038 giones
299 3976 467 4039 usquam
490 3954 721 4039 oppositas),
750 3975 867 4038 pacem
890 3954 1052 4021 Samnites
1075 3978 1135 4040 per
1157 3956 1284 4040 legatos

130 4068 163 4127 et
185 4084 206 4127 a
228 4063 361 4128 consule
384 4068 418 4127 et
441 4083 461 4127 a
483 4067 600 4127 senatu
622 4063 753 4145 petisse.
804 4061 999 4128 Habuerunt
1025 4070 1136 4130 tamen
1158 4065 1284 4130 exerci-

128 4176 198 4235 tum
220 4178 386 4253 paratum,
416 4190 496 4255 quo,
526 4170 554 4233 si
577 4191 641 4254 pax
662 4176 783 4252 negata
805 4176 905 4250 esset,
933 4178 1115 4240 uterentur.
1165 4171 1284 4258 Itaque
