3008 4756
693 311 755 374 253

147 503 182 562 et
214 496 405 579 religionem
432 493 606 578 pertinet),
640 493 700 560 sed
726 494 883 575 felicitas,
918 516 984 579 qua
1012 516 1033 560 a
1060 495 1086 558 P
1115 500 1299 578 separatur.

146 604 231 669 Nam
258 605 292 667 in
314 602 340 666 P
364 602 437 666 duae
466 607 542 666 sunt
564 602 707 667 maiores
730 601 872 683 lacunae,
901 603 1008 669 altera
1030 603 1064 667 in
1086 602 1170 668 libro
1194 602 1303 667 XXVI

149 716 225 796 post
257 709 358 776 verba
391 711 477 774 sine
506 729 589 774 meo
621 708 732 774 luctu
761 730 876 792 quam
905 731 931 776 c.
955 714 1011 790 41,
1042 714 1080 774 18
1110 709 1230 796 (usque
1259 709 1303 776 ad

147 839 175 883 c.
198 822 241 882 44
267 816 369 899 init),
403 817 508 882 altera
529 817 564 880 in
585 816 670 882 libro
693 816 816 882 XXVII
843 824 920 902 post
946 818 1047 883 verba
1074 819 1108 881 in
1137 838 1164 883 c.
1193 822 1231 897 2,
1263 820 1299 881 ll

147 925 406 991 tumultuosa
437 925 567 1008 magis
601 925 765 1007 proelia
797 924 914 1010 (usque
949 926 992 991 ad
1025 947 1051 991 c.
1082 929 1116 1005 3,
1152 924 1201 1006 7),
1236 946 1302 990 non

147 1034 274 1118 inipso
303 1033 365 1098 hoc
393 1031 507 1097 codice
535 1031 654 1096 evulsis
683 1032 809 1115 aliquot
835 1032 924 1098 foliis
948 1038 1029 1099 ortae
1052 1032 1142 1114 (nam
1169 1034 1204 1096 in
1232 1053 1300 1098 me·

149 1141 220 1206 dias
258 1141 380 1205 codicis
417 1140 554 1223 paginas
588 1138 713 1204 lacunae
748 1139 911 1221 incidunt,
943 1140 1034 1223 prior
1062 1141 1163 1205 etiam
1192 1140 1300 1224 spatio

148 1248 274 1330 aliquot
306 1248 491 1313 litterarum
524 1247 638 1330 capaci
671 1247 818 1329 notata),
852 1247 911 1313 sed
943 1248 978 1311 in
1005 1247 1202 1330 antiquiore.
1251 1247 1299 1312 Ac

148 1356 239 1439 prior
266 1356 387 1420 lacuna
414 1356 447 1418 in
471 1353 638 1419 codicibus
661 1353 774 1419 multis
798 1375 816 1419 e
839 1355 864 1418 P
887 1355 969 1420 ortis
992 1355 1196 1439 ineptissimo
1225 1376 1302 1439 sup-

146 1462 310 1546 plemento
333 1484 513 1546 paucorum
534 1482 687 1526 versuum
708 1468 875 1544 utcunque
894 1461 1069 1528 occultata
1091 1469 1154 1527 est:
1184 1482 1301 1547 quam

147 1578 282 1635 vestro
327 1571 581 1635 transissent
626 1569 737 1653 (quasi
776 1569 898 1635 milites
942 1591 1009 1634 non
1042 1569 1189 1635 luxerint
1233 1571 1300 1635 cla-

148 1677 223 1742 dem
263 1683 296 1742 et
333 1684 472 1742 mortem
509 1677 746 1759 imperatorum
784 1676 942 1758 suorum).
1004 1677 1079 1742 Sed
1114 1678 1302 1760 quoniam

148 1806 216 1850 vos
244 1787 472 1849 instructos
496 1791 534 1848 et
557 1784 772 1849 ordinatos
795 1805 994 1868 cognosco
1018 1792 1205 1869 ceteraque,
1229 1806 1301 1869 quae

147 1893 182 1957 in
205 1892 405 1957 editionibus
428 1891 552 1973 (etiam,
576 1891 666 1976 quod
688 1892 849 1974 indignor,
872 1891 999 1973 nostra)
1022 1892 1176 1976 leguntur
1199 1914 1226 1957 0.
1249 1896 1301 1973 43,

147 2003 167 2064 9
201 2006 235 2065 01
270 2005 308 2064 10
343 2007 377 2064 01
409 2020 436 2063 c.
470 2004 526 2077 44,
570 2004 602 2077 l,
640 1998 771 2064 sublato
809 2001 910 2064 etiam
944 1999 1060 2079 verbo,
1101 2000 1191 2082 quod
1219 2000 1300 2065 inP

148 2113 224 2191 post
245 2107 400 2172 lacunam
430 2107 571 2190 primum
594 2112 659 2185 est,
688 2114 935 2187 armaverat,
964 2107 1065 2191 idque
1090 2107 1300 2191 supplemen-

148 2221 219 2279 tum
258 2217 372 2299 primae
416 2213 499 2278 Livii
544 2213 705 2280 editiones
749 2214 855 2279 solum
900 2212 1033 2280 habent.
1095 2213 1159 2279 Sed
1204 2214 1238 2277 in
1278 2212 1299 2278 S

148 2322 325 2388 Rhenanus
353 2323 387 2387 in
414 2318 502 2386 foliis
524 2320 608 2386 libro
632 2320 754 2386 XXVII
776 2323 979 2406 interpositis
1001 2343 1068 2387 non
1089 2321 1144 2385 ille
1167 2321 1298 2405 quidem

149 2431 266 2510 omnia,
300 2451 374 2514 quae
407 2429 599 2495 exciderant
632 2429 722 2511 (nam
750 2436 784 2494 et
810 2430 904 2494 initio
934 2429 1085 2514 quaedam
1113 2435 1146 2493 et
1174 2430 1208 2492 in
1235 2427 1299 2494 fine

149 2544 226 2603 ante
267 2559 294 2602 0.
330 2543 372 2602 44
417 2537 513 2623 plura
548 2537 715 2619 deerant),
766 2537 825 2603 sed
863 2545 973 2602 tamen
1012 2537 1132 2602 bonam
1171 2544 1300 2620 partem

147 2645 280 2726 invenit,
308 2667 357 2726 ea,
387 2668 459 2730 quae
482 2647 516 2710 in
539 2646 739 2711 editionibus
762 2667 782 2710 a
806 2667 832 2710 0.
856 2651 907 2726 41,
933 2650 986 2710 18:
1015 2644 1128 2709 Nunc
1152 2643 1208 2708 dii
1237 2645 1301 2708 im·

148 2753 344 2819 mortales
367 2775 469 2836 usque
492 2752 535 2817 ad
558 2774 584 2817 0.
604 2758 656 2834 43,
680 2759 715 2818 8:
739 2754 948 2837 Hispania
971 2753 1148 2818 imminet
1164 2752 1303 2817 Africa

147 2859 310 2944 leguntur.
366 2860 404 2926 In
438 2861 606 2927 codicibus
637 2867 746 2926 autem
773 2861 1012 2926 recentioribus
1041 2883 1058 2926 e
1087 2860 1108 2926 S
1139 2860 1303 2940 derivatis,

148 2969 206 3033 sed
235 2970 373 3035 alterius
402 2969 516 3052 stirpis
540 2969 797 3052 interpolatione
820 2970 1000 3052 inquinatis
1024 2968 1079 3050 (de
1103 2990 1167 3052 quo
1191 2969 1304 3033 statim

149 3075 269 3159 dicam)
303 3076 446 3160 genuina
477 3074 547 3139 haec
583 3075 664 3138 Livii
698 3096 790 3158 pars,
826 3097 899 3158 quae
933 3077 1093 3140 orationis
1127 3082 1161 3140 et
1192 3097 1304 3140 rernm

148 3183 254 3250 forma
288 3204 400 3249 omnes
434 3181 645 3266 antiquitatis
674 3187 772 3246 notas
801 3180 917 3261 habet,
951 3203 1026 3246 cum
1048 3181 1126 3246 ficto
1148 3182 1205 3247 illo
1228 3203 1304 3265 sup·

147 3291 312 3375 plemento
342 3288 487 3355 conflata
517 3289 563 3353 sic
589 3294 652 3368 001,
685 3294 723 3353 ut
752 3289 846 3353 initio
870 3309 1059 3371 perversum
1082 3288 1165 3352 illud
1188 3310 1306 3373 quam

147 3403 285 3464 vestro
320 3397 588 3475 transissent,
623 3395 753 3480 reliqua
783 3395 875 3479 (Sed
913 3396 1104 3478 quoniam
1133 3418 1200 3461 vos
1229 3397 1305 3479 cet.)

147 3504 204 3570 fini
236 3506 493 3590 adiungerentur
506 3505 550 3587 ¹),
591 3509 691 3588 atque
730 3505 778 3569 ita
809 3504 880 3569 haec
917 3502 1062 3569 conflata
1096 3504 1238 3589 primum
1272 3506 1305 3568 iu

216 3692 301 3745 supra
322 3676 361 3745 (p.
381 3678 416 3730 40
437 3675 520 3730 huius
547 3673 623 3742 edit.)
649 3689 822 3729 coonsensu
851 3674 983 3730 codicum
1001 3673 1259 3730 Nicomacheorum
1278 3681 1307 3728 01

215 3761 385 3817 Veronensis
416 3762 583 3830 monstravi,
629 3759 795 3829 pusillorum
838 3760 1006 3815 mendorum
1040 3761 1070 3814 in
1107 3760 1308 3828 antiquissimis

216 3848 361 3902 codicibus
387 3847 621 3917 propagationem
646 3844 866 3901 confirmandam
888 3846 1083 3901 memorabiles
1108 3863 1216 3900 errores
1241 3862 1305 3898 cum

216 3932 237 3985 P
256 3950 425 3987 communes.
457 3932 530 3987 Nam
547 3930 665 3997 XXVII,
686 3934 725 3999 13,
743 3934 761 3985 4
778 3935 807 3985 01
824 3931 854 3985 in
872 3931 894 3984 P
913 3936 942 3985 et
959 3932 990 3985 in
1007 3930 1030 3984 T
1048 3950 1100 4001 pro
1119 3931 1308 4000 fatigastis

215 4023 258 4072 ast
279 4017 452 4088 fatigatis,
471 4018 570 4074 addito
594 4034 679 4088 supra
696 4033 808 4070 versum
827 4033 848 4085 a,
868 4022 896 4072 et
915 4015 931 4086 ξ
950 4019 966 4070 6
985 4018 1015 4070 in
1033 4023 1153 4086 utroque
1174 4017 1306 4071 scribitur

216 4119 291 4156 cnm
309 4105 469 4158 exercitu
486 4121 534 4158 me
553 4103 651 4172 loqui
670 4120 722 4172 pro
740 4119 821 4170 meo,
841 4104 917 4170 quod
935 4103 966 4157 in
983 4102 1006 4156 T
1025 4109 1170 4157 corrector
1188 4101 1289 4157 effecit.

179 4187 202 4253 ¹)
219 4187 293 4256 Vid,
312 4205 376 4256 quae
397 4189 560 4258 singulatim
579 4188 697 4258 exponit
714 4187 915 4243 Mommsenius
933 4189 1014 4243 Anal.
1032 4189 1092 4244 Liv.
1114 4207 1141 4258 p.
1159 4190 1201 4244 38.
