3060 5272
156 365 218 421 Lib.
238 365 337 421 XXVL
703 354 766 415 380

158 536 363 603 cumfusus
385 536 661 615 multitudine,
685 535 805 601 simul
827 534 979 600 Siculis
1002 535 1161 601 obviam
1183 556 1314 620 egres·

158 647 215 711 sis
238 646 492 728 secutisque,
522 645 680 707 sss-u
703 644 878 728 praebuit
901 641 1226 709 clarissimarum
1247 665 1314 709 ur·

156 755 264 821 bium
298 752 458 818 excidio
493 752 779 817 celeberrimis
812 751 912 816 viris
944 751 1079 817 victos
1107 750 1217 817 bello
1248 772 1313 817 ac·

157 868 370 927 cusatores
392 861 431 925 in
453 860 590 926 urbem
613 859 860 924 adducentis
883 857 960 939 (hoc
983 865 1043 938 est,
1073 859 1217 942 speciem
1240 879 1315 925 eam

156 969 313 1055 praebuit,
348 969 444 1052 quasi
470 969 547 1034 viris
571 967 693 1052 Capuae
724 973 758 1032 et
781 965 1019 1050 Syracusarum
1041 966 1170 1033 excidio
1191 966 1312 1033 nobili-

162 1079 242 1144 tatis
275 1078 383 1142 victos
412 1075 499 1142 bello
527 1082 741 1142 accusatores
770 1073 979 1155 adduceret);
1003 1073 1060 1138 cfr.
1083 1073 1178 1154 XLV,
1201 1078 1252 1153 20,
1277 1078 1313 1139 δε

155 1185 382 1268 lugentium
399 1184 537 1250 Persei
560 1204 693 1249 casum
721 1182 901 1267 praebere
929 1182 1105 1265 speciem
1128 1188 1162 1248 et
1180 1180 1313 1263 XXVII,

156 1298 221 1374 2,5.
251 1292 467 1372 Adiectivum,
487 1292 576 1375 quod
594 1297 645 1357 est
664 1289 836 1368 celeber,
854 1310 933 1354 sane
946 1291 1072 1372 primus
1086 1290 1196 1355 Livius
1209 1309 1249 1355 ex
1260 1290 1314 1367 iis,

156 1422 297 1485 quorum
320 1403 446 1485 scripta
468 1406 607 1478 exstant,
631 1399 671 1488 de
694 1398 825 1464 homine
848 1399 962 1481 posuit
982 1397 1036 1463 hic
1059 1404 1094 1463 et
1114 1397 1185 1478 VII,
1208 1402 1259 1477 21,
1283 1402 1313 1480 6,

156 1529 216 1573 nec
250 1514 362 1573 tamen
396 1497 562 1587 absolute,
598 1506 656 1572 sed
690 1505 806 1571 addito
843 1506 913 1570 eius
941 1507 1004 1584 rei,
1039 1505 1081 1570 ob
1109 1526 1209 1589 quarn
1238 1507 1313 1588 quis

156 1616 353 1693 celebratur,
383 1616 525 1681 nomine.
579 1615 689 1680 Secuti
712 1619 789 1678 sunt
811 1613 965 1693 Velleius,
994 1611 1137 1693 Curtius,
1167 1613 1313 1694 Tacitus,

156 1723 222 1788 alii.
253 1722 587 1802 (Celeberrimum
605 1743 745 1787 nomen
763 1722 884 1803 legitur
901 1721 991 1805 apud
1004 1721 1133 1787 Livium
1150 1721 1204 1801 IV,
1224 1727 1274 1801 54,
1292 1726 1315 1787 8

156 1838 189 1895 et
212 1830 342 1908 XXVII,
365 1836 416 1908 40,
442 1830 485 1912 6.)
520 1830 648 1897 Addam
670 1831 824 1909 breviter,
849 1830 1005 1894 Latinum
1028 1851 1094 1895 non
1116 1850 1198 1910 esse,
1222 1829 1310 1914 quod

155 1959 256 2023 supra
277 1939 310 2002 in
333 1939 395 2004 hoo
419 1940 527 2022 capite
552 1937 582 2021 (ἓ
608 1938 640 2018 6)
665 1939 790 2002 editur:
825 1938 908 2020 qui,
937 1959 1105 2021 quorum
1128 1958 1251 2022 opera
1273 1936 1314 2003 id

157 2045 383 2112 conflatum
406 2046 649 2124 incendium,
680 2045 973 2129 profiteretur,
1002 2047 1122 2112 omisso
1146 2057 1257 2112 esset
1279 2046 1314 2110 in

154 2155 414 2238 interrogatione
443 2154 610 2239 pendenti.
666 2154 871 2218 Exciderunt
903 2155 937 2218 in
964 2153 990 2217 P
1018 2153 1124 2218 multa
1152 2153 1220 2218 alia
1246 2174 1314 2219 non

154 2264 259 2346 magis
288 2264 449 2327 eminente
478 2283 588 2328 causa.
646 2262 698 2345 [ln
731 2263 822 2327 brevi
851 2268 885 2326 et
912 2261 1053 2345 simplici
1082 2263 1248 2327 sententia
1278 2267 1314 2327 et

155 2377 269 2453 aperte
292 2392 313 2435 a
335 2371 453 2436 ceteris
484 2377 654 2454 separata,
682 2392 762 2450 non,
791 2377 828 2434 ut
851 2370 920 2447 hic,
949 2370 1085 2453 reliquis
1112 2371 1314 2452 interposita

153 2477 289 2542 verbum
314 2480 422 2543 omitti
445 2485 572 2563 potest;
595 2501 623 2543 v.
648 2478 673 2556 1,
698 2482 747 2556 59,
772 2483 801 2557 2,
824 2476 919 2559 al.]¹)
1066 2466 1069 2470 ⁵
1196 2465 1199 2470 ⁵

241 2584 318 2667 Cap.
344 2590 393 2665 28,
418 2591 436 2650 3
460 2607 478 2651 e
499 2585 525 2650 P
548 2586 771 2651 scribendum:
802 2587 895 2650 Haec
924 2586 969 2651 de
999 2607 1039 2651 se
1068 2584 1196 2669 deque
1223 2606 1310 2670 pro·

155 2693 305 2770 vincia,
335 2695 397 2757 cui
426 2694 667 2777 praefuerat,
702 2694 858 2773 consul,
892 2701 975 2758 tum
1004 2694 1050 2758 de
1080 2693 1311 2777 provinciis

184 2928 207 2995 ¹)
225 2929 267 2983 Ne
289 2929 359 2982 illud
382 2931 496 3000 quidem
520 2932 579 2986 sine
603 2933 762 3003 suspicione
786 2933 949 3002 legendum,
973 2931 1049 3000 quod
1072 2932 1101 2984 in
1125 2928 1141 2998 ξ
1167 2933 1198 2984 12
1216 2930 1312 2985 scribi·

223 3021 282 3070 tur:
310 3015 387 3069 ideo
413 3034 448 3072 se
471 3019 651 3072 moenibus
675 3019 830 3073 inclusos
853 3023 974 3071 tenere
999 3034 1069 3083 eos,
1095 3017 1186 3083 quia,
1208 3017 1312 3086 siqui

224 3102 420 3156 evasissent
443 3103 572 3173 aliqua,
600 3106 698 3159 velut
721 3094 814 3159 feras
837 3104 970 3158 bestias
988 3118 1171 3172 peragras
1189 3103 1311 3173 vagari

223 3190 289 3254 cet,
316 3186 429 3242 infinita
456 3191 598 3245 sententia
625 3191 752 3245 subiecta
776 3189 923 3259 particulae
947 3189 1066 3257 causah,
1094 3189 1173 3244 cuins
1197 3189 1312 3258 generis

222 3273 330 3327 nullum
353 3275 455 3343 opinor
476 3280 582 3344 praeter
604 3276 658 3329 hoc
677 3275 753 3344 apud
770 3276 863 3330 bonos
882 3276 1036 3345 scriptores
1054 3274 1213 3343 exemplum
1234 3290 1310 3341 οπεος

222 3358 292 3413 alius
317 3360 392 3413 enim
414 3361 526 3429 generis
549 3366 591 3415 est
612 3359 724 3415 infinita
746 3359 836 3414 forma
856 3365 968 3415 retenta
992 3360 1021 3413 in
1044 3359 1192 3414 sententiis
1210 3376 1311 3429 reapse

223 3461 258 3498 ex
276 3461 357 3514 aequo
375 3447 476 3515 positis
496 3446 789 3525 (quemadmodum
806 3473 840 3483 -
853 3446 916 3512 ita;
935 3447 962 3498 si
982 3462 1105 3506 non-,
1125 3448 1160 3498 at
1177 3443 1310 3513 tamen),

223 3530 314 3598 ipsum
330 3530 416 3585 etiam
430 3530 503 3585 illud
513 3531 570 3599 (IV,
584 3532 676 3599 51,4):
692 3548 794 3598 quum
810 3531 947 3585 interim
958 3531 1022 3597 (hoo
1036 3536 1090 3584 est:
1109 3535 1144 3584 et
1157 3531 1310 3599 interim)

223 3643 257 3652 -
275 3615 442 3669 exerceri
486 3616 606 3683 Vereor,
632 3632 668 3670 ne
691 3616 769 3684 quia
793 3615 885 3669 aliena
908 3633 1009 3670 manus
1031 3614 1172 3669 addiderit
1192 3620 1310 3686 propter

223 3699 314 3768 ideo,
338 3700 415 3769 quod
433 3700 469 3754 ad
488 3701 635 3769 superiora
653 3705 719 3770 apte
737 3699 836 3755 referri
853 3705 961 3770 potest,
985 3717 1002 3753 a
1018 3700 1155 3770 Livioque
1173 3701 1310 3771 scriptum

221 3784 316 3839 fuerit:
349 3785 428 3840 ideo
452 3802 485 3839 se
509 3804 545 3840 m.
569 3787 707 3841 incluos
730 3791 849 3840 tenere
873 3803 945 3853 eos;
978 3786 1007 3839 si
1035 3785 1091 3855 qui
1116 3786 1312 3842 evasissent

223 3871 348 3939 aliqua,
371 3899 406 3909 -
429 3871 552 3941 vagari
578 3877 630 3926 eet
667 3871 775 3927 Saltem
800 3871 957 3926 notandum
984 3871 1079 3927 locum
1104 3872 1210 3941 putavi.
1255 3870 1310 3941 [Ns

222 3956 357 4011 Senecam
375 3957 488 4025 quidem
506 3957 558 4027 Ep.
576 3959 619 4024 97,
640 3959 671 4011 15
690 3957 848 4027 scripsisse:
872 3958 952 4026 quia
974 3956 1090 4012 vetari
1112 3962 1222 4011 matus
1240 3974 1309 4012 non

222 4058 328 4111 posse
353 4044 479 4098 ostendit
500 4048 623 4109 metus,
651 4058 741 4111 neque
769 4043 843 4097 enim
864 4041 981 4112 pluralis
1004 4043 1114 4096 numeri
1131 4042 1309 4096 accusativus

221 4126 261 4180 ibi
286 4124 354 4179 ferri
381 4134 488 4199 potest;
516 4128 631 4197 scripsit
653 4128 773 4198 possit
818 4126 998 4196 Relinquitur
1027 4143 1098 4181 nnus
1125 4126 1201 4195 apud
1224 4126 1306 4181 Colu-

221 4211 333 4265 mellam
351 4212 431 4268 locus
448 4214 470 4279 1,
489 4215 513 4281 3,
531 4216 561 4267 9:
581 4214 742 4281 quoniam
759 4241 794 4251 -
812 4212 923 4267 adlidi
941 4209 1137 4280 dominum]
