3008 4756
693 318 753 380 183
1155 333 1218 388 mu
1236 332 1297 390 vu
1317 303 1329 325 ⁸

142 502 303 567 mutanda
342 503 485 568 editores
519 503 641 587 aliique
674 502 750 567 inde
783 524 804 567 a
838 502 1003 569 Gronovio
1038 524 1112 568 cum
1145 506 1298 588 gravibus

143 610 311 675 erroribus
351 617 521 694 satagunt3
563 632 603 675 ea
636 610 821 675 huiusmodi
855 617 922 676 est:
963 632 1099 677 somno
1136 633 1299 696 gravem

144 718 384 795 Quinotium
419 739 681 802 oppressum,
714 718 817 783 nihil
853 718 1039 797 medium,
1075 726 1144 784 aut
1172 720 1298 803 impe·

145 827 248 889 rium
276 833 396 909 atque
423 826 615 892 honorem
645 833 728 907 aut,
761 827 829 891 ubi
851 827 1088 907 restitaret,
1123 834 1298 909 mortem,

145 934 188 997 ni
215 942 474 1018 sequeretur,
503 934 811 1014 denuntiantes,
844 936 885 998 in
920 942 1055 1000 castra
1083 941 1297 1018 pertraxe-

144 1048 246 1106 runt.
287 1041 416 1107 Primus
440 1042 622 1107 Gronovius
646 1043 714 1106 ubi
737 1049 770 1106 et
792 1043 824 1106 si
846 1043 933 1107 idern
956 1064 1026 1107 esse
1048 1043 1185 1126 putavit,
1209 1044 1299 1126 quod

143 1155 261 1213 contra
294 1158 353 1215 est.
416 1150 569 1228 Quinctio
604 1149 724 1214 milites
758 1150 840 1214 nihil
872 1150 1014 1214 medium
1048 1150 1297 1231 denuntiabant,

141 1256 200 1320 sed
234 1265 294 1321 aut
326 1259 499 1341 imperium
532 1264 632 1338 atque
667 1256 823 1321 honorem
848 1256 904 1338 (—
925 1257 979 1321 hic
1006 1256 1088 1320 nihil
1115 1279 1196 1342 opus
1226 1267 1298 1324 erat

147 1363 225 1428 addi
254 1364 473 1445 condicionis,
508 1364 541 1428 id
576 1365 661 1428 enim
694 1365 802 1447 ipsum
831 1362 1005 1429 offerentes
1032 1365 1208 1430 veniebant
1239 1366 1296 1447 —)

143 1478 216 1550 aut,
256 1474 384 1554 quoties
417 1472 571 1536 resistere
605 1478 779 1536 conaretur
802 1471 904 1553 (quod
932 1473 1049 1555 saepius
1078 1494 1152 1537 eum
1179 1473 1298 1539 fecisse

145 1579 243 1644 verbo
277 1579 516 1662 frequentativo
546 1587 579 1644 et
608 1581 814 1644 coniunctivo
844 1579 942 1643 modo
971 1581 1142 1644 sententiae
1170 1588 1298 1664 tempo·

144 1687 223 1751 ralis
250 1687 476 1771 significatur),
499 1695 648 1767 mortem,
672 1688 704 1751 ni
728 1694 932 1771 sequeretur.
982 1686 1072 1752 Nihil
1094 1689 1217 1753 rectius
1240 1696 1299 1754 aut

145 1796 300 1878 apertius.
362 1796 394 1861 ls
436 1817 565 1877 quoque
605 1797 741 1874 erravit,
781 1797 837 1877 qui
870 1795 1004 1861 Hertzio
1043 1798 1221 1880 persuasit,
1261 1804 1298 1863 ut

146 1925 385 1987 oppressum
422 1911 582 1987 tanquam
620 1904 768 1986 spurium
806 1910 948 1967 notaret.
1009 1903 1130 1971 Somno
1163 1928 1294 1989 gravem
1313 1921 1383 1990 (155)

145 2018 381 2094 oppresserunt
404 2019 437 2075 et
459 2013 493 2075 in
515 2019 624 2076 castra
646 2017 889 2094 pertraxerunt.
940 2011 1026 2075 Ante
1055 2015 1164 2077 omnia
1186 2016 1299 2097 quieta

144 2126 254 2183 mente
277 2118 499 2183 accedendum
522 2124 573 2182 est
595 2119 638 2181 ad
659 2118 750 2183 locos
773 2119 806 2182 in
831 2119 1049 2201 suspicionem
1073 2121 1254 2202 vocatos.¹)

231 2225 310 2309 Gap.
334 2232 391 2306 40,
420 2231 439 2289 2
468 2234 502 2290 et
532 2229 550 2289 3
580 2225 626 2306 (in
650 2224 765 2290 cadem
787 2224 1008 2307 narratione):
1042 2225 1190 2310 Itaque
1220 2230 1297 2293 iam

146 2334 287 2414 duces,
321 2335 401 2398 iarn
434 2334 587 2398 milites
616 2334 807 2417 utrinque
837 2354 1084 2416 congressus
1114 2355 1298 2417 quaerere

173 2559 196 2627 ¹)
215 2560 352 2615 Eiusdem
376 2561 477 2629 capitis
495 2559 511 2629 ἓ
529 2562 561 2627 6,
589 2560 722 2628 quoniam
741 2576 793 2627 pro
813 2577 862 2625 eo,
890 2558 967 2626 quod
985 2560 1015 2612 in
1033 2559 1178 2613 codicibus
1197 2560 1295 2613 scribi-

212 2651 273 2699 tur:
301 2635 430 2699 nervos
462 2645 736 2700 coniurationis
762 2645 903 2699 eiectos
928 2650 1006 2697 arte
1029 2645 1193 2699 consulis
1218 2663 1296 2700 cer·

212 2737 350 2797 nentes,
375 2749 391 2784 a
408 2732 612 2786 recentioribus
632 2729 779 2798 (Bekkero,
804 2730 1045 2795 Weissenbornio,
1063 2730 1189 2796 Hertziol
1208 2730 1296 2784 adno-

212 2822 290 2869 tatur
313 2816 432 2870 Puteani
456 2818 618 2871 coniectura
642 2823 824 2882 exsectos,
851 2816 992 2869 omittitur
1014 2814 1156 2869 Gebhardi
1181 2821 1209 2869 et
1227 2815 1296 2870 Gro-

212 2902 302 2967 novii,
330 2919 385 2969 qua
412 2919 467 2956 uuo
496 2907 606 2956 tantum
632 2900 735 2955 litterae
761 2902 848 2956 ductu
872 2901 984 2969 longius
1007 2907 1100 2954 tracto
1120 2898 1138 2968 (l
1157 2919 1209 2969 pro
1229 2902 1247 2968 l)
1266 2901 1299 2956 fit

211 2987 363 3052 electos,
389 2986 480 3038 dicam
499 2988 528 3039 in
547 2992 717 3052 transcursu,
742 2987 814 3040 hanc
833 3003 927 3038 veram
945 2992 973 3039 et
991 2992 1096 3039 certam
1115 3003 1183 3039 esse.
1226 2985 1299 3040 Nam

211 3077 317 3136 praeter
334 3071 435 3124 Lucilii
454 3071 663 3135 testimoninm,
688 3088 786 3123 versus
804 3070 920 3122 modulo
938 3069 1062 3136 firmum,
1088 3071 1136 3138 qui
1155 3076 1184 3125 et
1201 3088 1296 3125 exse·

212 3170 291 3206 cars
315 3160 344 3206 et
368 3155 505 3207 elidere
524 3154 663 3216 excludit,
689 3154 764 3221 apud
783 3153 948 3207 Ciceronem
972 3171 1030 3208 non
1054 3155 1145 3207 solum
1168 3156 1198 3208 in
1216 3155 1298 3208 Tuso.

211 3237 259 3301 ΠΙ,
273 3241 315 3303 34,
331 3240 365 3291 83
382 3238 625 3292 codexParisinus
637 3244 733 3305 aperte
747 3237 846 3290 habet:
867 3237 1001 3304 stirpes
1019 3239 1252 3306 egritudinis
1264 3264 1298 3275 -

212 3322 387 3390 eligendae
413 3328 511 3388 sunt,
540 3321 589 3375 sed
613 3327 641 3374 et
665 3321 700 3375 de
718 3321 809 3374 Divin.
829 3321 869 3386 11,
896 3322 944 3385 72,
964 3322 1021 3385 149,
1040 3322 1089 3375 ubi
1107 3323 1137 3376 in
1154 3322 1236 3377 codd
1255 3328 1299 3377 est

211 3406 364 3475 (stirpes)
384 3406 582 3473 eiiciendae,
601 3406 690 3459 multo
709 3405 818 3459 facilius
836 3405 869 3458 fit
887 3404 1056 3473 eligendae
1075 3407 1150 3473 (nam
1165 3407 1297 3475 eligere

213 3498 241 3545 et
266 3493 395 3546 eiicere
421 3493 576 3560 saepissime
601 3490 822 3556 confunduntur)
841 3508 925 3558 quem
945 3491 1146 3545 excidendae
1166 3498 1214 3546 aut
1231 3493 1295 3545 eli·

210 3578 339 3644 dendee,
359 3583 388 3630 et
405 3584 473 3629 orat.
493 3577 521 3629 Η
538 3578 573 3631 de
591 3578 644 3647 leg.
664 3594 721 3646 agr.
741 3579 787 3642 33,
806 3579 848 3642 91,
867 3576 916 3629 ubi
934 3577 1040 3630 editur:
1067 3578 1227 3631 nervis-
1241 3594 1295 3630 ex·

210 3663 336 3728 sectis,
359 3663 390 3717 in
408 3663 553 3718 codicibus
572 3664 713 3730 scribitur,
732 3669 764 3716 ut
781 3661 835 3727 hic,
855 3663 995 3729 eiectis,
1013 3662 1068 3717 hoc
1087 3668 1138 3730 est,
1157 3663 1295 3717 electis.

208 3746 261 3801 Est
285 3748 373 3816 igitur
390 3748 420 3801 in
437 3749 481 3802 his
501 3749 571 3803 locis
589 3749 727 3818 eligere
746 3748 790 3814 id,
815 3748 892 3816 quod
911 3746 1077 3804 Germanice
1095 3747 1296 3816 ausruplen,

209 3832 412 3903 auszupfen
443 3833 559 3902 dicitur,
603 3833 745 3902 quomodo
783 3833 874 3888 Varro
910 3840 939 3887 et
972 3833 1126 3888 Columella
1158 3834 1296 3900 herbas,

207 3918 370 3986 gramina
392 3918 530 3988 eligere
553 3920 692 3973 dixerunt.
729 3918 815 3972 Aliud
839 3924 895 3987 est,
921 3919 975 3973 etsi
1000 3926 1167 3988 cognatum,
1192 3936 1296 3974 nervos

209 4004 384 4072 incidere,
403 4004 541 4060 elidere
561 4005 642 4078 (νεῦρα
662 4014 788 4071 dissipium,
805 4003 973 4075 rsvpoxomiv).
1003 4002 1073 4057 cum
1090 4005 1184 4059 nervis
1203 4004 1296 4058 elec·

207 4090 256 4143 tis
279 4089 443 4158 pravissime
467 4096 667 4159 comparantur
694 4089 814 4144 aculei
839 4089 944 4157 (alicui)
974 4090 1123 4143 excussi.
1165 4087 1293 4158 [Advers.

207 4175 273 4228 eric
292 4174 318 4227 Il
336 4193 363 4243 p.
383 4173 455 4243 205]
