3060 5272
156 341 327 400 maxum
704 325 766 386 660

153 514 266 582 Livius
298 519 428 592 narrat,
466 506 690 592 mirarentur]
734 506 904 574 Librarius
938 528 1040 593 quum
1073 515 1149 594 post
1182 509 1311 576 moris

154 622 318 691 omisisset
344 620 527 699 Romani,
557 616 636 683 dum
656 614 827 682 retrahere
851 616 1010 683 omissum
1031 616 1116 698 vult,
1140 615 1228 700 quod
1250 638 1310 684 saa·

154 732 228 816 pius
250 730 281 796 ei
303 729 438 809 accidit,
471 727 505 793 in
532 746 650 792 norum
679 723 794 791 incidit
827 744 972 826 errorem
1000 724 1100 792 aliam
1127 747 1240 793 rocem
1261 727 1311 791 in-

155 837 306 906 serendo.

241 945 319 1031 Gap.
343 948 394 1026 63,
423 948 442 1008 7
474 943 510 1009 in
543 941 762 1028 descriptione
795 938 940 1007 Haliarti
971 940 1065 1008 urbis
1097 962 1119 1008 a
1154 942 1310 1010 Lucretio

155 1060 297 1141 pretore
320 1054 469 1120 Romano
493 1057 690 1137 oppugnatae
713 1049 754 1115 de
776 1048 951 1134 oppidanis
972 1049 1099 1116 nudata
1117 1072 1211 1118 muro
1234 1073 1310 1136 pro·

154 1168 232 1230 ruto
253 1161 328 1230 loca
348 1159 519 1227 tuentibus
540 1158 610 1224 haec
634 1157 839 1224 scribuntur:
873 1155 1003 1240 Super
1030 1164 1204 1225 stratum
1226 1161 1311 1226 rui·

155 1271 218 1337 nis
245 1269 376 1337 locum
402 1267 589 1334 fascibus
627 1264 761 1333 aridis
795 1272 1088 1332 sarmentorum
1122 1268 1311 1348 iniectis,

157 1384 318 1446 stantes
352 1398 437 1444 cum
464 1373 712 1442 ardentibus
738 1373 903 1440 facibus
926 1394 1176 1441 accensuros
1200 1396 1246 1441 ea
1268 1397 1311 1443 se

157 1504 261 1572 saepe
277 1484 548 1564 minabantur,
571 1491 624 1564 ut,
646 1482 839 1548 incendio
862 1483 1092 1568 intersaepti
1114 1483 1161 1550 ab
1183 1483 1311 1566 hoste,

158 1595 341 1679 spatium
363 1593 411 1659 ad
434 1590 709 1659 obiiciendum
736 1591 975 1657 interiorem
1003 1612 1156 1657 murum
1184 1591 1310 1659 habe·

156 1706 258 1768 rent.
303 1701 386 1766 Mire
413 1702 448 1766 in
470 1699 531 1766 tali
558 1720 595 1766 re
617 1698 803 1782 frequentia
824 1698 987 1764 minarum
1017 1696 1147 1784 (saepe)
1171 1700 1310 1767 adnota-

156 1816 221 1877 tur.
266 1807 377 1876 Codex
398 1808 515 1875 habet:
545 1817 691 1874 eam'se
714 1827 817 1890 sape
840 1807 1113 1874 minabantur.
1158 1808 1311 1875 Nonde·
1375 1877 1378 1881 4

156 1917 321 1985 trahenda
343 1919 472 1983 eratin
505 1937 589 1982 eam
618 1915 731 1981 littera
752 1935 796 1994 ι,
824 1913 938 1980 sedin
961 1935 1064 1998 sape
1099 1936 1138 1981 ex
1160 1917 1314 2001 sequenti

158 2025 273 2110 (min.)
296 2024 464 2091 addenda:
499 2044 744 2090 accensuros
773 2042 857 2088 eam
879 2043 920 2088 se
942 2044 1086 2108 saepem
1110 2024 1142 2104 (e
1165 2045 1312 2091 sarmen-

157 2141 266 2202 torum
287 2133 435 2201 fascibus
457 2130 594 2214 iactam)
618 2130 928 2212 minabantur.¹)

243 2242 321 2328 Gap.
346 2246 395 2308 64.
442 2241 603 2320 Quoniam
636 2241 726 2324 gravi
759 2239 899 2319 vulneri,
934 2239 1023 2324 quod
1055 2240 1089 2305 in
1123 2238 1183 2324 §4
1212 2241 1310 2308 huius

159 2351 277 2436 capitis
298 2349 430 2430 insidet,
452 2350 577 2416 mederi
589 2369 728 2432 nequeo,
751 2346 1085 2414 duolerioratollam.
1118 2348 1202 2414 Nam
1220 2349 1311 2433 quod

160 2458 208 2541 (in
231 2458 346 2524 eadem
376 2456 598 2543 paragrapho)
622 2457 669 2522 sic
692 2455 817 2521 editur:
852 2455 1143 2539 Nequidquam
1177 2459 1313 2541 primae

159 2567 363 2633 stationes
386 2584 592 2650 oppressae
615 2563 794 2629 tumultu
811 2569 1033 2647 acterrore
1057 2585 1127 2630 suo
1150 2572 1312 2633 ceteros

160 2675 466 2752 excitaverunt,
495 2692 560 2738 non
586 2678 640 2737 est
662 2671 789 2736 Latinae
812 2679 846 2737 et
868 2692 973 2756 prosae
996 2673 1155 2738 orationis
1178 2672 1237 2739 illa
1259 2695 1314 2739 ex·

160 2781 332 2860 clamatio,
366 2781 550 2864 prasertim
593 2800 660 2846 non
694 2778 841 2845 subiecto
881 2800 970 2845 nam
1009 2787 1068 2846 aut
1101 2768 1219 2862 eniin,
1254 2781 1313 2848 sed

159 2888 262 2959 rerba
312 2870 364 2954 sic'
409 2886 655 2971 distinguenda:
708 2887 990 2972 Nequidquam
1044 2889 1178 2974 prima
1229 2896 1314 2956 sta·

159 2999 299 3065 tiones
333 3016 540 3081 oppressae
572 2995 750 3062 tumultu
780 3017 823 3063 ac
851 3002 1012 3062 terrore
1042 3018 1112 3063 suo
1152 3006 1313 3066 ceteros

161 3106 469 3184 excitaverunt,
503 3110 542 3170 ut
572 3104 847 3190 nequidquam
871 3111 999 3170 tautum
1031 3106 1075 3171 ad
1103 3108 1313 3190 participium

159 3214 333 3300 pertineat.
367 3212 494 3279 Deinde
517 3210 535 3296 ἓ
558 3218 576 3278 7
600 3234 701 3297 quum
722 3214 757 3278 in
775 3212 888 3280 codice
906 3214 965 3279 sit:
988 3213 1039 3279 ad
1061 3211 1314 3280 Crannonem

160 3322 362 3388 intactum
385 3342 524 3405 agrum
553 3329 691 3388 castra
719 3321 978 3387 moventibus
1000 3320 1072 3400 ibi,
1106 3322 1314 3390 scribendum

161 3436 228 3495 est:
252 3428 299 3495 ad
323 3427 551 3509 Grannona,
580 3430 781 3495 intactum
804 3450 958 3513 agrum,
982 3436 1119 3496 castra
1141 3440 1314 3512 movent,

160 3537 264 3604 vitato
286 3559 354 3604 non
375 3535 462 3603 bono
485 3537 659 3604 verborum
676 3538 790 3604 ordine
809 3535 1094 3619 (Grannonium
1112 3542 1314 3606 intactum

160 3645 323 3729 agrum).
359 3643 496 3727 [Debuit
513 3645 629 3712 scribi:
653 3644 867 3711 Crannona
888 3644 926 3708 Ιι
948 3648 1152 3713 intactum
1174 3670 1314 3732 agrurn

161 3772 188 3819 e.
210 3775 252 3818 m.
279 3750 422 3836 1876.]²)

168 3965 211 4033 ¹¹)
229 3963 246 4036 ἕ
263 3968 281 4021 6
297 3984 355 4023 non
372 3966 539 4022 mutandum
563 3971 624 4021 arat
649 3967 765 4022 verbum
791 3971 902 4022 rectum
930 3974 959 4024 et
985 3969 1174 4024 necessarium
1200 3968 1316 4025 iuerat

229 4052 400 4122 (quodque
432 4053 523 4107 inter
553 4069 608 4107 eas
640 4053 727 4107 muri
761 4051 898 4121 iuerat),
933 4053 981 4108 sed
1008 4053 1208 4122 supplendum,
1239 4055 1315 4124 quod

229 4142 346 4207 propter
373 4137 584 4193 similitudinem
611 4137 729 4193 excidit:
757 4139 918 4208 quodque
944 4139 1036 4193 inter
1059 4157 1114 4193 eas
1133 4141 1219 4194 muri
1238 4141 1312 4195 lue·

229 4227 298 4290 rat,
317 4229 506 4278 corruerat
544 4221 604 4293 [Sic
621 4221 821 4295 Kreyssigius.]

181 4307 211 4373 ¹)
228 4305 330 4377 [Grave
347 4308 419 4364 illud
435 4309 537 4364 vulnus
563 4310 593 4364 in
611 4306 628 4378 ἓ
645 4312 663 4363 4
680 4310 810 4366 lacunam
828 4309 971 4366 occultare
987 4309 1099 4366 ridetur
1118 4310 1310 4380 excidisseque
