3060 5272
171 371 175 378 ·
239 340 302 395 Lib.
321 341 366 395 lx.
786 331 849 390 210

240 534 302 596 que
326 514 361 576 vi
384 515 556 597 quisquam
579 515 630 594 fit;
655 517 711 580 sed
734 522 772 581 ut
793 515 895 592 fieret,
918 514 1028 578 Livius
1050 519 1170 591 tamen,
1194 534 1395 597 quamquam

238 621 272 684 in
306 620 488 686 clarissimo
516 624 629 706 populi
652 624 793 688 Romani
821 625 1022 706 imperatore
1054 622 1154 686 etiam
1182 623 1329 705 corporis
1358 624 1392 686 in

239 729 326 792 omni
359 749 478 810 genere
510 728 700 796 firmitatem
728 731 818 795 fama
846 728 1046 794 celebratam
1074 729 1392 794 commemorandam

236 842 388 918 putaret,
422 837 571 920 profecto
605 858 671 903 non
706 839 908 915 dubitasset,
943 858 986 901 an
1020 836 1147 900 multa
1184 837 1391 903 exercita·

236 943 346 1007 tione
373 945 439 1008 vini
462 943 591 1026 cibique
615 947 849 1029 capacissimus
873 945 1045 1023 evasisset3
1079 964 1185 1025 neque
1208 946 1296 1009 enim
1318 952 1389 1011 tam

235 1050 334 1115 foeda
356 1053 548 1117 exercitatio
571 1053 604 1116 in
627 1061 769 1118 mentem
790 1052 942 1117 venisset.
998 1051 1136 1116 Poterat
1164 1051 1309 1117 editores
1332 1053 1390 1117 ad·

235 1177 368 1223 monere
397 1160 519 1224 citatus
542 1181 562 1223 a
583 1160 855 1226 Drakenborchio
878 1159 1040 1236 Zonaras,
1074 1159 1131 1240 qui
1154 1159 1231 1237 VH,
1263 1163 1303 1222 26
1326 1159 1390 1224 Pa-

234 1266 354 1349 pirium
371 1265 543 1331 Cursorem
566 1269 770 1351 appellatum
794 1267 909 1332 scribit
932 1273 977 1328 διά
998 1293 1030 1340 τε,
1047 1274 1093 1341 τὴν
1116 1270 1170 1336 ἕξιν
1192 1264 1237 1347 (ἦν
1253 1273 1308 1348 γὰρ
1325 1273 1388 1348 ope

206 1374 391 1455 mandatos)
414 1382 459 1436 sul
480 1381 525 1436 διὰ
544 1383 594 1450 ,τὴν
611 1382 725 1452 ἄσκησιν
742 1382 789 1451 τήν
805 1382 852 1436 τοῦ
868 1380 977 1455 δρόμον.
1028 1373 1144 1455 ltaque
1162 1374 1224 1438 Dio
1244 1373 1389 1451 Cassius,

234 1501 330 1562 quem
360 1481 503 1546 Zonaras
532 1484 696 1565 sequitur,
730 1464 872 1566 primum
901 1479 984 1545 Livii
1016 1481 1118 1545 verba
1151 1482 1197 1545 sic
1231 1481 1389 1546 distincta

232 1588 372 1670 legerat:
419 1591 699 1673 victoremque
743 1611 863 1654 cursu
910 1589 1081 1652 omnium
1126 1590 1261 1653 aetatis
1308 1610 1387 1654 suae

232 1693 363 1760 fuisse
390 1696 528 1762 ferunt
555 1720 623 1763 seu
648 1698 740 1779 (n0n:
779 1701 819 1762 et
843 1695 926 1776 seu)
949 1696 1096 1759 virium
1119 1697 1155 1760 vi
1178 1717 1247 1761 seu
1272 1717 1386 1761 exer·

232 1803 433 1868 citatione
468 1805 609 1884 multa,
645 1806 727 1870 cibi
761 1804 927 1887 vinique
956 1804 1125 1867 eundem
1155 1806 1385 1887 capacissi-

230 1933 339 1976 mum.
376 1910 454 1993 [cfr.
467 1895 616 1989 XXVIII,
636 1917 686 1992 20,
706 1918 739 1977 3:
764 1911 1170 1994 corporum—multa
1188 1914 1385 1976 exercita-

230 2019 342 2084 tione
371 2018 620 2102 pernicium]
676 2020 804 2104 (Neque
827 2018 992 2102 profeoto,
1021 2025 1059 2082 ut
1080 2018 1143 2082 hoc
1166 2018 1300 2097 addam,
1331 2019 1385 2082 Li·

228 2127 300 2190 vius
329 2147 509 2210 pronomen
537 2127 719 2207 eundem,
754 2148 819 2211 quo
853 2147 944 2191 norae
979 2127 1026 2190 rei
1061 2126 1231 2189 adiunctio
1261 2124 1384 2209 signifi·

229 2240 338 2312 catur,
368 2236 402 2298 in
432 2235 594 2300 decimum
621 2237 730 2300 locum
753 2235 948 2314 reiecisset.)
999 2233 1125 2297 Deinde
1148 2255 1213 2296 non
1236 2234 1383 2297 virium

227 2342 265 2405 vi
300 2341 391 2407 illam
426 2344 628 2408 celeritatem
665 2364 785 2425 cursus
821 2340 972 2406 effectam
1000 2340 1112 2404 Livius
1140 2346 1291 2423 putarat,
1326 2339 1384 2405 sed

228 2468 386 2513 crurum.
437 2451 475 2514 ln
504 2473 617 2516 eorum
643 2451 675 2514 ri
706 2458 739 2515 et
766 2450 886 2515 robore
914 2449 1023 2532 posita
1053 2455 1103 2512 est
1131 2452 1184 2518 ἕξις
1205 2448 1266 2512 viri
1289 2454 1383 2530 δρομι-

228 2565 352 2619 arctatos.
410 2557 626 2640 [Rectissime
661 2562 918 2623 commemorata
945 2557 1094 2620 universe
1123 2555 1264 2638 pedum
1297 2576 1384 2639 per·

227 2665 417 2745 nicitate,
447 2665 583 2730 dubium
604 2665 747 2747 relinqui
770 2663 990 2745 significatur,
1021 2670 1130 2726 utrum
1153 2662 1265 2727 nativa
1287 2663 1318 2724 vi
1340 2682 1384 2725 an
1448 2660 1457 2679 ⁹

228 2773 460 2837 exercitatione
484 2794 523 2838 ea
545 2775 724 2855 pernicitas
748 2778 845 2855 parta
867 2769 970 2852 sit.]¹)

313 2880 391 2963 Cap.
418 2886 471 2960 18,
504 2886 539 2943 ll
571 2881 619 2961 (in
647 2880 893 2964 comparatione
916 2877 1093 2942 Alexandri
1123 2882 1156 2940 et
1178 2876 1293 2960 populi
1317 2877 1382 2939 Ro·

226 2989 323 3066 mani,
352 2987 410 3053 ubi
435 2989 474 3053 de
496 2989 656 3053 varietate
679 2988 820 3053 fortunae
844 2985 982 3069 agitur):
1018 2983 1121 3061 Quin
1144 2990 1186 3047 tu
1209 2983 1382 3069 hominis

227 3116 311 3159 cum
339 3094 497 3161 homine
526 3104 565 3161 et
594 3097 707 3161 ducis
737 3114 820 3159 cum
844 3093 943 3158 duce
965 3092 1175 3158 fortunam
1197 3112 1282 3155 cum
1304 3089 1381 3155 for·

225 3211 325 3268 tuna
353 3202 532 3269 confers?
575 3203 695 3267 Mirum
724 3208 790 3282 est,
832 3222 932 3283 quarn
961 3201 1076 3265 inanes
1105 3198 1280 3264 verborum
1309 3198 1381 3261 soni

224 3312 389 3376 interdum
418 3333 513 3376 aures
541 3317 740 3394 praetereant
768 3314 826 3375 aut
853 3310 964 3391 potius
987 3308 1107 3372 litterae
1130 3306 1253 3384 oculos
1284 3305 1380 3388 quasi

226 3421 389 3484 sententia
410 3420 499 3484 insit.
538 3419 721 3484 Hominis
750 3418 958 3482 fortunam
987 3436 1072 3479 cum
1100 3413 1275 3478 hominis
1297 3411 1381 3476 ior·

225 3534 323 3592 tuna
346 3527 529 3592 conferre
552 3527 631 3615 quid
655 3529 707 3604 sit,
737 3545 849 3590 omnes
871 3529 1002 3600 norunt,
1026 3541 1152 3605 proque
1176 3539 1214 3583 eo
1237 3516 1381 3581 naturali

225 3634 367 3716 quadam
401 3634 559 3699 orationis
593 3634 754 3699 brevitate
784 3640 818 3697 et
845 3631 924 3714 fuga
952 3628 1093 3713 genetivi
1120 3623 1201 3691 nudi
1224 3624 1380 3707 praeposi·

224 3743 307 3806 tioni
330 3741 470 3807 subiecti
493 3742 666 3807 substitui:
690 3739 862 3806 hominis
885 3738 1089 3804 fortunam
1112 3753 1196 3797 cum
1220 3731 1379 3795 bomine

253 4018 275 4085 ¹)
296 4017 553 4086 [QuodBadhamus
571 4035 624 4087 pro
644 4015 906 4086 capacissimum
924 4011 1011 4066 scribi
1028 4010 1118 4063 voluit
1134 4009 1378 4078 parcissimum,

292 4104 411 4168 erravit3
433 4121 498 4157 nam
521 4104 579 4157 vini
602 4104 748 4171 copiosum
771 4098 900 4154 usumin
919 4095 1032 4165 Papirio
1051 4095 1225 4149 celebratum
1244 4092 1380 4147 sermoni-

291 4189 343 4241 bus
362 4194 391 4242 et
413 4188 486 4241 lama
503 4188 596 4254 luisse,
614 4188 668 4240 Dio
688 4186 799 4239 Cassius
817 4179 961 4249 ostendit]
