3060 5272
249 385 310 440 Lib.
329 385 412 439 XLII.
792 372 854 433 636

250 567 507 642 exspectar03
531 556 644 622 sedin
667 556 778 621 codice
812 555 982 620 scribitur:
1005 590 1047 601 -
1070 557 1193 621 armis
1216 555 1401 637 equitum

249 674 436 732 eventum
459 673 711 750 exspectare,
735 666 769 729 in
789 685 854 745 quo
871 662 1079 728 manifestum
1097 672 1148 729 est
1171 663 1275 728 latere
1297 683 1401 747 oopu-

247 774 312 838 lam
347 782 380 839 et
413 794 524 838 vocem
559 773 600 838 ad
629 773 824 838 sententiam
860 774 1061 856 aptissimam
1095 780 1128 836 et
1162 793 1252 856 paene
1286 792 1400 838 neces·

247 884 382 962 sariam3
407 883 585 967 scripserat
607 881 694 946 enim
717 881 841 945 Livius:
872 880 1082 946 abstinere
1104 882 1227 946 armis
1250 887 1289 945 et
1312 882 1401 965 qui·

247 999 336 1057 etus
360 997 546 1055 eventum
566 997 819 1073 exspectare.
850 990 997 1054 Accedat-
1020 990 1120 1072 igitur
1138 991 1199 1055 hoc
1217 989 1401 1075 exemplum

247 1106 476 1183 corruptarum
501 1097 627 1163 abhoc
655 1098 790 1162 librario
820 1118 934 1161 vocum
969 1099 1135 1180 quiesco
1170 1108 1201 1164 et
1237 1099 1401 1182 quietus

246 1209 296 1286 iis,
321 1229 393 1291 quae
417 1229 447 1289 p.
472 1211 533 1270 602
563 1213 596 1271 et
623 1228 654 1290 p.
679 1208 740 1270 617
765 1205 904 1270 collecta
938 1218 1027 1283 sunt,
1051 1208 1314 1291 adiungaturque
1347 1205 1400 1271 his

248 1314 360 1394 XLIV,
386 1319 413 1392 3,
437 1319 465 1393 3,
487 1315 544 1379 ubi
568 1316 844 1398 exposuerint
874 1316 1204 1398 quieverintque,
1228 1315 1314 1397 quod
1338 1335 1399 1398 ego

246 1422 465 1488 etVahlenius
476 1423 681 1488 restituimus
690 1423 811 1506 (neque
824 1425 907 1488 enim
923 1432 980 1497 est,
990 1444 1049 1487 our
1060 1445 1102 1488 re
1115 1424 1214 1488 verbo
1226 1443 1401 1507 praepona-

248 1530 345 1613 mus),
370 1539 475 1596 ortum
500 1538 552 1596 est
574 1531 788 1613 posuerint
812 1531 1049 1613 fuerimque.
1085 1531 1242 1612 (1864.)¹)
1274 1531 1399 1596 Deinde

245 1639 293 1723 §6
317 1661 389 1722 quae
413 1640 452 1705 de
476 1638 638 1703 Antiocho
659 1638 758 1722 Syriae
780 1661 856 1721 rege
876 1641 1078 1704 scribuntur:
1103 1649 1140 1704 et
1159 1640 1399 1721 ambigendo

245 1749 293 1813 de
317 1745 439 1813 Coelo
469 1747 585 1832 Syria
607 1768 768 1811 causam
791 1747 890 1811 belli
922 1769 961 1812 se
992 1747 1229 1813 habiturum
1253 1749 1399 1813 existi·

244 1855 380 1921 mabat
402 1863 692 1939 gesturumque
716 1855 800 1920 sine
830 1855 916 1920 ullo
945 1856 1247 1939 impedimento,
1277 1876 1400 1921 occu·

244 1965 353 2048 patis
376 1964 566 2029 Romanis
600 1964 640 2028 in
673 1962 936 2029 Macedonico
961 1964 1084 2042 bello,
1113 1965 1153 2028 id
1176 1963 1341 2043 bellum,
1366 1970 1401 2030 et

243 2079 378 2157 propter
400 2092 594 2137 concursum
617 2072 832 2155 inelegantem
853 2079 1071 2137 extremorum
1091 2072 1207 2137 horum
1225 2071 1399 2137 verborum

246 2182 361 2264 (quum
384 2182 566 2265 praesertim
588 2181 629 2245 id
651 2179 803 2245 bellum
832 2181 922 2245 aliud
945 2182 987 2244 sit
1017 2201 1056 2244 ac
1078 2178 1340 2262 Macedonicum)
1366 2187 1401 2246 et

243 2297 380 2374 propter
398 2290 563 2354 obiectum
582 2289 635 2371 (id
651 2288 816 2369 bellum)
841 2290 921 2353 mire
945 2290 977 2353 in
996 2297 1176 2354 extremum
1196 2289 1305 2353 locum
1323 2296 1401 2373 post

243 2397 405 2463 ablativos
429 2399 587 2463 reiectum
602 2397 811 2463 vehementer
828 2396 1006 2476 offendunt,
1026 2397 1269 2482 confirmatque
1287 2397 1399 2462 mendi

245 2507 472 2590 suspicionem,
507 2504 595 2587 quod
629 2507 662 2569 in
686 2504 796 2569 codice
825 2527 890 2569 non
926 2505 1035 2570 bello
1071 2505 1110 2570 id
1144 2505 1302 2584 bellum,
1338 2504 1397 2570 sed

245 2614 353 2678 bello
388 2613 491 2698 quod
527 2612 677 2677 bellum
711 2596 877 2678 scribitur.
924 2612 1135 2697 Perspicuum
1159 2622 1219 2693 est,
1254 2614 1396 2697 primam

241 2723 438 2786 sententiam
461 2722 631 2785 terminari
659 2719 707 2784 his
729 2721 852 2785 verbis:
887 2716 1100 2805 occupatis
1129 2722 1320 2787 Romanis
1353 2725 1395 2786 in

240 2829 502 2895 Macedonico
532 2828 655 2904 bello,
684 2837 721 2894 ut
749 2830 792 2893 ad
814 2837 1026 2911 gesturum
1049 2829 1216 2894 obiectum
1239 2830 1396 2896 audiatur

242 2960 281 3004 ex
304 2939 472 3021 superiore
495 2936 596 3003 belli
621 2936 796 3020 (causam
819 2938 875 3020 b).
921 2938 1045 3003 Deinde
1075 2938 1284 3004 scribendum
1307 2938 1397 3003 vide·

240 3053 312 3112 tur:
336 3049 413 3119 dun
437 3048 586 3112 uellent
609 3054 755 3125 tamen,
780 3049 913 3113 omnia
935 3083 978 3092 -
1000 3049 1147 3113 eximie
1176 3047 1396 3132 pollicitus

243 3163 340 3220 erat.
387 3154 465 3238 (cfr.
491 3155 605 3234 XXIV,
630 3160 680 3233 40,
705 3155 749 3236 8.)
783 3155 832 3219 Ex
855 3177 939 3240 quae
967 3156 1119 3233 uellen,
1146 3155 1245 3221 semel
1269 3157 1394 3239 scripto

241 3271 263 3341 t,
287 3263 382 3329 facile
406 3267 484 3329 oriri
508 3264 648 3349 poterat
668 3264 774 3348 quod
803 3264 962 3329 bellum.
1008 3263 1113 3329 [num
1137 3274 1246 3329 tamen
1270 3269 1394 3343 restat;

153 3383 224 3453 (525)
242 3393 318 3436 nam
337 3394 395 3456 pro
414 3374 557 3438 eximie
574 3375 607 3437 in
625 3373 736 3437 codice
756 3379 807 3436 est
825 3373 951 3445 exine,
969 3371 1032 3436 hoe
1050 3380 1110 3450 est,
1130 3374 1254 3451 enixe,
1274 3391 1393 3453 magno

267 3646 289 3700 ¹t
308 3643 396 3698 Initio
416 3645 516 3714 cepitis
536 3642 561 3712 (ξ
580 3643 609 3709 2)
636 3643 713 3697 eius
742 3652 902 3714 corruptum
927 3649 981 3706 est,
1010 3646 1062 3699 nisi
1080 3645 1175 3700 Livius
1203 3648 1274 3699 miro
1298 3663 1394 3700 errore

308 3729 429 3782 Persei
450 3747 551 3783 nomen
570 3735 636 3782 ante
654 3747 683 3782 se
701 3729 828 3799 posuisse
846 3731 962 3799 putavit.
997 3731 1052 3785 Sed
1070 3733 1165 3802 regis
1184 3733 1316 3786 substitui
1334 3749 1393 3786 non
1436 3738 1442 3747 ‘

308 3815 413 3882 debuit,
442 3833 504 3884 quae
532 3814 688 3885 appellatio
715 3833 771 3869 non
799 3815 892 3870 Persei
911 3817 1000 3884 magis
1030 3835 1112 3886 quam
1130 3819 1263 3871 Eumenis
1283 3823 1391 3872 cetero·

308 3918 426 3969 rumque
444 3907 510 3954 erat.
546 3901 614 3956 Post
642 3900 779 3955 scelere
802 3918 859 3954 non
878 3901 918 3954 ita
936 3901 1087 3956 difficulter
1104 3903 1221 3956 Persei
1247 3903 1392 3973 depravari

307 3987 409 4055 potuit.
445 3987 582 4042 Extremo
601 3988 693 4055 eapite
712 3984 801 4055 (§12:
823 3985 1036 4055 Odrysarum
1055 4006 1113 4041 rex
1129 3995 1163 4040 et
1182 3989 1223 4041 ad
1236 3988 1393 4043 Macedo·

308 4089 384 4126 num
412 4074 526 4141 partis
554 4078 642 4139 erat;
671 4073 709 4126 sic
738 4074 811 4126 enim
839 4074 867 4125 in
892 4073 989 4126 codice
1008 4074 1153 4137 scribitur)
1172 4075 1240 4142 quid
1257 4073 1344 4128 lateat
1362 4075 1392 4128 in

307 4158 407 4223 etad,
426 4160 537 4224 nesci03
556 4158 621 4210 iarn
640 4175 697 4211 non
716 4159 819 4211 subest.
855 4158 918 4224 (nd
936 4159 1016 4211 Mac.
1041 4165 1162 4227 partes
1190 4160 1281 4213 ierat
1299 4177 1392 4229 neque

306 4243 438 4297 Latinum
457 4262 546 4312 neque
565 4249 661 4312 aptum
680 4261 740 4298 esse
758 4244 892 4311 videtur.)
