3060 5272
223 377 287 434 Lib.
304 376 391 433 XLII.
768 366 830 428 656

225 551 363 616 tentiam
385 551 523 630 rectius:
552 549 615 616 hoo
638 550 724 615 enim
747 556 869 635 praeter
892 557 1003 617 cetera
1025 549 1159 634 indigne
1184 571 1241 616 eos
1262 549 1380 616 tulisse

226 658 339 725 Livius
363 657 489 740 dicit.¹)

311 764 390 851 Cap.
415 770 465 846 58,
489 769 507 830 7
534 765 580 847 (in
605 765 823 850 descriptione
846 767 930 832 aciei
953 765 1200 848 Macedonum:
1223 766 1267 831 In
1291 766 1381 832 dex·

225 882 288 941 tro
324 896 449 942 cornu
489 874 731 941 Macedones
772 882 889 941 erant
928 876 1107 960 equites3
1146 876 1380 941 intermixti

226 984 374 1051 turmis
408 1003 541 1049 eorum
575 982 808 1049 Cretenses.
853 984 957 1049 Huic
985 990 1202 1049 armaturae
1236 981 1380 1050 Medon

225 1090 521 1172 Beroaeus'(cod.
551 1090 909 1174 Midonuereeius),
933 1092 1146 1175 equitibus
1169 1099 1207 1157 ct
1225 1113 1381 1157 summae

226 1202 362 1286 partis
391 1201 481 1265 eius
504 1199 616 1266 Meno
646 1200 943 1282 Antigonensis
977 1205 1164 1284 praerat,
1208 1199 1381 1284 Nusquam

226 1331 333 1394 neque
358 1309 468 1374 Livius
490 1329 597 1392 neque
621 1307 677 1372 alii
702 1308 748 1372 sic
771 1315 985 1373 armaturae
1008 1330 1125 1375 nomen
1150 1308 1190 1374 de
1213 1317 1304 1374 certa
1327 1330 1381 1375 ex-

227 1419 349 1485 ercitus
380 1424 474 1502 parte
503 1424 631 1500 ponunt
661 1415 773 1481 addito
796 1418 988 1500 pronomine
1013 1417 1120 1497 (haec,
1155 1417 1232 1482 illa
1253 1437 1381 1482 arma-

227 1526 351 1608 tura);
384 1547 445 1591 nec
472 1524 541 1590 ulla
574 1531 787 1590 armatura
816 1531 916 1590 antea
944 1527 1115 1592 nominata
1145 1533 1225 1590 erat.
1270 1525 1381 1591 Livius

143 1638 217 1708 (643)
236 1634 429 1718 scripserat:
454 1632 527 1695 lari
552 1640 772 1713 armaturae,
790 1631 963 1700 Cretenses
980 1633 1174 1717 intellegens
1197 1655 1317 1718 eosque
1340 1633 1381 1698 ab

230 1742 397 1826 equitibus
431 1761 600 1825 separans.
651 1741 755 1808 Paulo
784 1749 861 1827 post
884 1741 914 1825 (ἕ
948 1743 1010 1825 10),
1041 1742 1099 1807 ubi
1131 1743 1165 1806 in
1194 1741 1306 1807 codice
1335 1743 1383 1807 sic

229 1850 401 1916 scribitur:
438 1848 841 1934 Quadringentorum
875 1871 1013 1915 manus
1037 1858 1215 1938 utraque
1247 1872 1382 1915 nume-

228 1958 1382 2043 rumexplebatrationemtessalonicensemetcertiman·

230 2068 528 2152 optolopemum
551 2068 602 2132 iis
625 2066 819 2151 praefecit,
835 2068 940 2133 latere
959 2067 1106 2132 videt-ur:
1130 2067 1383 2151 expleveram

229 2176 466 2243 Stratonem
493 2174 901 2242 Thessalonicensem
935 2184 973 2241 et
1006 2176 1228 2241 Artemona
1261 2174 1383 2241 Dolo·

230 2307 315 2370 pem
338 2285 390 2349 iis
413 2284 612 2368 praefecit.
646 2284 709 2351 Pro
733 2284 888 2351 Stratone
911 2291 1042 2369 poterat
1065 2285 1163 2350 etiam
1186 2285 1220 2348 in
1242 2290 1383 2349 mentem

229 2394 339 2457 venire
372 2391 560 2471 Pration‚
594 2391 749 2458 Doricum
783 2414 900 2458 nomen
936 2392 1061 2477 (Polyb.
1085 2391 1234 2471 XXVIII,
1266 2396 1314 2471 19,
1341 2393 1383 2475 1).

229 2501 386 2584 Grynaeus
403 2500 538 2565 Ionem
564 2508 597 2565 et
619 2501 835 2566 Timanora
852 2500 969 2566 effecit.
998 2499 1282 2566 Weissenbornius
1299 2499 1384 2565 salsa

231 2610 340 2693 spieoie
375 2609 532 2691 deceptus
565 2607 828 2692 Neoptolemi
861 2631 980 2676 nomen
1014 2630 1052 2673 eo
1075 2608 1147 2674 loco
1172 2610 1296 2692 posuit,
1326 2608 1384 2673 ubi

231 2718 374 2782 civitatis
408 2737 526 2781 nomen
556 2737 576 2781 a
602 2717 695 2782 Livio
719 2719 863 2801 positum
896 2717 997 2782 fuisse
1026 2723 1174 2801 apparet.
1221 2715 1284 2782 Sed
1310 2724 1384 2782 tota

230 2847 283 2891 res
314 2826 421 2909 exigui
451 2826 607 2889 momenti
630 2832 690 2890 est.
737 2824 882 2908 [Ionem
906 2846 965 2909 pro
990 2823 1143 2891 Stratone
1167 2823 1383 2890 commendat.

231 2933 317 3017 quod
341 2933 437 3013 XLV,
462 2937 491 3013 6,
517 2936 535 2996 9
558 2933 688 3015 legitur.
725 2932 867 3017 1864.]²)

317 3039 396 3127 Gap.
422 3046 472 3121 59,
498 3046 513 3105 1
540 3040 594 3122 (de
617 3042 741 3126 proelio
772 3044 918 3126 equestri
946 3044 1033 3107 inter
1060 3041 1182 3106 Persea
1211 3050 1244 3107 et
1267 3042 1384 3107 Roma·

230 3149 320 3234 nosl:
355 3150 398 3215 In
431 3138 541 3215 hunc'
572 3150 724 3215 modum
758 3152 925 3216 maxime
960 3153 1175 3216 instructae
1205 3151 1313 3216 acies
1341 3185 1385 3193 -

231 3265 494 3338 concurrunt,
529 3258 852 3325 asunditoribus
880 3258 1283 3340 iaculatoribusque,
1317 3259 1382 3340 qui

230 3376 550 3452 praecesserunt,
583 3368 744 3451 proelio
779 3375 876 3433 orto.
930 3366 1032 3432 Scrib.
1068 3373 1384 3450 praecesserant:

229 3482 363 3559 poterat
391 3477 491 3540 etiam
520 3475 585 3540 dici
616 3475 925 3560 praecedebant3
958 3474 1140 3560 perfectum
1163 3476 1197 3539 in
1221 3475 1385 3539 sententia

256 3728 282 3796 ¹)
302 3726 318 3798 §
336 3731 353 3784 8
370 3728 504 3798 quoniam
521 3730 551 3784 in
569 3729 667 3786 codice
686 3731 831 3786 scribitur:
850 3731 1010 3785 incertus
1028 3735 1157 3797 quanta
1182 3734 1277 3785 esset
1299 3729 1385 3782 duos

298 3831 372 3869 essa
391 3815 475 3873 duos
494 3816 577 3871 inde
605 3832 644 3870 ex
668 3817 803 3885 agmine
828 3821 889 3883 cet,
908 3815 953 3869 edi
973 3815 1069 3870 debet:
1088 3816 1164 3883 inc,
1184 3820 1313 3884 quanta
1331 3829 1384 3868 es·

298 3907 353 3956 set
371 3903 420 3956 ils
438 3902 584 3956 hostiurn.
620 3901 713 3956 Duas
736 3902 816 3958 inde
841 3919 879 3956 ex
897 3901 1036 3971 agmine
1056 3905 1108 3955 cet
1145 3899 1174 3970 [ἐ
1193 3903 1209 3955 6
1227 3919 1278 3970 pro
1297 3916 1386 3971 pra·

298 3994 495 4056 cesserunt,
515 3987 590 4057 quod
614 3986 679 4040 ferri
702 3992 768 4056 post
785 4004 1000 4058 praegressus
1019 3986 1129 4054 nequit,
1150 3986 1328 4041 scribendum
1347 3986 1387 4039 ri·

302 4072 385 4128 detur
402 4077 666 4143 processerunt.
688 4070 774 4142 1864]

253 4156 281 4223 ¹)
300 4155 326 4227 [ξ
351 4161 367 4212 b
391 4159 508 4214 duarum
535 4160 694 4213 litterarum
722 4159 786 4214 sede
813 4163 974 4229 permutata
1001 4154 1121 4210 efficitur
1147 4172 1250 4210 nomen
1279 4154 1385 4209 Graecre

296 4242 394 4299 formoe
414 4255 564 4308 Καλλίνικος.
595 4241 681 4312 1864]
