3060 5272
231 338 294 392 Lib.
313 336 399 391 XXX
778 323 841 385 430

234 510 334 574 ceteri
367 508 495 573 codices
529 513 618 571 recte
652 513 715 571 est
747 505 1093 588 (intercessiost)‚
1127 507 1215 590 quod
1245 506 1390 590 ipsc-W.

233 618 399 682 revocarit
428 618 476 697 (in
505 615 555 680 ed.
579 612 718 695 Tenbn.)
753 620 787 678 et
820 615 869 678 ita
899 613 1024 678 Livium
1055 613 1147 696 loqui
1176 614 1267 679 dixit.
1324 613 1391 695 (Si-

232 724 319 789 milis
348 745 441 789 error
468 730 544 808 post
572 722 700 787 donec
728 721 831 801 XLV,
861 725 896 800 7,
925 728 945 786 4
981 722 1104 787 codicis
1132 722 1238 806 ipsius
1264 722 1389 789 indicio

233 831 451 914 coarguitur)
497 829 700 914 [Imperfecti
739 830 938 895 coniunctivi
978 837 1056 913 post
1095 851 1171 895 non
1210 836 1305 895 ante
1344 866 1391 877 -

233 960 357 1021 quam,
393 960 467 1004 cnm
501 939 694 1003 obscuriore
728 938 874 1022 quadam
907 939 1008 1002 animi
1041 944 1075 1003 et
1108 938 1235 1003 consilii
1264 937 1390 1021 signifi*

118 1024 126 1035 ¹
233 1047 362 1112 catione
391 1047 494 1131 positi
523 1046 673 1129 exempla
701 1046 789 1131 apud
812 1046 939 1110 Livium
966 1047 1177 1130 reperiuntur
1200 1045 1235 1126 V,
1267 1050 1316 1125 19,
1349 1051 1386 1111 ll

234 1153 456 1236 (iacerent),
484 1154 541 1233 IX,
569 1159 619 1231 34,
648 1158 668 1217 2
691 1154 952 1235 (obruerent),
981 1153 1078 1233 XLV,
1103 1158 1152 1234 ll,
1176 1157 1194 1217 3
1218 1150 1389 1234 (confir-

234 1262 392 1343 maret),
426 1285 501 1326 uam
528 1262 664 1341 XXXV,
699 1266 755 1340 25,
790 1266 808 1325 3
837 1263 1062 1326 coniunctivus
1087 1260 1386 1343 (revertissent)

233 1369 393 1434 infinitivo
417 1369 614 1453 adiungitur,
632 1369 749 1448 XXVI,
771 1374 818 1448 19,
837 1375 854 1434 5
874 1369 979 1450 (iret)
997 1369 1093 1434 simul
1111 1367 1315 1452 significatur
1332 1390 1388 1435 res

233 1479 352 1560 sapius
379 1477 477 1557 iacta,
502 1499 567 1542 non
590 1499 656 1542 una
679 1499 733 1541 res
758 1475 916 1561 perfecta,
937 1475 1070 1553 XXVII,
1096 1482 1146 1555 50,
1175 1482 1210 1541 ll
1233 1476 1388 1559 (audis-

234 1584 337 1665 sent)
362 1594 477 1668 aperte
499 1586 573 1667 ipsa
595 1584 762 1649 hominum
786 1585 942 1666 cogitatio
967 1583 1098 1666 oblique
1121 1583 1311 1667 indicatur]

320 1690 398 1775 Gap.
426 1697 479 1771 13,
511 1697 564 1756 10:
601 1692 760 1776 (Syphax)
789 1693 998 1757 insanisse
1021 1691 1139 1773 (sese)
1161 1692 1387 1773 fatebatur,

234 1801 405 1865 sednon
429 1806 509 1864 tum
531 1799 692 1878 demum,
721 1822 838 1884 quum
861 1821 969 1863 arma
992 1799 1187 1865 adversus
1210 1822 1296 1884 pop.
1320 1801 1386 1866 Ro.

233 1910 429 1992 cepisset,
469 1908 623 1972 exitum
657 1908 718 1972 sui
752 1906 905 1972 furoris
940 1907 1090 1986 fuisse,
1125 1928 1199 1973 non
1231 1908 1387 1991 princi·

232 2018 347 2101 pium.
409 2016 473 2094 Qui
506 2017 554 2079 sic
588 2015 668 2080 dicit
701 2015 848 2098 (exitus
881 2015 1036 2080 furoris
1069 2017 1144 2080 mei
1178 2013 1274 2095 fuit,
1309 2037 1387 2080 non

231 2123 507 2208 principium),
540 2121 684 2187 furorem
718 2145 814 2187 suum
848 2123 1027 2206 aliquando
1061 2125 1191 2188 initium
1220 2123 1387 2203 habuisse,

231 2232 329 2297 finem
357 2253 421 2296 non
444 2231 599 2296 habuisse
622 2230 798 2312 significat,
828 2231 915 2313 quod
937 2231 1111 2295 ridiculum
1135 2239 1201 2311 est;
1237 2231 1279 2295 ad
1303 2252 1386 2311 eam,

231 2362 302 2423 qua
337 2339 540 2422 postulatur,
580 2341 777 2404 sententiam
816 2337 1022 2403 efficiendam
1055 2338 1171 2403 Latine
1210 2338 1386 2403 dicendum

231 2453 296 2511 est:
326 2447 475 2510 exitum
498 2465 576 2508 cn·
599 2447 659 2511 sui
681 2446 838 2510 furoris
861 2443 1002 2524 fuisse,
1025 2469 1102 2510 non
1126 2468 1179 2529 pr.
1230 2446 1385 2510 Etcum

231 2553 413 2618 desiderari
441 2559 590 2618 senserat
617 2553 681 2617 iam
710 2554 842 2634 ignotus
871 2553 991 2637 aliquis
1015 2554 1126 2632 homo,
1162 2554 1253 2618 cuius
1275 2574 1384 2618 emen-

230 2662 321 2725 datio
343 2662 377 2724 in
401 2660 495 2724 codd.
521 2659 613 2723 Harl.
640 2666 673 2723 et
695 2661 817 2725 Gaertu.
836 2668 954 2740 exstat,
979 2663 1011 2726 in
1034 2662 1106 2726 loco
1129 2667 1259 2726 tantum
1281 2662 1385 2744 parti-

230 2767 312 2832 cula
335 2767 516 2832 inserenda
539 2788 663 2831 errans.
714 2768 929 2848 Gronovium,
959 2791 1059 2851 quum
1087 2770 1195 2834 locum
1218 2770 1341 2833 rectius
1365 2789 1383 2832 e

230 2875 399 2940 codicibus
423 2875 648 2953 constitueret,
678 2876 740 2940 hoc
763 2898 896 2960 quoque
920 2877 1120 2955 emendasse,
1149 2900 1214 2942 non
1236 2875 1383 2941 animad-

228 3003 358 3048 versum
381 2981 517 3045 videtur.
553 2983 658 3060 Quam
681 2982 776 3049 facile
800 3007 883 3050 eum
900 2991 1072 3069 postium
1092 2985 1258 3064 exciderit,
1280 2990 1383 3069 patet.

315 3087 393 3173 Cap.
421 3094 474 3169 18,
504 3089 616 3172 7(ubi
646 3100 800 3156 narratur
829 3093 990 3176 proelium
1018 3094 1051 3156 in
1075 3093 1183 3157 Gallia
1204 3093 1290 3157 inter
1312 3091 1383 3157 Ma·

141 3211 214 3281 (351)
231 3219 349 3281 gonem
378 3204 411 3262 ot
432 3197 467 3261 P.
491 3198 684 3275 Quintilium
708 3199 830 3264 Varum
852 3200 950 3283 lllqne
973 3197 1183 3281 Cornelium),
1206 3206 1384 3284 postquam

227 3306 351 3370 dictum
379 3312 445 3385 est,
479 3326 581 3388 equos
610 3307 831 3372 Romanorum
862 3307 1112 3391 elephantorum
1135 3307 1292 3391 adspectu
1317 3314 1383 3372 ter·

226 3414 306 3478 ritos
336 3434 454 3478 vanum
483 3420 635 3495 equestre
663 3415 820 3479 auxilium
841 3415 975 3496 iecisse,
1006 3417 1053 3481 sic
1077 3418 1239 3500 pergitur:
1275 3422 1315 3480 et
1336 3422 1384 3479 ut

225 3522 544 3605 rempcrmixtus
585 3523 646 3585 uti
687 3522 858 3606 cuspide
891 3524 953 3588 uti
987 3525 1210 3613 comminus
1244 3522 1381 3607 gladio

226 3628 380 3709 (eladio
403 3628 442 3709 P)
467 3636 623 3711 posset,
651 3630 815 3696 roboris
839 3632 1008 3696 maioris
1033 3632 1238 3696 Romanus
1261 3651 1383 3715 eques

226 3742 329 3814 erat,
363 3737 421 3800 ita
448 3737 489 3799 in
516 3736 698 3801 ablatum
727 3739 973 3821 paventibus
1002 3740 1143 3823 procul
1166 3740 1283 3823 equis
1305 3760 1382 3803 me·

224 3841 307 3908 lius
336 3864 380 3907 ex
403 3844 630 3911 intervallo
653 3845 829 3910 Numida
851 3846 1155 3912 iaculabantur.
1203 3847 1257 3911 Sic
1279 3844 1383 3929 (quod

225 3949 358 4033 quidem
387 3950 429 4014 ad
458 3973 498 4016 ea
526 3954 684 4032 attineat,
720 3953 761 4018 de
794 3955 914 4038 quibus
947 3954 1070 4038 agitur)
1105 3954 1237 4020 codices
1266 3953 1383 4038 optimi

224 4058 330 4141 iisqne
353 4061 502 4142 proximi.
561 4060 732 4126 Edebatur
752 4062 865 4145 uulgo:
900 4070 940 4127 ct
966 4069 1009 4127 ut
1036 4064 1281 4147 permixtus;
1315 4062 1380 4126 lac.

225 4166 410 4232 Gronovius
432 4167 638 4232 scribendum
663 4171 807 4252 putavit:
841 4176 882 4236 et
903 4177 947 4235 ut
968 4172 1244 4250 intermixtus,
1275 4170 1382 4235 Weis-
