3060 5272
192 370 254 426 Lib.
274 371 375 424 XXIII.
742 356 803 417 318

194 543 290 621 Quod
318 563 513 606 armemus
542 563 602 625 pro
632 561 879 607 armaremus
902 541 1012 624 posui,
1045 538 1160 602 eadem
1188 539 1350 605 correctio

108 660 178 728 (261)
196 651 368 734 perspicue
397 656 432 713 et
459 650 644 715 necessario
675 649 862 714 adhibenda
885 656 936 713 est
957 650 991 712 in
1015 646 1164 730 proxima
1185 649 1352 713 sententia

193 755 224 840 (ξ
237 757 281 838 4),
304 756 361 821 ubi
385 756 509 822 editur:
533 757 587 822 Ab
611 756 814 840 hospitali
836 776 973 820 mensa
995 755 1139 837 surgis,
1162 754 1211 818 ad
1234 776 1350 838 quam

193 864 652 948 tertiusCampanorum
676 863 889 929 adhibitus
912 884 952 928 es
975 864 1022 928 ab
1040 862 1283 943 Hannibale,
1306 869 1351 928 ut

194 994 277 1039 eam
305 975 435 1056 ipsam
463 994 637 1037 mensam
666 980 908 1037 cruentares
930 971 1106 1054 hospitis
1130 971 1349 1054 sanguine?

192 1081 310 1146 Itane?
333 1103 372 1146 eo
408 1080 546 1145 consilio
570 1080 739 1145 adhibitus
762 1101 882 1145 mensae
905 1080 999 1143 erat?
1021 1078 1090 1143 Imo
1113 1080 1232 1160 quaerit
1254 1078 1352 1144 Cala·

193 1190 264 1253 vius
288 1210 305 1253 a
329 1188 413 1265 tilio,
447 1196 618 1269 surgatne,
647 1195 684 1252 ut
706 1208 779 1252 eam
802 1194 961 1251 cruentet.
1013 1185 1228 1251 Scribendum
1250 1187 1351 1269 igitur

194 1296 283 1379 [cum
312 1295 486 1380 Rupertio]
527 1304 724 1361 cruentes.
788 1294 894 1377 [Ferri
933 1294 1044 1378 aliquo
1083 1293 1181 1359 modo
1220 1300 1348 1377 posset:

193 1405 501 1483 obstrinximus;
525 1410 611 1466 ιιιι
635 1438 679 1448 -
701 1404 968 1468 armaremus?
1003 1401 1067 1467 Sed
1089 1402 1148 1465 vis
1173 1408 1207 1466 et
1230 1401 1274 1466 ad
1295 1401 1349 1466 lit·

192 1519 281 1577 teras
320 1513 457 1595 propius
495 1511 623 1576 accedit
656 1518 690 1576 et
723 1512 846 1575 rectius
880 1510 1058 1593 respondet
1091 1511 1136 1588 ei,
1176 1509 1265 1592 quod
1300 1532 1349 1575 se·

194 1621 319 1703 quitur:
342 1655 386 1664 —
407 1620 548 1701 surgis,
572 1626 615 1683 ut
635 1617 739 1701 -.]¹)

279 1726 358 1810 Gap.
386 1731 434 1804 12,
462 1730 494 1789 l:
523 1733 565 1791 ut
593 1725 864 1790 metientibus
888 1724 1096 1789 dimidium
1119 1746 1243 1808 super
1264 1732 1349 1791 tres

193 1834 350 1899 modios
391 1834 581 1916 explesse
625 1869 676 1897 -.
727 1834 834 1897 Pml:
881 1839 1042 1896 utmeut
1079 1833 1349 1898 metientibus

194 1962 316 2024 super
345 1943 482 2025 patris
510 1941 665 2006 modios
686 1977 744 2019 —,
776 1963 815 2005 ex
839 1962 904 2023 quo
928 1940 979 2006 lit:
1014 1947 1057 2004 ut
1079 1940 1348 2006 metientibus

195 2070 319 2132 supra
347 2055 431 2113 tres
460 2050 618 2114 modios
641 2083 691 2112 -.
737 2050 821 2114 Nam
849 2069 898 2132 pa
926 2069 965 2112 ex
988 2068 1061 2130 pra
1083 2055 1192 2112 ortum
1215 2056 1282 2128 est3
1315 2055 1350 2113 et

193 2156 278 2222 solet
311 2157 421 2221 Livius
460 2158 494 2221 in
534 2178 669 2222 excessu
709 2159 836 2222 numeri
874 2156 1022 2220 notando
1057 2177 1184 2239 supra
1216 2178 1348 2240 ponere.

193 2265 413 2329 Dimidium
453 2287 568 2330 manus
608 2265 754 2330 secunda
793 2264 938 2341 addidit,
977 2265 1087 2328 nescio
1127 2285 1192 2347 quo
1227 2286 1347 2345 errore,

193 2373 333 2438 fortasse
363 2373 451 2455 quod
475 2374 517 2437 ad
540 2373 727 2457 explesse
750 2374 956 2437 accusativus
979 2372 1218 2453 requirebatur.
1269 2372 1349 2438 Tres

193 2481 282 2545 solos
305 2481 431 2545 modios
455 2482 603 2547 Valerius
627 2482 806 2558 Maximus,
834 2479 960 2545 Plinius
983 2480 1099 2558 Maior,
1128 2480 1258 2558 Florus,
1287 2481 1350 2546 Dio

193 2594 329 2670 ponunt.
376 2588 498 2668 (1862.)
548 2589 564 2670 ξ
588 2594 607 2651 4
630 2590 717 2652 inter
739 2588 934 2653 frumenti
959 2588 1139 2670 pecuniae
1162 2587 1349 2654 addendum

194 2701 233 2758 et
265 2702 324 2759 aut
357 2695 566 2759 scribendum
600 2696 860 2779 pecuniaeque
889 2694 1013 2774 (1862.)
1070 2694 1224 2777 Sequitur
1251 2696 1268 2779 ξ
1294 2701 1347 2761 10:

193 2803 487 2885 Respondeam,
528 2805 666 2887 inquit
700 2803 859 2884 (Hanno),
893 2802 1134 2882 Himilconi,
1168 2826 1246 2868 nou
1280 2803 1347 2868 de·

193 2911 296 2974 sisse
327 2910 528 2992 penitere
560 2933 615 2976 me
645 2910 745 2975 belli
775 2918 835 2975 cet.
888 2911 1002 2993 Neque
1027 2911 1247 2978 condicionali
1270 2934 1347 2978 con-

194 3055 376 3062 --—--·-—--.—
386 3056 423 3062 .—

221 3107 244 3174 ¹)
263 3107 380 3162 Mirifice
408 3107 454 3161 hic
483 3126 595 3177 quoque
618 3109 660 3161 W.
687 3110 746 3162 veri
774 3127 886 3163 sensum
909 3109 1005 3163 obruit
1026 3109 1197 3165 inanissimis
1220 3112 1347 3180 argutiis,

258 3193 453 3262 imperfectum
485 3195 619 3262 praesenti
654 3195 790 3264 (surgis)
818 3194 918 3249 subiici
951 3194 1077 3263 potuisse
1095 3195 1238 3261 iudicans,
1272 3195 1348 3264 quod

259 3278 334 3332 actio
358 3279 491 3347 surgendi
515 3298 590 3333 nunc
614 3281 745 3334 absoluta
768 3281 805 3333 sit
829 3284 879 3333 aut
903 3279 978 3347 quod
998 3278 1126 3333 Calavius
1149 3280 1205 3334 iam
1230 3297 1346 3350 surgens

259 3363 289 3417 id
311 3365 459 3419 consilium
482 3364 620 3420 habuerit
662 3365 808 3421 Adscribit
826 3365 928 3418 deinde
946 3364 1048 3419 Catulli
1066 3366 1160 3420 locum
1180 3369 1241 3434 101,
1265 3370 1294 3434 3,
1317 3367 1347 3421 in

259 3466 314 3516 quo
351 3448 513 3504 donarem
545 3451 666 3505 rolcrtur
698 3451 734 3504 ad
764 3450 904 3520 praeteriti
930 3451 1078 3505 notionem
1106 3453 1134 3504 in
1162 3458 1284 3507 vectus
1308 3454 1347 3506 in·

259 3534 377 3600 clusam,
409 3543 439 3588 et
465 3535 604 3589 Ciceronis
633 3536 667 3589 de
695 3536 774 3590 Orat·
799 3536 841 3599 II,
868 3538 915 3601 33,
945 3538 1008 3602 142,
1035 3537 1084 3589 ubi
1111 3538 1140 3590 iu
1168 3537 1212 3590 his
1240 3538 1346 3593 verbis:

258 3619 358 3672 video
391 3621 597 3674 nominatim
630 3621 770 3687 referri,
804 3621 887 3689 qnid
918 3621 1187 3689 responderint,
1221 3639 1283 3692 quae
1311 3624 1347 3678 de

258 3705 409 3774 superioris
437 3707 530 3759 aetatis
558 3707 638 3760 libris
664 3711 821 3775 ponuntur,
851 3711 951 3774 aperta
977 3711 1020 3760 est
1046 3707 1185 3776 praeteriti
1211 3709 1348 3779 temporis

259 3789 428 3857 significatio
456 3791 621 3856 (relatum
649 3791 720 3856 est).
771 3790 843 3857 Quid
876 3791 966 3843 simile
998 3792 1028 3845 in
1055 3791 1162 3846 Calavii
1189 3795 1345 3865 interroga-

258 3876 353 3929 tione?
386 3874 424 3927 Ει
447 3883 552 3944 quanta
574 3877 743 3946 perversitas
768 3877 894 3929 nascitur
916 3894 951 3928 ex
972 3877 1141 3947 interposito
1165 3879 1347 3933 adhibitus

259 3960 313 4014 es?
340 3958 438 4027 [Quam
457 3961 591 4016 dissimile
610 3961 655 4026 sit,
679 3960 754 4029 quod
773 3961 877 4030 legitur
894 3960 974 4029 VIII,
992 3965 1017 4029 7,
1039 3966 1080 4017 13:
1104 3970 1141 4017 ut
1158 3991 1192 4000 —
1210 3963 1347 4020 ferrent

257 4051 523 4114 -provocatus
542 4051 705 4115 -porto,
733 4047 787 4100 hoc
811 4051 866 4114 est,
894 4054 1063 4116 provocatus
1082 4051 1205 4119 pugnavi
1224 4056 1254 4104 et
1271 4068 1345 4106 nunc

255 4137 348 4199 porto,
375 4131 444 4185 nihil
473 4149 542 4200 opus
569 4137 612 4185 est
638 4132 795 4202 explicari]
839 4131 916 4201 (Cap.
947 4137 990 4200 11,
1018 4136 1034 4188 3
1061 4135 1242 4190 scribendum
1269 4136 1347 4205 (post

257 4218 475 4284 servataque)
493 4234 506 4268 e
525 4216 813 4271 lucris-donum
831 4218 1017 4286 mittitote,
1036 4235 1093 4274 non
1111 4221 1227 4275 lucris.
1260 4222 1345 4288 1862.)
