3060 5272
772 340 834 402 600

192 606 197 617 1
314 522 536 590 Adhibeamus
552 525 653 609 igitur
670 525 1043 607 codiciVindobouensi,
1066 525 1197 612 qualem
1214 527 1280 592 iam
1298 525 1384 593 sim.

144 637 218 709 (498)
238 629 394 716 Grynaeus
416 633 565 717 plurimis
592 634 673 699 locis
703 633 868 714 adhibuit,
898 634 1161 700 emendationem
1183 634 1385 719 prudentem.

230 744 264 805 et
286 745 426 820 cautam,
449 763 514 806 uon
536 741 695 822 timidam,
718 743 889 808 sententiae
912 750 945 808 et
962 743 1119 809 orationis
1136 742 1283 826 pondera
1300 765 1385 809 exa·

229 843 409 912 minantem
431 854 465 915 et
485 848 612 915 librarii
635 850 904 915 consuetudinem
928 850 1199 929 considerantem,
1222 872 1286 916 uon
1310 853 1380 916 siu·

229 955 324 1038 gulas
346 956 475 1022 litteras
497 958 593 1022 nimis
616 957 792 1023 artificioso
815 965 848 1024 et
870 964 1019 1025 contorte
1042 964 1233 1024 sectantem.
1267 959 1385 1024 Relin--

229 1070 373 1148 quantur
395 1066 442 1130 sic
464 1086 594 1149 quoque
617 1066 728 1147 multa,
751 1088 823 1150 qua
846 1068 1064 1150 suspicionem
1082 1066 1227 1132 habeant
1243 1068 1376 1148 iustam,

229 1174 464 1239 correctionem
486 1181 611 1239 certam
633 1181 691 1239 aut
712 1175 918 1258 probabilem
939 1197 1005 1239 non
1027 1176 1200 1259 recipiant.

316 1279 435 1365 [Quum
463 1303 549 1346 anno
580 1286 661 1347 1863
690 1283 759 1366 ipse
788 1282 991 1349 Vindobona
1014 1283 1159 1349 codicem
1181 1290 1377 1348 tractassem

230 1395 263 1455 et
285 1390 405 1455 collato
438 1395 509 1455 toto
542 1391 627 1456 libro
654 1391 730 1456 XLI
753 1396 787 1457 et
819 1391 896 1456 libri
922 1390 1015 1455 XLII
1048 1391 1213 1476 capitibus
1241 1393 1380 1473 triginta

228 1498 343 1583 primis
370 1499 591 1582 inspectisque
626 1499 699 1563 aliis
728 1520 860 1584 quoque
892 1500 975 1564 locis
1008 1521 1072 1563 non
1106 1501 1220 1584 paucis
1254 1501 1381 1567 certius

228 1606 472 1687 intellexissem,
497 1629 595 1689 quam
617 1606 747 1673 fidelem
775 1608 855 1672 mihi
890 1629 1023 1691 operam
1046 1608 1102 1673 alii
1129 1615 1312 1686 navassent,
1346 1630 1376 1673 a.

232 1717 315 1779 1864
337 1736 409 1779 cum
431 1714 584 1797 Ussingic
606 1717 750 1798 quinque
772 1716 834 1780 hos
857 1716 971 1794 libros,
994 1716 1143 1782 adhibita
1165 1718 1265 1782 etiam
1288 1715 1383 1781 Vah·

229 1822 307 1888 lenii
330 1822 514 1902 collatione,
536 1845 633 1908 quam
655 1825 782 1889 interea
800 1824 953 1888 Hertzius
977 1825 1195 1907 evulgaverat,
1220 1830 1307 1889 totos
1330 1826 1387 1890 ita.

229 1933 389 2011 recensui,
412 1933 506 2013 quasi
528 1952 614 1998 nunc
631 1933 771 2015 primum
794 1954 811 1997 e
835 1932 946 1997 codice
969 1933 1146 2015 prodirent,
1170 1934 1377 1997 constitutae·

229 2060 294 2122 que
317 2046 441 2124 quauta
467 2041 539 2107 fieri
572 2047 704 2126 poterat
737 2042 908 2125 diligentia
930 2041 1011 2105 Livii
1045 2042 1185 2106 orationi
1214 2040 1378 2123 integram

230 2149 352 2214 codicis
375 2150 586 2232 scripturam,
616 2172 636 2215 a
663 2171 729 2232 qua
756 2151 927 2214 minimum
957 2150 1218 2227 discesseramus,
1242 2149 1381 2214 subieci..

229 2257 268 2322 Iu
290 2278 329 2322 ea
351 2279 451 2342 opera
471 2260 584 2324 multis
606 2259 687 2324 locis
715 2265 834 2341 praeter
863 2279 932 2336 eos,
961 2280 1042 2340 quos
1072 2265 1170 2323 antea
1197 2264 1384 2323 tractarem

229 2371 289 2431 aut
311 2388 394 2450 quos
418 2367 545 2431 interea
567 2367 633 2446 alii,
656 2368 796 2431 maxime
814 2366 1002 2444 Vahlenius,
1020 2365 1159 2431 feliciter
1188 2367 1385 2448 attigerant,

229 2473 417 2539 adhibenda
439 2475 628 2540 coniectura
654 2475 717 2539 fuit
745 2476 970 2558 correctioquc
993 2476 1107 2539 autin
1131 2475 1205 2557 ipsa
1227 2475 1378 2539 oratione

230 2582 383 2666 ponenda
394 2587 453 2646 aut
468 2584 502 2647 in
514 2582 738 2647 adnotatione.
773 2582 838 2647 Sed
855 2603 965 2646 earum
986 2583 1248 2647 coniecturarum
1261 2582 1385 2666 plerae-

231 2711 295 2772 que
309 2691 357 2753 ita
369 2696 446 2754 sunt
459 2711 577 2774 parva,
589 2690 753 2754 interdum
765 2691 881 2774 positae
894 2697 1022 2754 tantum
1035 2692 1067 2755 in
1076 2691 1249 2756 verborum
1261 2690 1381 2768 forma,

231 2819 330 2883 quam
353 2797 511 2881 Grynaeus
535 2804 666 2862 secutus
690 2805 774 2877 erat,
798 2799 896 2882 paulo
919 2800 1055 2882 propius
1079 2799 1121 2863 ad
1139 2799 1259 2864 codicis
1282 2800 1385 2863 vesti·

231 2906 286 2990 gia
308 2906 601 2985 accommodanda,
625 2927 795 2989 causaque
818 2909 866 2972 ita
893 2916 1030 2991 apertae,
1054 2914 1094 2983 ut
1112 2909 1252 2972 rationis
1276 2907 1383 2991 expli·

230 3016 391 3081 cationem
413 3037 478 3080 non
502 3015 703 3094 desiderent,
727 3037 768 3080 ne
791 3037 836 3080 eae
859 3016 1006 3098 quidem,
1030 3007 1259 3100 quapropter
1281 3016 1382 3080 vesti·

230 3125 285 3208 gia
316 3125 444 3190 incerta
476 3123 519 3189 ad
553 3131 675 3189 certam
713 3125 852 3189 formam
891 3124 1048 3208 perpoliri
1081 3147 1148 3189 nou
1187 3130 1377 3209 potueruut.

230 3233 317 3312 Quid
334 3240 384 3298 est
401 3224 485 3299 enim
509 3254 592 3317 opus
614 3234 846 3315 argumentari,
870 3254 929 3297 cur
946 3233 1044 3311 XLII,
1070 3237 1119 3312 38,
1144 3237 1162 3295 2
1186 3255 1226 3298 ex
1248 3233 1380 3315 legati

229 3342 454 3407 Acarnania
476 3342 586 3425 potius
608 3340 679 3406 fieri
702 3341 853 3406 debuerit
875 3341 1107 3406 Acarnanes
1136 3362 1235 3424 quam
1257 3341 1386 3405 Acar·

229 3472 373 3516 nanum
402 3449 529 3534 (Gryn.)
553 3455 586 3515 et
609 3448 728 3527 XLIII,
754 3454 802 3528 18,
827 3455 845 3514 9
870 3471 909 3514 ex
931 3455 1146 3532 postquam
1174 3483 1218 3493 -
1239 3449 1379 3513 viden-

229 3564 296 3625 tur
318 3560 428 3643 potius
451 3558 591 3623 vident
613 3558 745 3622 sublata
767 3557 893 3641 syllaba
915 3578 969 3634 ur,
994 3578 1066 3638 qua
1089 3578 1109 3621 a
1132 3557 1269 3622 librario
1292 3577 1380 3640 saepe

229 3688 329 3750 prave
353 3666 488 3731 additur
510 3666 586 3748 (vid.
605 3690 636 3750 p.
656 3670 716 3730 595
739 3664 832 3746 not),
855 3685 952 3746 quam
975 3665 1167 3731 viderunt
1192 3663 1322 3749 (Gryn.)
1346 3670 1382 3730 et

229 3774 327 3854 XLV,
350 3779 379 3853 9,
404 3778 422 3836 3
447 3797 487 3839 ex
514 3774 718 3856 regnabat
751 3774 861 3856 potius
890 3780 1082 3855 regnarat
1110 3795 1208 3855 quam
1237 3795 1386 3855 regna·

235 3883 315 3949 nit?
348 3884 429 3963 Aut,
463 3889 500 3947 ut
527 3882 722 3967 suspicionis
750 3882 782 3945 in
817 3881 1029 3947 adnotatione
1051 3882 1174 3947 relictui
1197 3882 1381 3965 exemplum

230 4013 360 4077 ponam,
383 3992 439 4057 lib.
462 3991 545 4072 XLI,
569 3994 618 4070 21,
641 3994 660 4053 2
684 3991 737 4054 cui
760 3990 860 4055 semel
884 3989 1051 4055 admonito
1079 4013 1145 4056 non
1170 3997 1325 4075 apparet,
1348 3995 1383 4054 et

227 4101 272 4167 M.
316 4101 417 4165 Atilio
441 4107 559 4183 praeter
581 4099 741 4180 legionem
764 4100 870 4164 socios
898 4099 1052 4163 habuisse
1082 4104 1115 4163 et
1136 4101 1299 4163 sociorum
1323 4120 1382 4181 po·

229 4211 296 4274 tius
323 4230 496 4274 numerum
529 4214 654 4274 certum
681 4207 862 4272 indicatum
890 4228 962 4272 esse
992 4228 1012 4271 a
1036 4206 1127 4272 Livio
1158 4228 1256 4289 quam
1278 4206 1385 4288 legio·
