3060 5272
222 325 287 382 Lib.
304 324 389 381 LXV.
760 311 822 372 744

302 496 381 582 Cap.
395 500 444 575 38,
458 501 478 561 4
490 494 538 578 (in
550 494 663 561 eadem
675 494 805 561 Servilii
817 493 995 575 oratione):
1013 495 1186 578 Erratis,
1203 497 1369 580 militae,

216 608 250 674 si
271 604 519 691 triumphum
541 604 808 688 imperatoris
833 608 987 669 tantum
1018 611 1059 670 et
1088 626 1163 670 non
1193 606 1367 673 militum

215 734 373 801 quoque
388 713 621 779 etuniversi
638 711 782 796 populi
799 711 968 777 Romani
986 733 1074 778 esse
1094 713 1214 779 decus
1234 735 1367 782 cense-

129 819 201 891 (620)
219 823 290 903 tis;
307 843 383 887 non
400 822 520 886 unius
539 821 578 886 in
594 819 669 886 hoc
686 819 810 885 Pauli.
840 817 902 896 Qui
926 820 968 885 ad
991 820 1060 886 haec
1076 829 1243 905 postrema
1260 824 1367 890 audiri

214 952 310 1017 posse
332 937 454 1015 putant
475 935 537 995 eet
560 928 695 1008 decus,
719 935 753 1020 et
769 948 789 993 a
807 928 965 993 sermonis
983 929 1053 1012 lege
1070 930 1227 995 aberrant
1245 931 1364 1016 (neque

215 1040 302 1104 enim
324 1039 372 1104 sic
393 1060 433 1103 ex
455 1037 614 1105 infinitivo
632 1036 829 1102 indicativus
848 1037 932 1102 sumi
949 1043 1070 1120 potest,
1093 1039 1277 1122 prasertim
1291 1024 1366 1105 'non

213 1146 420 1232 praecedente
431 1146 470 1212 in
488 1144 698 1230 triumpho,
717 1145 774 1211 sed
787 1144 853 1209 alia
870 1144 1030 1210 orationis
1047 1143 1162 1223 forma,
1179 1167 1239 1211 nec
1256 1148 1365 1214 omitti

215 1253 352 1336 decus)
382 1261 415 1320 et
436 1255 531 1319 nimis
553 1260 704 1338 apertam
726 1251 941 1335 tautologiam
965 1251 1119 1318 efficiunt.
1164 1253 1365 1321 Exciderunt

213 1362 279 1429 duo
301 1362 370 1429 fere
393 1363 501 1442 rerba,
524 1383 625 1448 quum
648 1361 691 1426 ad
713 1360 798 1426 hanc
815 1358 955 1426 formam
973 1362 1131 1445 scriptum
1154 1369 1256 1428 esset:
1279 1362 1364 1429 Non

213 1473 337 1536 unius
367 1472 408 1536 in
441 1470 514 1536 hoc
542 1469 660 1534 Pauli
689 1468 814 1534 honos
848 1469 993 1553 agitur.
1046 1468 1147 1535 Paulo
1176 1477 1253 1555 post
1282 1469 1313 1556 (ἓ
1344 1478 1362 1538 7

115 1586 119 1596 “
213 1585 246 1645 et
268 1579 301 1661 8)
325 1579 495 1645 scribitur:
528 1578 687 1644 Literni
715 1577 961 1642 domicilium
995 1584 1034 1642 et
1069 1578 1202 1643 sedem
1231 1578 1362 1647 fuisse

213 1687 429 1753 domitoris
452 1687 615 1752 Africae!
640 1686 801 1752 Literni
820 1686 1050 1770 sepulcrum
1068 1687 1247 1752 ostendi!
1270 1687 1364 1754 Eru-

211 1795 442 1880 noscamus,
476 1796 610 1878 gloria
644 1796 677 1860 ai
705 1815 775 1878 par
804 1793 893 1859 illis
922 1795 1028 1859 viris
1051 1794 1085 1859 L.
1110 1794 1274 1877 Paulus,
1303 1798 1363 1862 in·

211 1905 322 1969 iuria
343 1909 478 1969 vestra
501 1910 741 1988 exaequetur.
776 1902 930 1968 lllendum
952 1903 1004 1968 vel
1025 1924 1093 1968 una
1113 1925 1176 1969 vox
1198 1904 1232 1969 si
1255 1905 1364 1987 arguit

211 2013 403 2097 pravissime
427 2013 636 2097 interposita3
659 2011 716 2077 sed
739 2032 891 2095 perversa
914 2019 965 2076 est
986 2018 1058 2077 tota
1074 2012 1144 2077 haec
1163 2012 1364 2079 exhortatio·

211 2122 262 2187 nia
286 2143 360 2187 cum
383 2120 573 2186 condicione
596 2120 777 2186 coniunctae
804 2119 912 2186 forma
941 2121 974 2184 in
1004 2141 1043 2186 ea
1072 2143 1107 2186 re
1138 2119 1364 2203 significanda,

210 2249 308 2315 quam
346 2227 418 2294 fieri
456 2229 564 2313 pudor
603 2235 707 2295 vetet:
748 2227 1055 2307 erubescamus,
1096 2231 1128 2295 si
1170 2228 1249 2294 fiat
1288 2229 1364 2313 (pro

211 2359 264 2418 eo,
299 2336 387 2421 quod
419 2343 487 2402 est:
521 2336 673 2421 pudeat
704 2336 862 2418 facere).
913 2336 951 2402 In
981 2337 1094 2404 codice
1123 2345 1173 2403 est
1206 2339 1268 2403 sio
1301 2359 1363 2422 pro

211 2447 253 2512 si.
298 2445 471 2526 lllutanda,
492 2466 558 2510 non
581 2445 736 2525 tollenda,
760 2446 872 2510 littera
894 2453 980 2524 erat,
1005 2451 1038 2510 et
1061 2446 1158 2511 simul
1180 2446 1246 2512 alia
1269 2446 1362 2511 adhi-

210 2554 320 2620 benda
337 2555 507 2633 correctio,
526 2561 562 2619 ut
578 2562 669 2619 recta
685 2553 779 2619 fieret
796 2554 916 2618 oratio:
935 2553 1096 2618 Literni
1114 2553 1363 2620 domicilium

211 2671 250 2728 et
273 2661 406 2727 sedem
427 2660 556 2727 fuisse
590 2662 806 2727 domitoris
836 2660 999 2738 Africae,
1034 2660 1194 2726 Literni
1225 2662 1361 2746 sepul·

211 2791 320 2836 crum
344 2771 512 2848 ostendi,
537 2769 843 2835 erubescamus.
878 2768 1019 2834 Gloria
1042 2770 1094 2832 sll
1116 2769 1287 2854 parillis
1310 2770 1361 2835 vi·

209 2879 268 2944 ris
287 2879 322 2944 L.
341 2877 507 2958 Paulus,
525 2879 680 2945 iniuria
695 2885 832 2944 vestra
848 2897 891 2941 ιο
909 2884 1149 2962 exequetur.
1173 2877 1253 2960 [Sed
1269 2878 1361 2944 aliud

208 2995 369 3075 praeterea
390 2987 423 3052 in
446 2988 497 3065 iis,
520 3008 592 3071 quae
616 2988 761 3071 proxime
784 2986 987 3071 praecedunt,
1009 2985 1190 3052 tollendum
1206 2986 1360 3053 mendum

209 3104 270 3163 est.
304 3095 442 3162 Prorsus
465 3097 551 3161 enim
573 3118 638 3161 non
661 3096 872 3179 intellegitur,
896 3095 975 3178 quid
997 3096 1030 3159 in
1048 3095 1192 3161 Africani
1209 3095 1360 3180 exemplo

208 3226 282 3271 oum
311 3204 441 3270 Camilli
474 3203 699 3289 coniungendo
734 3209 810 3287 agat
842 3204 1025 3286 insuper3
1059 3223 1164 3285 neque
1199 3205 1285 3270 enim
1319 3224 1359 3270 ea

208 3314 354 3379 accessio
389 3313 501 3396 aliqua
534 3312 679 3378 eiusdem
708 3312 848 3378 actionis
878 3310 958 3390 fnit3
992 3312 1187 3376 maiorum
1220 3319 1358 3396 peccato

206 3429 295 3487 recte
318 3422 520 3487 contrarium
543 3421 685 3505 ponitur,
710 3419 798 3504 quod
821 3418 863 3485 ab
885 3421 942 3496 iis,
967 3420 1022 3501 qni
1044 3440 1130 3485 nnnc
1154 3426 1245 3499 sunt,
1270 3441 1358 3486 com-

205 3532 342 3596 missum
364 3538 423 3595 est.
471 3526 684 3595 Scribendum
707 3529 809 3611 igitur
831 3534 898 3593 est:
922 3528 1025 3592 satis
1048 3549 1177 3611 nuper
1198 3549 1219 3592 a
1241 3528 1358 3593 vobis

205 3639 246 3703 in
268 3636 302 3702 P.
327 3637 529 3702 Africano.
566 3635 672 3720 1864]
718 3638 834 3703 Restat
857 3635 873 3719 ἓ
899 3639 953 3714 12,
978 3636 1032 3717 qui
1054 3634 1148 3701 loeus
1172 3636 1220 3701 sic
1242 3635 1365 3701 scribi-

273 3863 369 3912 tamen
395 3857 493 3911 dubito
512 3856 546 3910 de
565 3857 713 3926 scriptura,
742 3855 817 3924 quod
836 3856 865 3909 in
891 3873 976 3926 prosa
994 3856 1123 3911 oratione
1140 3873 1283 3925 nunquam
1301 3855 1356 3911 hoc

273 3944 397 4012 positum
415 3941 497 3997 video
517 3941 591 4009 (nam
609 3942 694 4008 XXV,
713 3944 755 4009 22,
777 3944 809 3996 13
828 3943 1061 3996 contumeliae
1090 3943 1208 3998 dicere
1226 3942 1286 3996 eine
1304 3940 1353 3995 de·

272 4029 331 4081 tivo
359 4028 481 4098 ponitur,
509 4027 608 4095 XXVI,
632 4030 708 4094 31‚5
731 4027 964 4082 contumeliae
992 4028 1025 4081 in
1052 4028 1198 4096 aliquem
1225 4026 1353 4093 dicere)

273 4121 302 4168 et
328 4114 402 4182 quod
431 4113 528 4167 durius
555 4114 638 4167 etiarn
666 4118 708 4166 est
740 4113 869 4167 crimen
897 4112 1005 4167 alicui
1032 4111 1156 4167 dicere.
1198 4112 1298 4182 Itaque
1324 4113 1354 4166 in

272 4206 396 4254 mentem
414 4199 493 4253 venit
511 4199 677 4266 obiicere3
697 4200 747 4253 sed
765 4198 834 4253 nihil
853 4195 980 4252 adfirmo.
1021 4197 1107 4266 1864]
