3060 5272
217 533 285 599 mul
309 533 358 619 §4
381 541 591 607 scribendum
610 560 683 605 esse
706 538 967 622 proconsulis
984 562 1044 625 pro
1063 541 1258 622 consulis,
1278 541 1369 625 quod

218 638 268 705 W.
293 664 357 710 non
379 645 466 715 fecit.
502 649 545 714 Et
567 669 640 741 quaa
662 645 709 711 ibi
732 646 931 714 adiiciuntur
953 648 1098 732 (nequo
1121 650 1244 731 aliud,
1267 650 1372 734 quod

217 763 374 842 ageret,
402 756 441 823 in
469 756 692 842 provincia
724 775 843 840 quum
871 755 1101 839 habuisset,
1124 758 1286 824 Romam
1306 779 1371 824 re·

218 866 326 949 diit),
350 866 392 930 ad
420 863 590 931 consulem
623 863 657 927 in
691 864 892 947 provinciam
915 864 1101 949 profectum
1134 868 1263 950 aptiora
1295 873 1373 933 sunt

219 995 317 1060 quam
340 973 383 1038 ad
406 973 572 1038 AEmilium
595 972 691 1035 unius
713 973 762 1036 rei
785 993 887 1037 causa
909 974 1053 1039 missum.
1098 974 1213 1057 Itaque
1236 984 1293 1041 aut
1314 975 1370 1040 Li·

217 1084 300 1162 vius,
325 1081 414 1166 qnod
436 1101 571 1165 prorsus
594 1078 750 1144 credibile
774 1087 826 1144 est
850 1086 884 1146 ct
906 1080 993 1161 aliis,
1016 1103 1088 1164 quae
1117 1083 1148 1148 ei
1171 1084 1371 1161 acciderunt,

218 1190 336 1271 simile,
371 1211 441 1254 rem
475 1188 617 1254 fortasse
650 1208 715 1251 non
739 1209 777 1253 ex
811 1190 852 1253 iis
881 1189 1070 1270 annalibus,
1093 1193 1231 1275 quasin
1255 1193 1372 1258 ceteris

219 1299 316 1365 huius
339 1299 444 1382 partis
467 1297 566 1362 rebus
590 1295 791 1379 sequebatur
806 1283 979 1380 'sumptam
1002 1298 1060 1363 sed
1079 1316 1119 1364 ex
1141 1300 1257 1383 patriae
1279 1299 1370 1366 urbis

216 1408 378 1474 memoria
399 1405 584 1489 repetitam,
609 1425 721 1470 errore
744 1404 797 1469 hic
819 1405 972 1478 inseruit.
1004 1428 1041 1471 eo
1070 1406 1201 1473 facilius
1231 1408 1371 1474 duorum

219 1536 379 1582 annorum
402 1512 590 1579 consulibus
614 1513 774 1591 confusis,
804 1514 907 1594 quod,
936 1515 991 1597 qui
1019 1514 1081 1580 hoc
1110 1536 1195 1581 anno
1225 1514 1368 1598 fuerunt,

216 1623 298 1690 nihil
321 1622 474 1687 videntur
496 1622 634 1703 gessisse
669 1621 880 1686 memorabile
913 1629 946 1686 et
974 1622 1063 1704 quod
1096 1632 1236 1706 uterque
1264 1645 1369 1691 annus

216 1732 363 1798 Mucium
397 1728 566 1794 consulem
599 1728 731 1805 habuit,
770 1735 828 1793 aut
867 1738 943 1812 post
980 1729 1139 1798 AEmilio
1174 1732 1366 1798 exciderunt

218 1840 385 1925 quaedam,
409 1859 509 1922 quum
536 1837 722 1901 huiusmodi
744 1837 813 1901 fere
835 1837 953 1901 fuisset
978 1840 1137 1904 orationis
1158 1841 1278 1906 forma:
1313 1841 1370 1905 Ex

216 1950 274 2015 iis
301 1948 343 2013 M.
368 1945 527 2012 AEmilio
561 1946 598 2024 Q.
633 1945 791 2010 Mucius
827 1948 1046 2027 successit,
1079 1948 1114 2012 P.
1143 1948 1277 2015 Mucio
1307 1949 1368 2033 Sp.

216 2056 461 2122 Postumius.
508 2053 545 2131 Q.
579 2054 711 2119 Mucio
746 2060 916 2119 senatus
950 2061 1011 2119 oet.
1058 2055 1122 2122 Sed
1150 2057 1254 2122 multo
1285 2057 1370 2123 illud

217 2164 426 2250 probabilius
450 2169 511 2228 est.

134 2487 208 2559 (ece)
673 2462 764 2544 Lib.
797 2462 923 2544 XLII.

307 2595 385 2679 Cap.
408 2599 438 2676 2,
462 2600 481 2659 6
505 2601 538 2661 et
562 2599 596 2659 7:
620 2594 853 2679 editumque
883 2595 931 2660 ab
966 2595 1216 2663 decemviris
1246 2603 1306 2663 est
1333 2604 1373 2663 et

222 2704 308 2788 (cod.
333 2703 380 2768 ab
417 2702 659 2769 decemviris
694 2710 734 2767 et
768 2703 827 2784 ex)
857 2703 1005 2785 quibus
1037 2704 1115 2770 diis
1139 2705 1371 2790 quibusque

222 2814 375 2879 hostiis
398 2811 737 2887 sacrificaretur,
760 2818 799 2876 et
821 2818 864 2875 ut
887 2811 1139 2895 supplicatio
1164 2814 1250 2895 (cod.
1276 2836 1370 2898 snp-

223 2919 499 3006 plicatioquc)
539 2919 744 3002 prodigiis
784 2920 997 3002 expiandis
1035 2920 1178 2987 fieret:
1220 2922 1371 3001 altera,

223 3052 307 3115 quae
342 3030 478 3114 priore
512 3050 614 3094 anno
648 3026 905 3093 valetudinis
940 3030 1079 3112 populi
1119 3052 1242 3097 causa
1275 3037 1374 3097 rota

223 3145 348 3218 esset,
383 3158 428 3203 ea
461 3137 519 3201 uti
552 3136 744 3218 feriaeque
779 3143 928 3200 essent.
974 3136 1190 3204 Scribendum
1224 3146 1297 3204 aut:
1331 3145 1373 3204 et

222 3247 366 3325 altera,
402 3265 485 3328 quae
509 3252 569 3309 aut
591 3242 819 3325 alteraque,
854 3264 951 3325 quae,
986 3245 1131 3329 alioquin
1156 3255 1372 3331 exspectatur

222 3357 299 3422 novi
331 3355 457 3438 aliquid
492 3353 532 3417 de
565 3351 628 3416 hac
667 3351 773 3416 altera
812 3351 1065 3435 supplicatione.
1112 3355 1369 3421 Scribendumne

224 3467 286 3531 sit:
307 3473 346 3530 et
370 3472 414 3529 ut
436 3460 693 3546 supplicatio
717 3480 874 3541 quoque
898 3459 1047 3544 (propter
1071 3485 1145 3546 que
1168 3466 1202 3529 in
1225 3464 1296 3529 cod.
1315 3463 1373 3529 ad·

224 3573 353 3655 ditum),
375 3593 441 3638 non
460 3568 588 3637 definio.
622 3567 747 3633 Deinde
773 3574 885 3632 autem
907 3569 1039 3635 videtur
1055 3572 1165 3637 Livius
1187 3572 1373 3656 scripsisse:

224 3682 372 3767 Itaque
395 3678 681 3746 sacrificatum
704 3675 791 3756 (cod.
815 3676 875 3740 ita
898 3679 1282 3765 sacrificatumque)
1301 3687 1373 3761 est,

223 3801 266 3858 ut
289 3787 507 3856 decemviri
542 3786 740 3868 scriptum
774 3783 1006 3867 ediderant,
1040 3811 1108 3855 non
1142 3790 1373 3855 ediderunt.

222 3901 315 3967 Idem
348 3898 502 3964 mendum
537 3891 773 3974 corrigendum
807 3894 871 3957 erit
906 3914 934 3959 e.
971 3901 1021 3975 57,
1046 3902 1065 3961 2
1094 3905 1128 3963 et
1150 3904 1201 3979 59,
1237 3904 1264 3977 1,
1299 3897 1372 3962 libr.

223 4010 335 4089 XLIV,
358 4012 409 4085 23,
433 4012 461 4086 7,
485 4003 582 4082 XLV,
607 4006 648 4066 25
672 4005 753 4064 extr.
804 4000 892 4067 Alibi
926 4006 991 4070 iam
1026 4005 1068 4071 ab
1098 4006 1171 4071 aliis
1206 4006 1375 4071 sublatum

225 4124 284 4184 est.
330 4117 454 4199 (Etiam
476 4136 503 4180 c.
528 4118 557 4192 6,
583 4115 621 4174 12
657 4109 868 4176 scribendum
903 4112 992 4195 [cum
1014 4113 1120 4198 Creu]
1154 4115 1373 4179 renuntia·

224 4233 380 4307 verant3
413 4224 514 4307 legati
548 4243 614 4286 non
648 4226 733 4298 tum,
768 4241 868 4303 quum
890 4221 1083 4307 Apollonius
1113 4225 1251 4288 Romam
1273 4224 1373 4303 uenit,
