3060 5272
721 869 780 931 133
1212 883 1274 938 Lib.
1292 883 1326 938 V.

171 1060 263 1121 recte
301 1054 373 1119 haec
413 1060 671 1138 componuntur:
716 1053 792 1119 hoc
835 1053 1070 1120 iniunxisse
1114 1056 1328 1136 servitutis,

172 1162 279 1249 quod
306 1161 466 1228 tribuni
493 1180 644 1242 regn·
668 1168 917 1227 exercerent.
968 1161 1099 1229 Scilicet
1120 1162 1175 1228 hic
1197 1184 1329 1249 quoque

171 1269 434 1355 interpungendo
466 1276 648 1353 peccatum.
705 1269 823 1336 Oratio
856 1271 890 1334 in
923 1270 1114 1338 facerent
1147 1272 1328 1337 subsistere

175 1377 282 1458 debet,
305 1376 424 1443 deinde
447 1376 487 1442 de
509 1376 638 1460 integro
663 1377 710 1443 sic
731 1398 886 1462 pergere:
911 1376 1024 1456 Quod
1046 1379 1203 1444 tribuni
1226 1379 1329 1444 mili·
1442 1372 1447 1382 ’

172 1493 254 1553 tum
288 1486 329 1551 in
362 1484 482 1568 plebe
512 1485 689 1550 Romana
721 1506 887 1569 regnum
916 1487 1178 1552 exercerent?
1212 1484 1329 1564 Quid-

173 1615 261 1660 nam
288 1593 354 1658 illi
383 1593 573 1659 consules
602 1593 881 1659 dictatoresve
903 1594 1055 1661 facturi
1079 1601 1231 1675 essent,
1260 1595 1330 1678 qui

172 1700 504 1788 proconsularem
538 1701 752 1784 imaginem
780 1709 860 1766 tarn
888 1722 1030 1767 saeram
1057 1738 1101 1748 -
1128 1702 1416 1790 fecerint?(112)

174 1809 212 1875 In
241 1816 382 1892 utraque
411 1809 670 1892 interrogatione
698 1808 831 1891 oblique
854 1808 1021 1875 efferenda
1043 1811 1155 1876 Livius
1179 1812 1332 1878 coniunc-

174 1919 242 1984 tivo
265 1939 325 2002 pro
349 1915 511 1982 infinitivo
533 1939 614 1983 usus
638 1923 697 1982 est.
743 1916 877 2002 (Opusc.
901 1918 957 1983 Ac.
981 1919 1013 1982 ΙΙ
1035 1942 1066 2003 p.
1090 1919 1177 2002 216.)

260 2022 339 2110 Cap.
371 2027 405 2104 3,
440 2028 476 2104 8,
511 2025 667 2107 quoniam
695 2026 728 2089 in
758 2025 869 2090 codice
898 2025 1077 2112 archetypo
1106 2027 1152 2092 sic
1181 2026 1259 2093 fuit:
1293 2035 1333 2093 et

173 2131 503 2218 quemadmodum
527 2154 612 2197 cum
635 2134 763 2198 servis
787 2134 871 2198 suis
895 2141 1035 2199 vetant
1058 2135 1207 2200 domini
1226 2136 1331 2220 quic·

173 2262 292 2327 quam
324 2241 384 2305 rei
419 2261 504 2305 cum
532 2239 685 2305 alienis
712 2239 946 2306 hominibus
975 2263 1063 2307 esse
1091 2242 1332 2326 pariterque

172 2350 211 2415 in
227 2350 278 2415 iis
296 2347 427 2431 (servis)
444 2347 652 2413 beneficio
669 2369 714 2412 ac
730 2347 938 2414 maleficio
957 2349 1159 2415 abstineri
1179 2370 1331 2434 aequum

173 2462 347 2536 censent,
372 2457 563 2541 praepositio
588 2455 701 2538 (cum)
724 2456 830 2522 altero
854 2456 937 2536 loco,
967 2479 1033 2522 non
1057 2460 1167 2541 priore
1185 2458 1332 2523 tollenda

173 2572 239 2647 est3
262 2566 367 2649 magis
390 2565 477 2629 enim
499 2564 547 2629 sic
570 2562 782 2647 significatur,
805 2565 889 2630 alios
912 2567 1016 2629 arceri
1039 2565 1132 2630 aditu
1155 2565 1197 2631 ad
1221 2587 1332 2632 servos
1408 2618 1411 2624 .

174 2673 259 2757 (sich
290 2675 351 2738 mit
377 2672 472 2739 ihren
495 2671 631 2738 Sclaven
660 2671 838 2754 besassen).
893 2672 997 2738 Paulo
1025 2680 1103 2758 post
1125 2674 1255 2738 initium
1278 2695 1332 2739 ca-

178 2782 257 2867 pitis
280 2779 311 2865 (5
333 2781 368 2862 4)
391 2786 473 2864 puto
497 2780 625 2845 Livium
648 2781 821 2865 scripsisse
849 2781 1016 2846 iniuriis
1038 2783 1192 2846 nostris
1215 2781 1332 2865 (patri-

174 2889 332 2972 ciorum),
365 2889 444 2974 quia
474 2895 546 2954 tum
576 2887 707 2952 demum
736 2895 813 2972 apte
836 2888 879 2953 sd
903 2886 1032 2954 Claudii
1054 2910 1247 2973 personam,
1281 2890 1332 2952 vix

175 2997 385 3063 concedentis
408 2995 493 3063 ullas
516 3017 605 3075 esse,
633 2996 782 3061 additur:
817 2998 851 3062 si
874 3017 956 3080 quse
978 2996 1084 3062 forte
1107 2997 1331 3080 aliquando

174 3105 424 3171 inciderunt.
474 3104 600 3170 Ullsene
629 3123 775 3187 unquam
798 3127 818 3170 a
840 3127 1006 3188 quoquam
1036 3105 1175 3190 plebeiis
1204 3105 1332 3170 iniuriae

173 3212 271 3280 iacta
295 3219 416 3294 essent,
438 3235 504 3279 non
527 3212 713 3278 dubitabat.

264 3320 343 3407 Gap.
366 3326 402 3402 4,
427 3325 462 3384 7:
496 3321 568 3400 An,
599 3321 632 3386 si
662 3320 710 3385 ad
740 3320 925 3386 calculos
958 3343 1043 3387 eum
1072 3322 1333 3405 respublica

174 3437 311 3510 vocet,
339 3451 417 3496 non
438 3429 585 3493 merito
609 3428 721 3493 dicat
744 3435 805 3493 cet.
830 3426 910 3495 (lod.
934 3429 1053 3495 Veron.
1068 3429 1125 3495 'ad
1148 3430 1332 3495 calculos

175 3539 299 3604 etiam
329 3559 393 3603 res
421 3560 452 3622 p.
476 3543 602 3603 vocet.
648 3535 849 3616 Videndum,
878 3559 919 3602 ne
943 3538 1042 3603 scribi
1066 3539 1187 3604 debeat
1209 3539 1332 3604 etiam

176 3668 256 3712 rem
280 3668 311 3730 p.
330 3653 456 3711 vocet.
503 3645 587 3710 Nam
609 3644 707 3709 militi
731 3645 869 3727 querulo
892 3647 997 3728 magis
1022 3647 1174 3711 convenit
1198 3646 1240 3710 ad
1264 3645 1332 3710 cal·

179 3755 270 3820 culos
292 3775 421 3821 vocare.
467 3752 590 3835 (1873.)

263 3860 343 3947 Cap.
368 3867 397 3942 5,
419 3867 449 3926 4.
501 3860 586 3926 Olim
610 3860 786 3926 edebatur:
816 3860 970 3925 milites
992 3896 1044 3939 -,
1067 3861 1213 3942 quibus
1236 3861 1332 3926 boni

175 3971 336 4037 tribuni
358 3969 493 4056 plebis
517 3989 633 4052 quum
656 3968 906 4054 stipendium
930 3976 1177 4052 extorquere
1199 3969 1332 4034 solue·

174 4079 275 4159 rint,
313 4099 417 4144 nunc
455 4077 689 4143 consultum
728 4083 897 4161 repente
936 4077 1097 4158 volunt3
1135 4098 1222 4141 nunc
1254 4082 1333 4161 post

173 4186 418 4253 Alschefskium
440 4207 458 4252 e
481 4185 650 4251 codicibus
674 4185 771 4250 scribi
790 4185 901 4252 video:
926 4186 1333 4269 quum—voluerunt,

176 4294 326 4376 soloece;
366 4315 474 4378 neque
507 4294 592 4359 enim
626 4316 772 4380 unquam
805 4295 839 4359 in
872 4293 1060 4360 huiusmodi
1095 4295 1265 4359 varietatis
1299 4299 1333 4358 et

175 4404 416 4469 contrariorum
445 4402 684 4486 significatione
713 4425 829 4486 quum
853 4402 1018 4488 particula
1039 4401 1252 4467 indicativum
1273 4401 1333 4467 ha·

174 4507 248 4593 bet3
281 4509 425 4577 debebat
458 4518 617 4594 praeterea
648 4510 726 4575 addi
753 4511 911 4595 temporis
941 4510 1138 4593 significatio
1167 4511 1334 4576 contraria

175 4619 215 4697 ei,
237 4640 310 4702 quse
333 4626 384 4685 est
406 4621 439 4685 in
461 4640 568 4684 nunc
592 4619 722 4701 (quum
746 4626 866 4684 antea
888 4654 931 4663 —
952 4618 1079 4700 nunc).
1117 4618 1331 4684 Scribendum

175 4732 242 4793 est:
266 4726 414 4812 quibus
437 4727 533 4792 boni
556 4724 716 4791 tribuni
738 4726 875 4811 plebis
898 4731 971 4788 tn
996 4724 1058 4805 (eo,
1082 4726 1121 4791 de
1145 4746 1209 4812 quo
1233 4734 1333 4793 antea
