3060 5272
724 788 747 852 r

160 973 289 1055 14‚13).
321 970 395 1038 Uno
412 976 525 1039 antem
540 970 623 1051 loco,
646 971 732 1052 VIIL
753 977 840 1054 11‚6
863 975 962 1040 etiam
985 973 1082 1059 plura
1102 973 1203 1042 verbe
1225 975 1311 1040 exci-

157 1080 249 1147 disse
271 1079 482 1146 manifestum
504 1084 571 1159 est;
601 1101 679 1145 nam
699 1081 826 1148 frustra
847 1082 890 1148 ad
911 1081 1138 1151 occultandam
1159 1081 1312 1148 lacunam

31 1249 35 1259 .
158 1188 378 1255 anacoluthon
399 1186 536 1271 fingitur
558 1187 727 1268 eiusmodi,
749 1197 788 1255 ut
805 1190 924 1271 Livius,
947 1191 1056 1275 posito
1077 1191 1141 1257 hoc
1162 1189 1310 1258 exordio:

157 1298 216 1364 ibi
244 1298 282 1363 in
310 1295 503 1377 conciliis
529 1295 735 1362 Numisius
767 1298 993 1382 imperator
1025 1321 1158 1366 eorum
1185 1296 1312 1365 adlit·

159 1404 297 1472 mando
331 1410 409 1484 cet,
448 1424 585 1487 prorsus
625 1404 842 1472 obliviscatur
876 1407 1002 1489 dicere,
1034 1407 1114 1491 quid
1144 1407 1312 1474 Numisius

156 1513 286 1594 lecerit3
314 1535 388 1599 quse
416 1513 504 1577 enim
526 1512 759 1580 subiiciuntur:
781 1512 1003 1583 fallacibus
1025 1515 1180 1583 litteris
1203 1516 1313 1583 circa

157 1623 313 1688 Latium
341 1621 493 1700 missis,
521 1619 647 1687 nullam
673 1620 798 1688 habent
823 1622 993 1690 redeuntis
1025 1625 1061 1690 in
1092 1623 1206 1691 orbem
1238 1635 1313 1690 ora·

155 1730 256 1798 tionis
273 1728 522 1796 similitudinem
538 1749 607 1809 nac,
626 1729 789 1813 quomodo
807 1732 934 1798 animos
951 1731 1154 1798 audientium
1172 1731 1313 1798 Numisii

157 1838 258 1905 verba
279 1836 457 1918 affecerint,
480 1836 760 1920 significationem.
795 1839 859 1905 Sed
876 1839 972 1924 longe
995 1841 1102 1906 maius
1125 1840 1313 1922 certiusque

157 1948 244 2026 eins,
268 1946 309 2013 de
332 1966 397 2029 qna
417 1946 550 2029 loquor,
573 1946 812 2013 communionis
839 1948 996 2014 indicium
1018 1956 1083 2027 est,
1106 1947 1195 2031 qnod
1217 1967 1314 2031 argu·

158 2056 280 2121 mentis
308 2050 489 2120 manifestis
518 2054 692 2120 ostendam
714 2063 774 2122 aut
801 2076 818 2121 e
846 2056 957 2123 codice
984 2062 1173 2124 nostrorum
1200 2053 1313 2122 arche·
1433 2101 1436 2106 -

158 2170 237 2248 typo
266 2161 378 2228 evulsa
405 2159 506 2228 fnisse
535 2169 603 2228 sut
620 2164 687 2229 ism
712 2169 796 2244 tum,
820 2185 897 2230 cum
918 2165 947 2229 is
968 2164 1183 2246 scriberetur,
1205 2165 1240 2231 in
1263 2185 1312 2242 eo,

154 2293 197 2338 ex
219 2293 284 2355 quo
307 2269 492 2355 descriptus
514 2279 581 2352 est,
612 2269 754 2339 demisse
782 2273 848 2339 duo
875 2272 970 2353 solia,
999 2272 1139 2339 alterum
1166 2274 1201 2341 in
1227 2272 1313 2341 libro

158 2379 244 2460 mi
267 2383 318 2460 23,
344 2383 394 2458 10,
417 2378 560 2445 alterum
581 2380 615 2444 in
638 2379 723 2446 libro
745 2380 799 2463 IX,
823 2384 874 2460 39,
896 2387 927 2446 4.
970 2381 1088 2466 Itaque
1109 2382 1154 2464 si,
1175 2388 1214 2447 ut
1236 2380 1313 2460 dixi,

154 2488 238 2555 nibil
260 2486 352 2555 aliud
373 2492 543 2572 ageretur,
565 2488 627 2554 nisi
649 2495 687 2554 ut
707 2487 777 2555 haec
800 2511 840 2555 er
861 2510 927 2556 uno
949 2490 1041 2555 fonte
1064 2489 1156 2574 origo
1180 2489 1313 2557 demon-

154 2603 332 2677 straretur,
353 2595 424 2662 hae
446 2595 644 2662 sufficerent.
687 2596 752 2664 Sed
774 2599 930 2682 quoniam
950 2596 984 2662 id
1006 2598 1116 2683 potius
1141 2597 1309 2681 quaritur,
1327 2621 1366 2689 (τ)

154 2705 256 2792 quod,
279 2705 337 2788 qni
359 2701 421 2770 boc
443 2705 639 2786 concedunt,
661 2727 727 2771 non
749 2706 886 2791 perinde
908 2705 1111 2789 intellegunt,
1132 2705 1240 2790 qualis
1257 2705 1313 2771 ille

156 2814 260 2881 fuerit
280 2813 367 2894 fons,
391 2833 491 2896 quam
514 2833 535 2879 a
556 2814 664 2898 prime
685 2814 876 2898 integritate
898 2812 1058 2895 detortus,
1080 2821 1115 2879 et
1136 2812 1217 2899 quid
1238 2813 1315 2879 inde

156 2922 202 2990 ad
219 2943 350 2989 omnem
366 2942 450 2987 verm
466 2923 637 3006 soriptnrae
654 2923 906 3006 exquisitionem
923 2927 957 2987 et
975 2921 1133 2989 indicium
1147 2928 1314 3006 sequatur,

159 3029 260 3116 paulo
282 3030 380 3115 plura
402 3029 541 3096 dicenda
563 3037 650 3096 sunt.
688 3030 733 3097 Et
754 3032 896 3115 primum
918 3030 961 3096 ad
983 3030 1127 3117 speciem
1148 3029 1315 3113 quandam

158 3141 320 3206 universae
347 3139 395 3204 rei
423 3140 540 3204 animis
568 3138 812 3206 informandam
838 3140 1171 3224 superstitionemque
1192 3158 1315 3223 expug-

158 3247 303 3313 nandam
334 3267 374 3312 ex
404 3247 561 3313 continua
589 3247 703 3331 aliqua
729 3254 825 3332 parte
854 3248 924 3314 sine
951 3247 1019 3314 ullo
1047 3247 1179 3314 delectu
1201 3247 1315 3315 oblata

159 3354 353 3422 mendorum
374 3355 457 3420 varii
479 3357 622 3438 generis,
650 3377 724 3441 qum
744 3357 932 3440 ignorantis
955 3363 988 3423 ot
1008 3356 1177 3423 oculorum
1199 3357 1314 3423 animi·

161 3485 225 3549 qne
255 3485 347 3530 error
374 3464 407 3529 in
434 3463 542 3529 verbis
569 3464 808 3548 verborumque
831 3462 946 3532 formis
967 3465 1096 3550 genuit,
1130 3486 1259 3531 summa
1279 3466 1314 3530 in

160 3572 272 3658 pravis
302 3573 489 3638 constantia
503 3593 574 3657 per
602 3594 716 3639 omnes
739 3573 869 3641 codices
890 3579 1142 3659 pervagatorum
1165 3571 1315 3658 exempla

162 3700 356 3765 proponam3
390 3681 424 3746 in
458 3702 523 3764 quo
556 3679 619 3747 boc
652 3702 752 3747 unum
783 3682 890 3748 minus
918 3682 1089 3748 exercitati
1116 3679 1314 3749 admonendi

163 3795 250 3868 sunt,
282 3786 365 3854 nibil
398 3788 505 3854 valore
538 3788 583 3854 ad
614 3788 712 3854 huius
745 3790 780 3854 in
813 3788 940 3855 mendis
972 3809 1151 3855 consensus
1183 3787 1314 3873 pondus

162 3896 382 3976 minuendum,
404 3895 494 3980 quod
515 3897 643 3963 minuta
664 3895 815 3978 quaedam
837 3900 872 3962 et
893 3894 1005 3962 facilia
1025 3896 1061 3962 in
1077 3917 1142 3961 nno
1158 3901 1193 3962 et
1209 3894 1314 3963 altero

160 4003 274 4071 codice
295 4005 436 4085 recenti,
468 4005 525 4087 qni
547 4003 630 4071 nihil
652 4004 800 4088 alioquin
821 4004 947 4090 proprii
968 4002 1047 4071 boni
1068 4002 1206 4083 babeat,
1239 4023 1314 4070 con·

159 4113 288 4178 iectura
322 4112 497 4179 emendata
531 4114 612 4194 sint,
644 4113 713 4179 alia
745 4112 976 4198 interpolando
1002 4112 1132 4198 longius
1160 4133 1181 4177 a
1208 4112 1315 4197 prima

162 4220 271 4287 mendi
294 4219 401 4287 forma
423 4220 563 4287 detorta.
619 4221 657 4287 ln
681 4221 793 4287 decem
815 4222 917 4307 igitur
938 4221 1016 4287 libri
1037 4221 1128 4287 tertii
1150 4220 1314 4305 capitibus

160 4350 183 4394 a
209 4330 478 4414 quinquagesimo
507 4329 550 4395 ad
577 4329 906 4414 undesexagesimnm
933 4328 1004 4396 baeo
1026 4335 1118 4408 sunt,
1145 4334 1183 4395 ut
1203 4330 1314 4396 omnia

161 4439 370 4517 omittantur,
409 4437 442 4502 in
476 4438 596 4522 quibus
628 4437 696 4504 ulla
727 4439 864 4504 minima
896 4437 1060 4503 dubitatio
1093 4457 1166 4504 esse
1198 4439 1313 4522 possit

162 4545 324 4612 eiusmodi
347 4545 465 4612 menda
488 4546 530 4612 ad
554 4567 668 4614 omnes
685 4546 816 4613 codices
834 4551 1034 4631 propagata3
1057 4543 1195 4633 (rectam
1211 4547 1313 4630 scrip-

162 4659 286 4733 turam,
320 4652 378 4719 ubi
411 4660 503 4722 certa
534 4661 568 4722 et
594 4655 740 4721 omnium
769 4673 931 4721 consensu
961 4652 1101 4738 probata
1127 4662 1194 4734 est,
1227 4655 1315 4720 inter
