3060 5272
217 351 280 406 Lib.
298 348 384 405 XXX.
762 337 825 397 434

218 523 397 605 zeugmatis
427 519 604 585 adhibendi
635 528 789 585 conatum
813 520 982 602 excludit).
1034 521 1070 584 ln
1095 529 1205 587 tantas
1227 521 1377 605 ineptias

217 632 383 697 hominem
413 627 577 694 eruditum
608 627 738 692 induxit
759 629 913 692 mendum
936 636 1044 693 ortum
1069 631 1173 712 primo
1197 649 1237 693 ex
1259 628 1377 693 littera

217 760 234 802 c
270 740 310 803 in
344 739 361 800 i
390 743 520 802 mutata
553 735 861 809 (frudiveruut,
904 737 990 802 unde
1031 736 1153 803 facturn
1194 735 1374 801 frauda-

216 850 399 927 verunt),
436 866 535 928 quum
571 852 660 908 recte
695 846 882 928 superiores
913 846 1056 910 editores
1086 867 1200 911 omnes
1229 845 1375 910 erudi·

129 973 202 1042 (354)
218 961 375 1021 verunt
404 952 656 1036 scripsissent.¹)
710 954 791 1016 Tum
822 952 839 1035 ξ
864 958 899 1017 11
927 975 966 1017 ex
989 953 1105 1019 iisdem
1128 953 1296 1018 codicibus
1318 973 1371 1018 re·

216 1066 385 1130 stitutum:
433 1084 512 1126 non
554 1067 712 1125 temere
754 1062 925 1125 incerta
965 1083 1134 1127 casuum
1175 1066 1373 1146 reputat,

215 1193 335 1255 quem
363 1190 573 1252 nunquam
602 1167 776 1232 fortuna
806 1168 987 1252 decipit,
1021 1171 1166 1235 absurda
1194 1170 1369 1235 sententia.

215 1279 249 1345 Si
282 1300 376 1361 quem
409 1277 505 1343 enim·
524 1276 659 1339 fortuna
688 1296 854 1357 nunquam
886 1276 1024 1360 decipit,
1059 1278 1102 1342 ad
1136 1300 1209 1342 eum
1241 1278 1374 1342 incerta

214 1409 349 1452 casuum
371 1385 453 1450 nihil
475 1385 650 1468 pertinent.
703 1382 752 1447 Ad
784 1384 1039 1449 adolescentiam
1062 1386 1204 1451 nondum
1227 1384 1370 1450 fortunae

212 1497 408 1559 varietatem
449 1498 618 1575 expertam
658 1490 905 1573 significandam
946 1495 1163 1558 necessarium
1203 1499 1253 1558 est
1293 1514 1372 1577 per·

161 1632 164 1637 ’
213 1602 344 1667 fectum.
399 1600 486 1664 Nihil
520 1598 727 1681 frequentius
761 1607 980 1665 commutatur
1014 1623 1112 1683 quam
1146 1601 1196 1665 hae
1229 1601 1370 1684 perfecti

212 1709 450 1794 praesentisque
482 1707 638 1789 temporis
667 1705 779 1771 formio
810 1706 881 1771 sola
910 1708 1023 1772 littera
1053 1709 1064 1770 l
1095 1716 1128 1773 et
1157 1729 1174 1771 c
1204 1709 1370 1775 distinctae

214 1817 376 1897 (eiecit,
407 1813 578 1881 effecit.
612 1816 792 1896 excepit,
824 1817 909 1895 cet),
940 1818 1033 1881 euius
1056 1818 1104 1881 rei
1129 1815 1278 1900 exempla
1300 1817 1369 1881 iam

212 1946 313 2009 supra
348 1924 497 2007 quaedam
534 1922 714 1988 occurrisse
748 1924 889 1986 memini.
949 1923 1042 2005 [hdr.
1074 1923 1207 1989 Crit‘II
1236 1947 1267 2008 p.
1292 1928 1368 2004 313,

212 2036 290 2109 352,
321 2031 444 2114 499.]²)
498 2030 561 2095 Sed
585 2031 626 2094 ab
650 2029 712 2093 hac
736 2052 883 2094 errorum
906 2032 1178 2114 reprehensione,
1208 2033 1243 2096 in
1266 2054 1369 2116 qnam

210 2142 273 2205 loci
303 2140 530 2223 propinquitas
553 2160 612 2202 nos
635 2140 771 2216 avertit,
806 2138 980 2204 redeamus
1011 2140 1053 2204 ad
1078 2147 1202 2205 nostra.
1259 2138 1367 2205 Unum
1414 2166 1417 2171 ·

210 2250 296 2314 enim
326 2249 358 2312 in
390 2248 452 2311 hoc
482 2248 590 2330 eapite
622 2254 655 2310 et
685 2249 719 2309 in
749 2247 811 2310 hac
834 2246 1030 2342 Hannibalis
1054 2249 1204 2313 orat-ione
1227 2246 1274 2329 (in
1299 2268 1368 2332 qua

210 2357 326 2431 media,
351 2355 367 2438 ἓ
393 2361 441 2433 14,
466 2355 568 2419 codex
592 2354 615 2417 P
640 2353 764 2434 deficit)
787 2361 892 2419 restat
915 2356 1245 2421 commemorandum.
1279 2356 1366 2420 Nam

209 2465 299 2547 quod
323 2462 339 2545 ἓ
363 2468 402 2526 26
423 2464 594 2527 scribitur:
620 2461 1006 2544 Carthaginienses
1028 2463 1187 2527 inclusi
1211 2461 1365 2527 African

208 2571 418 2636 litoribus
448 2592 536 2647 vos,
573 2569 742 2653 quando
773 2570 836 2634 ita
867 2570 930 2639 dis
961 2569 1145 2653 placuit,
1183 2575 1367 2635 externa

209 2681 336 2744 ctiam
384 2685 501 2741 terra
550 2678 740 2759 marique
790 2677 1005 2742 videamus
1047 2685 1247 2761 regentes
1288 2677 1364 2741 im·

208 2787 345 2871 peria,
379 2787 412 2849 in
443 2807 481 2849 eo
513 2806 617 2864 neque
649 2793 825 2848 externa
855 2786 1036 2869 imperia
1066 2786 1199 2870 placent
1221 2807 1280 2868 pro
1303 2805 1363 2869 po·

207 2893 292 2979 pulis
337 2892 555 2977 gentibusque
596 2892 817 2956 Rornanorum
858 2893 997 2958 arbitrio
1038 2892 1233 2977 parentibus
1273 2891 1365 2956 dicta

207 3024 313 3086 neque
344 3008 462 3066 terra
492 3001 684 3082 marique
715 3001 896 3082 imperia
926 3023 1094 3084 regere3
1136 3020 1243 3082 neque
1274 3000 1363 3064 enim

206 3111 310 3187 iidoc,
340 3108 503 3194 quomodo
527 3109 665 3192 imperia
688 3111 771 3172 mari
794 3116 960 3190 regantur.
1017 3109 1212 3192 Scripserat,
1235 3107 1363 3191 opinor,

206 3220 332 3283 Livius:
375 3223 554 3281 externa
595 3218 722 3280 etiam
763 3223 880 3281 terra
914 3218 1106 3299 marique
1141 3215 1362 3280 videamus

205 3333 397 3409 regentes
431 3324 605 3405 inperio.
668 3324 738 3395 (Tu
779 3346 924 3407 regere
964 3326 1133 3408 imperio
1168 3322 1361 3406 populos,

232 3606 257 3667 1)
277 3604 424 3658 contrario
445 3620 537 3656 erroro
556 3621 641 3670 quum
659 3603 733 3672 apud
753 3603 867 3656 Festum
887 3604 924 3669 (v.
936 3604 1046 3658 Lacus
1065 3603 1242 3657 Luerinne
1261 3619 1287 3669 p.
1301 3600 1360 3667 121)

272 3708 306 3742 ex
328 3688 494 3742 fruendus
516 3687 623 3742 laetum
642 3695 717 3742 esset
736 3688 918 3751 eruendus,
942 3695 1009 3743 nata
1031 3695 1074 3742 est
1097 3689 1170 3742 mira
1193 3688 1361 3755 interpreta-

272 3776 326 3841 tio,
349 3780 382 3828 ut
405 3791 527 3827 eruere
550 3774 705 3842 accipiatur
723 3774 758 3827 de
777 3774 923 3843 purgando
942 3774 1005 3829 lacu
1029 3774 1106 3841 (vcra
1124 3777 1272 3839 eruuntur,
1295 3788 1360 3840 quaa

272 3861 374 3913 obnata
401 3859 610 3925 extrahuntur);
643 3858 711 3927 qnid
739 3858 845 3925 (licam,
879 3860 970 3913 laeum
989 3859 1143 3913 Lucrinum
1171 3875 1228 3911 nou
1257 3856 1358 3925 quinto

272 3962 381 4013 quoque
400 3962 474 3997 anno
493 3961 543 3996 nec
561 3945 642 3997 statis
660 3945 834 4012 temporibus
852 3950 1003 4014 purgatum
1021 3944 1102 3998 esse?

229 4032 254 4096 ¹)
272 4029 307 4084 In
330 4029 429 4084 eodem
453 4046 555 4097 genere
578 4030 741 4083 aberratum
765 4037 807 4083 est
826 4031 860 4084 ab
880 4030 972 4083 Alseh.
991 4035 1020 4082 ot
1038 4028 1080 4081 W.
1099 4048 1122 4083 e.
1143 4031 1189 4091 34,
1211 4032 1242 4095 8,
1268 4045 1284 4080 a
1302 4043 1359 4095 quo

270 4116 332 4169 loeo
359 4115 545 4169 alienissimus
572 4119 615 4167 est
637 4114 790 4169 infinitivus
814 4116 963 4169 historiens
982 4115 1150 4183 (accipere
1172 4142 1206 4152 -
1229 4114 1360 4167 eiicere

269 4218 323 4270 pro
342 4217 508 4269 accepere
527 4228 561 4238 -
579 4200 734 4267 eiecere).
