3060 5272
240 376 303 432 11ib.
320 375 418 432 XLIV.
786 365 847 427 676

240 548 330 632 quod
351 550 422 633 ipse
450 568 579 634 quoque
608 547 804 615 incideram:
839 547 986 615 deinde
1015 550 1148 628 aDio‚
1177 571 1224 616 ue
1252 549 1392 617 obtor·
1485 578 1492 590 ·

239 657 381 740 puisse
403 663 467 723 oet.
512 657 800 723 Weissenbornius
833 678 885 723 me
908 657 1078 724 dubitasse
1106 664 1224 742 putare
1251 659 1392 739 videtur,

240 764 413 831 dicaturus
434 764 551 832 Latine
575 765 674 832 adeo
698 772 749 831 ut.
788 763 895 848 lero]

325 871 403 957 Cap.
428 880 457 954 4,
496 873 606 956 1(ubi
641 874 682 940 de
715 875 841 958 impetu
871 875 1095 941 Romanorum
1127 875 1161 940 in
1193 874 1316 941 saltum
1347 874 1391 942 ab

238 981 362 1066 Hippia
384 983 546 1048 insessum
569 984 693 1066 agitur)
715 982 817 1048 verba
839 982 886 1048 sio
909 982 1136 1065 coniungenda
1153 989 1229 1048 sunt
1251 982 1304 1066 [ut
1325 984 1391 1049 iem

239 1089 399 1174 Gryneus
422 1088 666 1173 coniunxerat]:
689 1091 739 1155 Et
761 1091 928 1158 Romani
951 1091 1136 1175 expediti
1157 1090 1206 1156 ad
1222 1112 1392 1176 pugnam

239 1200 437 1279 exierant,
461 1206 502 1264 et
523 1197 661 1267 hostes
682 1198 786 1264 levis
810 1205 1020 1266 armatura
1047 1206 1153 1279 erat,
1176 1190 1392 1284 promptis·

239 1308 382 1373 simum
410 1327 535 1392 genus
565 1307 613 1372 ad
647 1306 933 1373 lacessendum
966 1315 1181 1373 certamen.
1225 1307 1391 1374 Romanus

240 1416 404 1481 exercitus
427 1421 520 1482 totus
536 1415 661 1495 aderat,
685 1422 821 1499 excepto
840 1421 1027 1481 castrorum
1043 1416 1204 1500 praesidio,
1226 1437 1293 1481 non
1308 1415 1391 1481 leuis

241 1531 425 1604 armatura,
459 1524 516 1591 sed
545 1524 731 1609 expeditum
764 1525 813 1589 ita
845 1525 1011 1608 utrimque
1044 1530 1195 1608 prompte
1223 1531 1391 1591 certamen

154 1639 224 1707 (560)
242 1632 487 1716 capessebatur.
533 1631 719 1715 Sequuntur
740 1631 810 1697 haec
832 1630 864 1714 (ᾖ
887 1631 936 1714 4):
970 1632 1159 1698 lrritatis
1187 1632 1227 1696 in
1255 1640 1391 1716 poste-

239 1761 324 1806 rum
369 1741 472 1807 diem
517 1742 681 1819 animis,
725 1739 950 1807 maioribus
994 1741 1124 1823 copiis
1168 1746 1291 1823 atque
1330 1741 1391 1806 in·

240 1847 392 1914 festius
427 1870 669 1915 concursum
703 1848 752 1914 ab
785 1847 890 1928 illis,
924 1849 957 1913 si
994 1847 1077 1914 loci
1111 1848 1214 1913 satis
1243 1848 1292 1913 ad
1325 1868 1390 1913 ex·

240 1957 473 2041 plicandam
506 1958 632 2024 aciem
664 1956 824 2022 fuisset.
870 1956 1031 2022 Vitiosum
1053 1977 1125 2021 esse
1153 1976 1392 2022 concursum

239 2088 299 2149 pro
333 2087 575 2133 concursum
604 2072 729 2146 esset,
770 2065 827 2131 alii
865 2064 1110 2145 intellexerunt;
1150 2063 1247 2149 plane
1288 2064 1391 2130 abun·

240 2174 298 2240 dat
320 2174 367 2240 ab
390 2175 481 2241 illis
504 2195 705 2259 pravumque
734 2195 915 2258 pronomen
936 2180 1004 2253 est3
1039 2173 1097 2238 sed
1127 2179 1289 2256 praeterea
1316 2194 1391 2256 per·

240 2304 332 2349 verse
355 2284 598 2366 coniunguntur
620 2281 659 2344 Ιι
686 2290 896 2366 posterum
929 2282 1032 2346 diem
1061 2280 1164 2366 (quod
1186 2301 1287 2364 quum
1310 2280 1391 2346 dioi-

239 2398 303 2471 tur,
326 2391 435 2473 agitur
458 2391 499 2456 de
522 2391 631 2474 priore
656 2389 724 2469 dic,
746 2392 840 2457 euius
863 2410 974 2474 pugna
993 2396 1130 2456 narrata
1152 2387 1217 2470 cst)
1239 2395 1274 2454 et
1297 2409 1391 2454 con·

239 2521 399 2565 cursum
421 2505 533 2565 esset
554 2496 640 2582 (ipso
663 2504 797 2582 postero
820 2498 904 2578 die);
936 2503 1026 2563 recte
1055 2497 1122 2562 dici
1145 2498 1268 2582 possit:
1292 2498 1390 2562 irri-

239 2608 341 2673 tatis
379 2608 537 2684 animis,
567 2605 762 2670 infestius
791 2613 954 2689 postero
978 2605 1043 2669 die
1066 2626 1304 2671 concursum
1327 2627 1390 2671 es·

241 2722 319 2794 set3
341 2735 428 2780 nune
451 2713 514 2779 hoc
536 2715 578 2778 in
600 2718 812 2796 posterum
835 2713 936 2778 diem
959 2713 1094 2778 verbum
1117 2713 1278 2797 postulat,
1302 2713 1391 2798 quod

240 2823 361 2908 prioris
385 2821 450 2887 diei
484 2822 648 2886 actionem
680 2819 849 2902 significet.
895 2819 1006 2886 Codex
1033 2822 1104 2905 ipse
1137 2823 1217 2886 satis
1246 2820 1392 2888 ostendit

240 2930 332 2998 aliud
355 2931 513 3014 scriptum
536 2929 644 3009 luisse,
667 2929 701 2993 in
724 2950 790 3013 quo
814 2930 861 2994 sie
885 2928 1053 2995 scribitur:
1077 2930 1299 2996 maioribus
1323 2948 1391 2996 oo·

239 3039 322 3123 piis
356 3037 488 3122 adque
520 3014 766 3104 infesiutius
804 3059 1048 3104 concursum
1081 3038 1277 3103 abellisin
1310 3036 1391 3103 loci

240 3148 346 3214 satis
369 3148 418 3213 ad
441 3147 541 3232 expl.
565 3167 619 3212 ac.
642 3146 663 3211 f.
698 3147 783 3212 Hinc
806 3146 962 3212 efficitur:
985 3146 1177 3211 Irritatis
1199 3146 1239 3210 in
1262 3152 1392 3229 poste-

240 3278 325 3322 rum
347 3255 450 3322 diem
472 3256 626 3336 animis,
650 3255 870 3322 maioribus
893 3254 1027 3338 copiis
1052 3261 1173 3337 atque
1196 3253 1391 3320 infestius

241 3364 468 3429 concursui
514 3365 669 3440 abent,
704 3365 738 3429 si
770 3362 851 3430 loci
890 3363 990 3427 satis
1023 3361 1072 3427 ad
1106 3361 1391 3446 explicandam

208 3478 212 3483 '
240 3474 366 3539 aciem
389 3473 585 3554 fuisset.¹)
619 3471 776 3554 Sequitur
798 3471 838 3536 de
860 3468 923 3535 hac
940 3471 1016 3554 ipsa
1038 3470 1175 3535 alterius
1194 3469 1260 3535 diei
1281 3491 1392 3554 pugna

239 3581 332 3648 locus
355 3578 386 3664 (ἓ
409 3585 438 3661 6,
462 3586 640 3666 postquam
662 3580 849 3664 expositum
871 3583 929 3658 est,
951 3578 1110 3645 maiorem
1131 3584 1259 3663 partem
1282 3580 1392 3662 copia·

267 3819 293 3883 ¹)
312 3817 479 3888 [Numquam
493 3818 625 3887 supinum
642 3818 757 3887 ponitur
773 3817 803 3871 in
819 3815 1003 3886 significando
1019 3817 1146 3884 consilio,
1165 3816 1240 3884 quod
1255 3815 1391 3884 differtur,

309 3910 338 3958 et
364 3905 404 3958 rei
426 3903 531 3959 futuroe
550 3903 777 3972 exspectation03
806 3902 900 3970 itaque
917 3901 1051 3956 Latinum
1077 3919 1135 3957 non
1163 3908 1219 3955 est:
1247 3902 1332 3956 abeo
1359 3903 1393 3955 in

308 3997 493 4058 posterum
511 3989 599 4043 diem
623 3987 789 4047 infestius
813 4004 1033 4055 concursum,
1056 3994 1087 4041 ut
1110 3987 1160 4041 sit:
1187 4004 1221 4041 eo
1239 3987 1342 4055 animo,
1360 3992 1394 4042 ut

308 4102 344 4112 -
361 4091 536 4130 concurram.
572 4074 639 4142 Qnoe
659 4073 906 4128 Weissenbornius
934 4074 1039 4141 obiicit,
1068 4072 1159 4127 fateor
1175 4089 1232 4140 me,
1259 4081 1292 4127 ut
1309 4074 1394 4127 inter·

311 4160 376 4212 dmn
405 4161 487 4226 alibi,
505 4177 563 4214 non
585 4159 758 4226 intellegere.
794 4157 897 4225 Quidni
925 4158 1046 4214 dicatur:
1074 4158 1207 4212 abimus
1233 4174 1310 4213 cras
1337 4159 1392 4211 in·

310 4244 437 4299 festius
456 4246 675 4312 concursuri,
696 4244 723 4297 si
742 4244 918 4319 locisatis
936 4240 1079 4311 fueriti]
