3060 5272
719 830 759 893 69

158 1013 194 1078 in
217 1012 445 1080 communibus
468 1012 637 1079 codicibus
660 1035 701 1080 ex
723 1015 780 1082 illo
804 1017 886 1082 ortis
908 1016 1065 1082 mendose
1088 1017 1212 1102 scripta
1228 1023 1313 1097 sunt,

163 1123 199 1188 in
221 1121 403 1188 Veronensi
423 1128 513 1187 recte
535 1121 733 1202 scribuntur,
756 1123 822 1189 alia
843 1125 980 1204 minora,
1003 1126 1123 1209 partim
1145 1124 1314 1206 eiusmodi,

161 1251 237 1316 qum
270 1228 396 1315 pridem
429 1229 621 1295 coniectura
655 1238 805 1297 correcta
838 1254 910 1298 csse
942 1232 1040 1316 vulgo
1073 1255 1139 1299 non
1167 1234 1313 1299 animad-

162 1340 314 1416 vertitur,
347 1337 415 1403 alia
440 1339 578 1418 maiora,
602 1339 635 1403 in
658 1340 778 1423 quibus
800 1342 944 1406 virorum
967 1341 1139 1407 doctorum
1162 1341 1312 1408 emenda·

160 1450 267 1514 tiones
299 1445 550 1526 confirmantur,
585 1449 684 1512 ctiam
718 1448 903 1533 complures
936 1448 1110 1531 nostrae1),
1143 1449 1311 1530 nonnulla,

159 1576 233 1640 quae
259 1561 418 1639 suspecta
438 1555 665 1622 tantummodo
688 1558 746 1620 nni
768 1557 956 1642 pluribusve
977 1557 1123 1637 fuerant,
1152 1557 1312 1641 quaedam,

156 1685 230 1749 qua
263 1684 361 1730 nemo
395 1663 593 1749 suspicando
628 1666 801 1749 attigerat,
841 1668 874 1730 in
913 1686 978 1748 quo
1016 1687 1134 1749 genere
1167 1666 1311 1732 eminent

156 1794 259 1856 quum
281 1770 510 1857 supplementa
532 1773 596 1839 duo
619 1773 763 1858 plurium
786 1774 959 1841 verborum
982 1773 1048 1855 (lv,
1077 1779 1128 1855 25,
1151 1781 1181 1854 4,
1208 1773 1246 1855 V,
1270 1778 1310 1839 53

159 1882 262 1964 init),
290 1903 391 1946 unum
412 1882 510 1946 unius
532 1881 605 1963 (IV,
635 1886 692 1962 26,
724 1882 793 1965 12),
822 1889 892 1948 tum
921 1884 1078 1949 omissum
1105 1883 1139 1947 in
1166 1882 1230 1963 111,
1260 1887 1310 1962 56,

164 1995 202 2054 12
226 1988 485 2055 additamentum
508 1995 542 2055 et
564 1997 730 2056 servatum
752 1971 790 2071 V,
818 1997 869 2071 41,
899 1996 918 2055 3
941 1992 1113 2076 antiquum
1134 2012 1310 2075 rarumque

162 2097 325 2183 pontificis
351 2097 482 2162 maximi
504 2118 637 2178 nomen,
671 2100 764 2164 cuius
793 2100 827 2164 in
849 2099 996 2165 Medioeo
1025 2098 1184 2163 eiusmodi
1212 2099 1310 2164 vesti-

159 2209 249 2292 gium
278 2212 441 2290 superest,
475 2212 513 2271 ut
541 2214 617 2290 post
645 2208 790 2273 codicem
812 2207 1102 2273 Nicomachianum
1130 2207 1309 2291 interpola-

160 2317 250 2381 tione
283 2315 424 2380 alterum
458 2314 641 2380 subiectum
675 2323 844 2400 appareat.
896 2316 1020 2398 (Etiam
1053 2316 1087 2379 in
1114 2314 1156 2395 V,
1190 2320 1224 2396 7,
1261 2319 1308 2395 13,

155 2424 273 2508 equis
297 2424 383 2488 suis
406 2443 575 2503 merere,
605 2424 639 2487 in
661 2424 732 2489 solo
755 2424 789 2489 M
811 2431 909 2490 tenue
932 2425 1105 2508 vestigium
1126 2423 1195 2488 veri
1217 2444 1308 2488 man·

156 2530 272 2612 serat.)
327 2531 445 2615 ltaque
479 2531 542 2596 etsi
577 2552 617 2597 ex
649 2529 748 2615 longo
784 2532 913 2602 ordine.
949 2553 1047 2617 quem
1074 2531 1308 2598 Mommsenins

157 2662 188 2725 p.
215 2644 273 2704 165
297 2660 368 2724 sqq.
391 2639 536 2724 explicat
558 2661 670 2706 eorum
694 2641 857 2721 locorum,
887 2641 921 2705 in
949 2640 1069 2725 quibus
1091 2637 1182 2705 solus
1206 2639 1307 2705 Vero-

156 2749 267 2814 nensis
288 2768 401 2812 rerum
424 2749 570 2829 servarit,
594 2748 770 2814 nonnullos
794 2748 1036 2815 subtrahendos
1059 2755 1140 2832 puto
1164 2746 1219 2828 (de
1241 2769 1306 2813 uno

155 2855 304 2941 quidem,
333 2857 480 2941 quomis
503 2858 642 2921 maxime
666 2856 880 2940 amplexatur,
908 2856 965 2936 ΠΙ,
995 2861 1044 2936 65,
1075 2860 1101 2934 l,
1124 2853 1218 2920 valde
1241 2855 1308 2920 dis·

156 2964 294 3046 sentio),
328 2971 438 3030 tamen
472 2985 671 3049 permagnus
701 2987 741 3030 ex
769 2965 826 3031 illo
855 2964 968 3030 codice
997 2963 1124 3028 fructus
1152 2963 1195 3027 ad
1224 2963 1307 3028 Livii

156 3074 317 3140 orationis
350 3073 575 3156 integritatem
609 3072 837 3158 expoliendum
871 3079 1047 3156 perceptus
1075 3078 1126 3138 est
1154 3072 1189 3154 (a
1210 3072 1306 3138 nobis

155 3183 189 3248 in
227 3181 333 3248 altera
372 3180 517 3247 editione
557 3180 716 3248 librorum
749 3183 895 3267 quinque
928 3182 1108 3265 primorum
1141 3186 1175 3246 et
1208 3182 1306 3262 sexti)

155 3290 429 3374 vehementerque
452 3288 643 3370 dolendum,
678 3291 767 3373 quod
796 3314 862 3356 non
884 3313 943 3375 per
964 3297 1054 3356 totos
1076 3289 1179 3355 libros
1202 3310 1306 3374 neque

155 3421 216 3483 per
237 3419 349 3464 omnes
372 3398 442 3462 cius
464 3399 653 3463 testimonio
676 3398 719 3462 ad
741 3407 925 3465 ceterorum
942 3399 1039 3464 fidem
1056 3398 1305 3463 examinandam

155 3509 287 3574 utimur.
322 3506 406 3571 Sunt
427 3505 484 3570 alii
506 3506 580 3586 loci,
603 3508 636 3571 in
660 3506 780 3590 quibus
803 3530 902 3591 quum
925 3513 959 3573 et
975 3506 1306 3572 Nicomachianorum

156 3615 305 3683 codicum
328 3621 362 3680 ct
384 3615 579 3680 Veronensis
603 3616 768 3699 scriptura
790 3617 932 3682 orationi
955 3621 989 3680 et
1012 3616 1183 3680 sententiae
1207 3615 1304 3679 satie·

157 3725 271 3804 iaciat,
303 3724 443 3789 maxime
472 3724 662 3808 proclivitas
691 3724 733 3790 ab
762 3723 868 3789 altera
896 3724 939 3787 ad
967 3724 1106 3787 alteram
1129 3721 1303 3786 aberrandi

160 3830 370 3916 ponderanda
392 3838 444 3897 est
466 3839 540 3911 aut,
574 3832 600 3896 si
630 3832 723 3896 nulla
751 3839 829 3896 sunt
852 3832 885 3895 in
907 3831 1155 3895 alteramntram
1178 3836 1304 3913 partem

157 3941 320 4007 rationum
353 3948 534 4020 momenta,
568 3938 746 4005 secundum
774 3937 1047 4004 Nicomachianos
1081 3943 1115 4001 et
1146 3936 1304 4001 traditam

155 4055 387 4134 receptamque
409 4048 548 4113 formam
570 4048 728 4128 dandum,
756 4054 794 4112 ut
817 4047 873 4127 111,
903 4052 931 4126 6,
960 4050 978 4111 6
1001 4044 1230 4112 referentes
1252 4065 1303 4109 re·

153 4158 321 4237 tinuimus,
343 4157 372 4221 V
394 4163 658 4241 reportantes
680 4155 791 4222 habet.
842 4154 906 4222 Sed
929 4163 1005 4221 sunt
1028 4155 1127 4220 etiam
1149 4153 1223 4232 loci,
1246 4152 1304 4218 ubi

154 4265 401 4332 Nicomachiaui
433 4273 467 4330 et
500 4265 697 4331 Veronensis
737 4266 770 4330 in
809 4263 1084 4331 manifestissimis
1123 4260 1301 4340 erroribus,

183 4547 206 4609 ¹)
224 4542 287 4599 Uno
310 4549 338 4598 ct
360 4543 448 4597 altero
471 4543 532 4596 loco
551 4541 644 4597 mendi
661 4560 678 4596 a
696 4560 740 4598 me
758 4543 897 4613 perspecti
916 4541 998 4594 aliam
1016 4540 1218 4597 correctionem
1235 4539 1297 4595 cod.

224 4629 357 4696 ostendit,
375 4633 407 4682 ut
420 4628 469 4696 III,
487 4631 529 4695 66,
546 4630 563 4682 6
581 4629 743 4698 (quoque),
762 4629 794 4695 V,
813 4631 855 4693 55,
876 4627 980 4692 lteos,
999 4626 1074 4694 quod
1092 4625 1121 4679 in
1135 4624 1299 4696 prelatione

223 4715 297 4771 Livii
314 4714 369 4769 eol.
388 4714 400 4767 Ι
419 4720 555 4781 notarem,
574 4714 598 4767 V
616 4715 708 4782 tollit).
