3060 5272
242 322 305 376 Lib.
323 320 396 375 XXI.
785 308 848 369 256

238 492 404 575 sequendo
427 491 472 577 (p.
496 492 567 574 22),
603 498 753 557 servetur
779 491 932 571 libertas,
965 492 1160 576 superstitio
1189 492 1397 576 excludatur,

238 601 272 665 in
311 600 479 665 nonnullis
519 599 649 682 quidem
683 599 780 676 locis,
819 604 955 682 propter
989 618 1077 678 eam,
1118 607 1216 683 quam
1249 603 1397 686 exposui,

236 708 381 786 librarii,
421 708 478 793 qui
505 707 708 772 Puteaneum
738 706 888 790 scripsit,
923 705 958 770 in
987 704 1119 791 obiecta
1146 708 1255 774 animo
1283 711 1397 795 speeie

238 816 407 900 sequenda
433 814 618 895 licentiam,
651 835 717 879 non
751 814 847 878 nimis
876 812 1013 897 singulae
1042 813 1162 880 litterae
1189 825 1396 900 premantur.

236 922 539 1002 WeissenborniuS,
574 923 629 1008 qui
652 928 758 988 totum
780 920 877 985 huius
900 920 1033 986 decadis
1057 926 1250 989 contextum
1271 924 1317 991 ad
1338 946 1394 993 co·

237 1032 320 1097 dicis
346 1030 420 1096 Put.
444 1029 542 1096 fidem
575 1031 684 1113 exegit
712 1035 746 1094 et
774 1027 917 1112 perbene
945 1048 1049 1094 aare
1079 1028 1119 1095 de
1148 1028 1241 1096 Livio
1264 1034 1396 1115 meruit,

238 1139 413 1218 interdum,
443 1139 542 1203 etiam
565 1139 598 1202 in
621 1135 803 1202 minoribus
827 1141 861 1201 et
882 1135 1066 1201 manifestis
1088 1137 1217 1204 mendis
1237 1159 1300 1205 nec
1321 1141 1397 1206 inu-

237 1247 358 1325 sitatis,
396 1246 492 1310 nimis
532 1244 680 1310 studiose
714 1244 837 1309 codicis
871 1245 1107 1309 auctoritatem
1138 1244 1310 1330 amplexus
1342 1256 1397 1315 est

238 1354 388 1419 adhibita
422 1352 610 1418 contortula
638 1352 911 1434 interpretatione
940 1372 979 1416 ac
1008 1352 1196 1418 defensione
1224 1374 1396 1439 compara-

236 1465 345 1545 tisque
369 1460 525 1543 exemplis
548 1459 789 1535 dissimillimis,
824 1458 911 1540 quod
939 1458 1037 1542 quale
1066 1460 1111 1524 eit
1137 1458 1193 1541 (ne
1214 1460 1269 1527 hie
1291 1462 1396 1547 pluri·

238 1569 302 1634 bus
325 1567 492 1649 insector),
515 1568 656 1649 perspici
679 1567 746 1631 sere
770 1567 894 1651 poterit
917 1588 957 1631 ex
978 1567 1027 1647 iis,
1051 1588 1124 1650 quae
1145 1588 1211 1634 uno
1234 1568 1396 1637 etaltera

238 1677 326 1756 loeo,
362 1697 463 1759 quum
491 1675 588 1758 quasi
617 1675 808 1757 praeteriens
837 1675 870 1738 iu
899 1674 1058 1740 eiusmodi
1088 1676 1237 1758 argutias
1259 1677 1395 1743 incidis-

238 1805 316 1863 sem,
344 1783 513 1862 adnotavi,
541 1788 580 1846 ut
602 1781 645 1846 ad
668 1781 754 1860 XXI,
785 1785 836 1862 44,
859 1786 878 1846 7
902 1779 1244 1865 (vindicaremus),
1268 1787 1319 1865 52,
1343 1789 1395 1867 11,

238 1889 347 1969 XXII,
379 1894 416 1954 15
441 1890 511 1954 init.
535 1896 570 1954 et
597 1893 653 1968 22,
685 1892 724 1953 18
748 1894 782 1954 et
811 1892 867 1968 30,
897 1892 930 1969 5,
961 1888 1002 1953 al.
1058 1888 1144 1954 Nam
1172 1889 1320 1975 alioquin
1349 1892 1396 1959 ad

238 2019 346 2063 meum
374 1997 547 2063 eonsilium
576 2011 651 2061 non¹
671 1997 815 2079 pertinet
843 2016 883 2060 ea
911 1998 1080 2080 persequi,
1113 1998 1148 2061 in
1171 1998 1293 2081 quibus
1316 2000 1396 2065 sim-

237 2105 369 2190 pliciter
395 2104 598 2170 redeundum
628 2112 679 2169 est
706 2103 748 2168 ad
779 2104 986 2187 superiorum
1015 2102 1172 2185 (Beklreri
1200 2127 1332 2190 quoque
1360 2116 1397 2173 et

238 2213 430 2299 Kreyssigii)
454 2214 670 2296 scripturam,
704 2216 763 2275 aut
792 2212 859 2275 iam
886 2212 920 2276 in
950 2211 1120 2277 codicibus
1143 2219 1202 2278 aut
1224 2214 1266 2279 ab
1289 2214 1396 2280 edito·

237 2321 330 2386 ribus
353 2328 444 2386 certa
467 2321 669 2385 correctione
692 2325 871 2402 repertam,
900 2319 933 2383 in
956 2319 1055 2384 rebus
1078 2322 1263 2403 praesertim
1284 2324 1396 2407 parvis

238 2435 273 2493 et
295 2427 456 2507 facilibus,
479 2448 539 2491 nec
562 2426 726 2510 explicaro
751 2425 879 2492 decrevi
902 2425 1026 2507 (uthis
1049 2427 1149 2509 utar),
1174 2449 1273 2511 quam
1294 2449 1398 2513 pravo

239 2537 272 2600 in
295 2535 402 2615 XXX,
434 2540 488 2614 lo,
519 2533 744 2617 2perfectum
766 2533 1079 2617 (reposuerunt),
1109 2536 1142 2599 in
1165 2536 1267 2617 XXX,
1297 2541 1348 2616 24,
1376 2542 1397 2601 2

239 2641 597 2727 plusquamperfectum
647 2639 914 2723 (censuerant)
966 2648 1127 2727 ponatur,
1185 2650 1243 2708 aut
1295 2664 1399 2728 qnam

154 2766 225 2833 (210)
242 2773 308 2816 non
332 2749 452 2833 (XXX,
483 2754 517 2829 9,
546 2748 580 2829 2)
609 2748 729 2813 urbes
758 2750 971 2816 subiicere
1000 2748 1073 2833 (pro
1104 2749 1309 2834 subigere)
1339 2753 1398 2818 de-

239 2859 395 2924 fendatur
418 2880 472 2937 eo,
507 2856 597 2941 quod
626 2856 736 2922 dativo
766 2856 897 2923 adiecto
926 2857 1048 2923 dicitur
1070 2857 1289 2925 subiectus
1311 2881 1399 2926 ser·

239 2968 355 3047 vitio,
386 2966 602 3032 subiectus
631 2965 812 3047 imperio.
864 2964 943 3030 Haec
966 2971 999 3031 et
1021 2965 1158 3046 similia,
1187 2968 1245 3050 qui
1267 2967 1400 3033 Livium

242 3075 340 3141 edent
367 3075 520 3159 posthae,
551 3073 613 3156 ipsi
638 3093 696 3156 per
719 3093 753 3137 se
778 3072 964 3157 expediant.
1015 3072 1084 3139 Nos
1108 3073 1150 3139 ad
1172 3080 1289 3140 nostra
1312 3096 1400 3160 prae·

240 3190 418 3248 vertamur.

684 3354 777 3437 niu.
809 3353 960 3465 xxi.)

329 3487 408 3573 Cap.
425 3494 451 3569 1,
475 3492 509 3552 2:
534 3494 573 3554 et
595 3487 702 3554 haud
725 3486 888 3571 ignotas
909 3488 1010 3554 belli
1033 3495 1145 3553 artes
1167 3490 1277 3554 inter
1299 3508 1400 3569 sese,

244 3597 313 3663 sed
331 3602 521 3680 expertas
538 3595 829 3679 primoPunieo
848 3595 1118 3662 conserebant
1134 3595 1252 3662 bello.
1275 3596 1400 3681 Pugna,

244 3712 419 3783 certamen,
448 3724 564 3768 manus
587 3708 814 3782 conseruntur,
844 3725 945 3786 quum
968 3703 1149 3770 adversarii
1171 3705 1258 3770 inter
1281 3725 1317 3770 se
1340 3704 1402 3769 im-

328 3848 475 3857 -----.

274 3914 299 3980 ¹)
318 3912 386 3981 Quae
412 3913 443 3967 in
467 3911 547 3966 libris
571 3910 651 3980 XXI,
678 3909 775 3980 XXII,
801 3909 902 3965 XXIII
925 3917 991 3967 ante
1013 3929 1038 3967 a.
1059 3914 1125 3967 1854
1147 3912 1340 3981 emendaram,
1367 3926 1402 3965 eo

315 4015 389 4053 anno
420 4015 484 4053 cum
510 3995 685 4065 Ingerslevio
717 3997 935 4065 communicavi,
968 3998 1016 4067 qui
1047 3998 1189 4068 plerisque
1220 3998 1250 4052 in
1277 3996 1402 4052 aditione

316 4083 461 4152 discipulis
480 4082 621 4136 destinata
639 4082 742 4151 partim
759 4082 790 4137 in
807 4082 869 4153 ipsa
887 4083 1025 4152 oratione,
1042 4085 1147 4153 partim
1165 4084 1195 4137 in
1208 4082 1401 4138 adnotationi-

315 4169 458 4224 busaeus
483 4172 533 4223 est.
573 4168 617 4222 Ab
640 4166 817 4236 Ingeralevio
834 4168 1081 4224 Weissenbornius
1105 4169 1214 4238 aliquot
1234 4184 1311 4223 meas
1335 4184 1403 4223 con·
