3008 4756
722 362 784 424 205
1202 378 1264 431 Lib.
1283 376 1330 431 IX.

176 548 308 625 cumhit,
332 548 554 612 coniunctioni
577 549 805 631 praepositum3
833 569 910 613 narn
933 550 960 612 si
983 549 1016 612 in
1039 551 1214 615 contrariis
1239 550 1331 614 lude-

177 665 282 735 retur,
317 657 404 739 quod
435 658 545 740 inepte
574 677 652 720 sane
682 656 776 721 fieret
799 659 831 720 iu
856 679 891 721 re
915 658 1122 739 gravissima,
1157 658 1330 722 dicendum

177 773 263 830 erat:
305 785 512 849 equosque
546 765 634 829 dum
668 772 861 843 onerant,
896 767 1008 849 ipsos
1050 765 1163 829 coede.
1228 766 1331 830 Recta

177 876 286 939 omnia
319 879 417 938 eruut
450 874 622 955 geminatis
657 873 786 939 duabus
820 875 954 938 litteris:
982 909 1025 917 -
1053 874 1257 953 invenies;
1293 893 1330 935 sc

177 1004 381 1064 equosque
406 981 494 1045 dum
518 981 654 1065 proedo
678 989 868 1061 onerant,
899 982 1005 1046 cmde
1028 988 1089 1046 cet.
1140 982 1241 1045 Recte
1265 983 1330 1045 iam

177 1093 209 1154 in
234 1092 305 1175 ipso
325 1090 495 1155 sententiae
513 1090 608 1153 initio
628 1090 823 1154 admonetur
842 1090 974 1168 Fabius,
992 1112 1056 1154 uon
1074 1090 1182 1153 minus
1201 1090 1330 1171 equites

177 1201 265 1283 ipsos
289 1221 388 1280 quam
412 1220 515 1280 equos
540 1199 668 1261 onerari
692 1204 725 1261 et
748 1199 944 1281 impediri.¹)

653 1389 745 1471 Lib.
778 1390 850 1472 IX.

263 1523 341 1607 Cap.
367 1529 401 1603 3,
431 1528 449 1584 3
478 1522 523 1602 (in
554 1523 757 1587 sermonibus
787 1530 820 1588 et
848 1523 989 1605 querelis
1017 1525 1157 1589 militum
1181 1525 1330 1588 Furculis

178 1633 334 1697 Caudinis
363 1629 578 1710 inclusorum)
608 1636 697 1693 recte
727 1631 760 1694 in
784 1631 895 1695 codice
919 1633 1040 1695 recenti
1064 1639 1097 1696 et
1120 1633 1329 1717 interpolato,

179 1740 421 1816 Gaertnerien0,
461 1738 631 1802 scribitur:
677 1738 772 1802 Dum
811 1739 891 1803 haec
924 1741 1192 1805 imminebunt
1225 1743 1329 1821 iuga,

177 1870 254 1930 qua
281 1855 323 1912 tu
353 1847 400 1910 ad
429 1846 588 1911 hostem
617 1847 780 1911 uenies?
815 1870 873 1931 pro
896 1849 1043 1913 uenies
1095 1848 1210 1932 Neque
1233 1850 1328 1926 enim,

177 1958 232 2040 qui
256 1956 392 2039 loquens
414 1954 598 2030 inducitur,
634 1976 708 2018 vere
732 1977 772 2019 ex
795 1956 901 2020 altero
925 1956 987 2020 boc
1010 1958 1138 2038 quaerit,
1173 1957 1230 2020 sed
1252 1956 1330 2021 ficto

177 2065 338 2129 communi
384 2084 524 2148 persona
570 2063 802 2144 interrogando
842 2064 885 2128 ud
925 2064 1051 2127 hostem
1091 2066 1194 2128 ueniri
1233 2087 1330 2147 posse

178 2179 291 2253 negat,
326 2171 441 2236 cadem
476 2171 655 2246 sententia,
690 2189 755 2251 qua
789 2171 857 2235 haec
893 2172 988 2236 dicit:
1031 2172 1113 2249 Quo
1148 2178 1218 2236 aut
1251 2194 1329 2254 qua

178 2280 335 2344 eamus?
369 2279 468 2343 Certa
497 2283 546 2342 est
575 2279 608 2342 in
637 2278 699 2342 boc
722 2297 840 2359 genere
864 2281 1024 2344 sermonis
1048 2280 1110 2343 lex.
1161 2279 1230 2359 (Gr.
1257 2280 1328 2344 Lat.

179 2387 195 2469 ᾗ
220 2393 296 2466 370,
330 2386 580 2469 Bemerkungen
609 2386 692 2450 iiber
720 2387 826 2468 einige
855 2387 983 2452 Punkte
1013 2388 1072 2451 der
1094 2387 1165 2452 Lot.
1190 2386 1329 2470 Sprach-

179 2497 268 2561 lehre
292 2520 322 2579 p.
347 2495 412 2574 73.)
459 2493 551 2576 [Adv.
578 2494 655 2559 Crit.
679 2489 711 2557 ΙΙ
734 2518 763 2578 p.
790 2493 913 2576 biiii)

206 2706 229 2771 ¹)
249 2705 280 2756 In
308 2705 444 2772 proximis
472 2704 563 2756 uerbis
592 2705 661 2772 (cap.
691 2705 736 2769 39,
769 2704 790 2768 l)
819 2705 888 2756 scire
916 2705 1013 2769 uelim,
1042 2704 1188 2758 dicaturus
1216 2705 1329 2759 Latine:

246 2791 351 2856 acies,
370 2789 479 2857 qualis
499 2806 572 2856 quse
591 2806 665 2841 csse
685 2790 967 2842 instructissimo
981 2795 1113 2858 potest3
1133 2792 1330 2858 exspectabam

247 2877 333 2929 euim:
354 2874 466 2942 (prolis
486 2891 560 2927 esse
579 2875 854 2928 instructissima
872 2880 1002 2944 potest,
1021 2881 1052 2929 ut
1070 2877 1185 2929 dicitur:
1205 2883 1331 2943 (quanto

245 2979 320 3014 esse
347 2961 493 3012 maxims
520 2964 645 3027 potest.
695 2960 792 3026 Longe
821 2962 894 3014 enim
923 2961 1006 3014 aliter
1034 2962 1148 3015 dicitur:
1182 2967 1248 3014 tom
1276 2963 1329 3015 in·

248 3051 382 3099 structu
413 3063 509 3112 quum
542 3061 612 3111 quae
645 3044 932 3110 instructissimu;
964 3064 1014 3098 nec
1046 3047 1090 3098 hae
1123 3046 1218 3098 sormae
1251 3046 1331 3098 sucile

248 3131 381 3184 confundi
402 3133 540 3197 poterent,
581 3128 673 3180 iloesit
692 3130 774 3181 etium
793 3130 1044 3183 Weissenbornius.
1086 3131 1149 3196 Cep.
1169 3134 1215 3195 40,
1239 3135 1256 3184 4
1275 3148 1330 3185 non

247 3221 315 3284 puto
335 3221 410 3268 recte
430 3215 498 3266 dici:
518 3213 653 3266 samiiis
676 3212 714 3264 nd
734 3231 767 3265 se
785 3215 1126 3282 ‹pureque-trahunt.
1154 3215 1241 3268 Recte
1257 3215 1330 3269 enim

246 3303 393 3368 quisque
418 3299 489 3367 (pro
512 3316 544 3350 se
568 3299 727 3366 quisquc,
751 3297 814 3364 oct.)
838 3301 1015 3367 oppositione
1034 3299 1197 3368 adiungitur
1215 3300 1250 3352 ud
1269 3301 1331 3353 sub·

247 3387 349 3438 iectum
374 3384 489 3454 plursiis
512 3384 622 3436 numeri
646 3384 703 3436 sive
727 3401 890 3451 expressum
909 3386 967 3437 sive
986 3403 1019 3438 ex
1039 3385 1184 3452 superiore
1203 3386 1331 3438 oratione

247 3471 373 3524 auditum
402 3474 430 3522 et
457 3471 486 3523 in
514 3471 599 3521 verbo
627 3470 731 3536 luteus,
759 3476 790 3523 ut
813 3475 842 3523 ct
864 3471 1020 3523 communis
1046 3471 1169 3524 omnium
1188 3476 1216 3523 et
1234 3472 1328 3524 unius·

245 3557 377 3623 cuiusque
402 3556 475 3607 actio
500 3555 753 3622 comprehendetur
778 3557 843 3623 (que
868 3555 1013 3624 pertinent
1030 3557 1157 3624 exemplu
1176 3574 1192 3608 o
1209 3555 1331 3608 Draken-

247 3641 363 3694 borehio
395 3641 430 3693 ed
453 3640 492 3706 11,
520 3643 565 3698 22.
589 3643 605 3693 7
626 3641 750 3704 ioudstm
778 3643 830 3693 etsi
858 3641 925 3708 quid
953 3642 1048 3694 notius
1077 3647 1125 3694 out
1152 3641 1330 3709 perrogatius

245 3726 328 3791 esti),
357 3726 405 3778 sed
433 3725 566 3778 fumiiis
592 3744 733 3793 qumque
757 3727 902 3780 trahunt
920 3732 1074 3780 etnaturoe
1094 3727 1221 3779 vocabuli
1241 3725 1328 3793 quis·

244 3831 305 3880 que
330 3818 358 3864 et
381 3812 517 3865 sermonis
537 3811 591 3878 legi
612 3829 768 3880 repugnare
788 3813 899 3865 videtur
917 3830 968 3865 uec
987 3813 1116 3880 exemplo
1135 3812 1191 3863 ullo
1210 3811 1329 3864 defendi.

243 3899 329 3951 Recte
348 3898 377 3950 in
396 3899 489 3950 tribus
507 3898 653 3951 codicibus
671 3899 831 3951 recentibus
851 3898 983 3952 scribitur
997 3899 1169 3952 coniectura:
1190 3896 1330 3949 familiae

244 3983 283 4036 sd
302 4000 336 4034 so
355 3999 499 4050 qumque
518 4011 550 4018 —
570 3982 722 4036 trabunt.

201 4072 225 4132 ²)
245 4066 340 4134 [Libet
372 4068 500 4136 exemplo
528 4068 686 4128 ostendere,
719 4068 954 4136 quemadmodum
983 4068 1143 4135 redarguor,
1185 4066 1331 4121 Adscribit

244 4153 489 4207 Weissenbornius
507 4154 561 4206 Cic.
573 4152 670 4205 Psrud.
681 4155 723 4219 26,
739 4154 787 4206 ubi
802 4153 898 4206 Cicero
917 4160 1033 4217 certum,
1052 4171 1170 4220 quocum
1186 4154 1328 4222 colloqua-

243 4244 301 4304 tur,
325 4239 466 4294 hominem
486 4238 596 4292 induxit
615 4236 642 4306 (ξ
661 4240 706 4292 23:
731 4238 794 4292 Sed
818 4243 928 4293 tomen
951 4255 1066 4306 quuero
1089 4256 1127 4292 ex
1150 4238 1206 4308 te),
1231 4240 1266 4293 de
1284 4239 1328 4304 Or,
