3060 5272
244 385 306 441 Lib.
324 382 411 440 xhn.
787 371 848 433 642

245 558 307 641 (De
330 556 346 641 ᾗ
369 562 390 622 4
413 556 481 622 diri
503 555 545 621 ad
568 555 624 635 III,
651 560 677 635 l,
702 562 720 621 5
744 580 774 641 p.
799 553 865 636 70.)
889 553 920 640 [ᾖ
944 558 963 619 6
987 554 1162 642 Siesbyeus
1184 563 1274 623 recte
1296 558 1396 624 intel-

243 666 325 732 laxit
347 667 380 731 in
403 663 467 731 his:
492 665 555 730 cui
583 664 760 730 rescribi
783 684 860 730 non
888 663 1058 748 placuit,
1082 665 1227 731 nuntio
1250 666 1396 751 ipsius,

243 775 312 860 qui
333 774 502 839 litteras
527 771 746 853 adtulerat,
771 772 852 837 dici
871 779 932 838 cet.
951 792 1050 858 prave
1072 773 1203 857 ipsius
1219 795 1280 857 pro
1303 775 1397 842 eius

242 883 318 968 poni
342 882 538 966 omninoque
567 882 751 965 genetivum
774 880 956 961 abundare,
987 886 1103 947 contra
1124 885 1248 948 rectam
1271 884 1393 949 oratio-

242 1012 317 1056 nem
340 989 434 1070 effiei,
459 990 487 1054 si
510 989 688 1055 scribatur:
711 990 855 1055 nuntio
878 989 969 1073 ipsi,
993 988 1061 1073 qui
1082 988 1251 1056 litteras
1275 990 1395 1057 adtu-

241 1099 358 1177 lerat,
378 1097 459 1162 dici
472 1105 532 1163 cet.
550 1096 654 1180 1864]
689 1096 824 1176 Deinde,
843 1099 997 1182 quoniam
1016 1096 1064 1181 §7
1082 1097 1317 1181 quodrerbum
1333 1120 1395 1184 pro

242 1207 466 1272 audiebant
489 1227 529 1271 es:
546 1227 593 1285 ec,
611 1206 702 1291 quod
720 1206 753 1270 in
771 1205 882 1271 codice
901 1212 959 1285 est,
977 1205 1215 1286 fremebant,
1233 1206 1319 1273 effici
1337 1207 1393 1274 de-

240 1316 329 1396 beat,
353 1317 514 1380 incertum
538 1324 595 1393 est,
620 1313 776 1379 obiicitur
799 1315 832 1378 in
855 1312 872 1396 ἓ
896 1318 914 1378 8
943 1315 1078 1380 maioris
1107 1314 1282 1381 moliminis
1306 1337 1396 1398 quae·

241 1427 305 1490 stio
341 1423 380 1489 de
409 1412 463 1502 iis,
498 1443 569 1505 quae
602 1424 650 1488 sic
684 1423 840 1488 eduntur:
876 1422 1029 1487 Achaeis
1063 1422 1392 1506 indignantibus,

241 1531 379 1599 eodem
403 1553 443 1597 se
467 1531 557 1596 loco
581 1552 684 1612 esse,
707 1532 774 1614 qui
803 1530 938 1595 omnia
968 1552 987 1595 a
1016 1532 1233 1616 principiis
1261 1532 1396 1598 Mace·

241 1640 378 1706 donici
402 1638 501 1705 belli
524 1641 823 1725 prestitissent
851 1639 1040 1704 Romanis
1070 1648 1108 1705 et
1129 1640 1395 1707 Macedonum

240 1747 425 1832 Philippi
447 1747 555 1813 bello
578 1747 720 1813 hostes
744 1744 932 1826 fuissent,
957 1769 1031 1830 quo
1055 1747 1245 1813 Messenii
1268 1756 1393 1832 atque

239 1857 338 1937 Elii,
372 1857 439 1941 qui
466 1878 537 1939 pro
561 1855 762 1921 Antiocho
796 1855 913 1921 hoste
943 1876 1054 1920 arma
1076 1856 1274 1922 adversus
1298 1880 1328 1941 p.
1353 1860 1391 1924 R.

239 1966 439 2032 tulissent
462 1984 519 2043 ac,
542 1985 672 2047 nuper
693 1965 732 2028 in
754 1964 971 2029 Achaicum
995 1964 1224 2030 contributi
1253 1967 1395 2032 conci·

237 2076 352 2154 lium,
387 2073 500 2138 velut
530 2073 738 2156 praemium
772 2072 873 2137 belli
907 2094 947 2139 se
981 2072 1206 2138 victoribus
1233 2073 1394 2140 Achaeis

153 2186 223 2256 (531)
243 2182 352 2248 tradi
376 2187 654 2266 quererentur.
701 2181 829 2246 Vitiosa
852 2181 1057 2246 abundantia
1079 2182 1117 2259 ii,
1147 2181 1202 2263 qui
1225 2183 1335 2248 omnia
1357 2204 1393 2249 se

238 2313 258 2357 a
283 2290 452 2376 principiis
474 2288 681 2354 Macedonici
704 2288 782 2354 belli
806 2290 963 2355 Romanis
986 2289 1177 2373 praestitisse
1199 2290 1396 2373 gloriantur,

237 2399 455 2464 Macedonum
478 2396 619 2481 Philippi
642 2397 730 2463 bello
755 2396 857 2479 (quod
880 2400 927 2463 sic
955 2398 1153 2481 appellatur,
1182 2399 1276 2482 quasi
1298 2398 1390 2466 aliud

237 2505 545 2572 ac'llacedonicum
581 2505 636 2586 sit)
671 2504 783 2570 hostes
817 2527 850 2570 se
885 2505 985 2570 luisse
1014 2506 1155 2586 addunt3
1189 2527 1249 2571 nec
1281 2507 1392 2573 minus

237 2614 442 2679 abundanter
464 2611 659 2678 Antiochum
683 2611 810 2677 hostem
832 2613 932 2678 luisse
962 2612 1139 2679 admouent
1169 2615 1254 2699 (pro
1277 2614 1390 2680 Anti·

237 2721 336 2788 ocho
371 2720 513 2802 hoste).
559 2720 702 2786 Permire
738 2720 855 2785 deinde
888 2721 997 2785 Achaei
1031 2723 1079 2786 ita
1114 2743 1188 2786 cum
1215 2723 1391 2789 Messeniis

236 2837 337 2914 atque
360 2829 449 2894 Eleis
472 2850 505 2894 se
530 2836 733 2914 comparant,
757 2835 794 2893 ut
817 2830 850 2893 in
873 2851 906 2894 se
930 2829 1134 2895 Macedonici
1156 2837 1287 2896 tantum
1309 2831 1389 2897 belli

235 2940 396 3003 rationem
419 2935 573 3017 habeant,
597 2939 631 3002 in
654 2937 767 3003 alteris
791 2944 919 3003 tantum
942 2938 1140 3017 Antioohici‚
1165 2958 1265 3021 quum
1288 2941 1389 3022 signi·

234 3047 326 3112 ficari
351 3046 477 3121 debeat,
500 3047 589 3130 ipsos
613 3067 740 3130 semper
762 3046 928 3111 Romanos
951 3045 1083 3125 favisse,
1113 3047 1235 3113 alteros
1259 3069 1392 3132 semper
1439 3100 1442 3104 Α

233 3156 267 3222 in
290 3155 426 3221 alteram
450 3163 577 3239 partem
600 3156 830 3239 propensiores
853 3154 961 3221 fuisse.
1006 3155 1056 3219 Ad
1085 3156 1144 3220 has
1168 3157 1387 3240 suspicionum

233 3284 351 3356 causas
375 3265 510 3331 accedit.
535 3263 623 3348 quod
646 3264 680 3327 in
703 3262 815 3329 codice
839 3265 885 3328 sic
909 3264 1078 3329 scribitur:
1104 3300 1146 3309 -
1169 3265 1388 3347 praestitis·

234 3382 323 3439 sent
344 3373 536 3438 Romanis
561 3378 599 3436 et
622 3371 853 3436 Macedonis
876 3371 1070 3456 Philippo
1100 3372 1212 3437 bello
1240 3372 1387 3438 hostes

232 3481 413 3546 fuissent
446 3479 624 3545 Messeni
653 3479 783 3564 adque
814 3479 891 3544 AEli
925 3503 996 3565 pro
1037 3478 1233 3546 Antiocho
1267 3479 1386 3571 hoste

232 3612 252 3654 a
274 3611 383 3654 roma
406 3588 603 3653 aclversus
626 3611 656 3673 p.
681 3588 718 3652 R.
743 3587 939 3653 tulissent
962 3596 1022 3654 cet.
1075 3589 1214 3655 Prorsus
1238 3610 1303 3654 non
1326 3588 1386 3653 du-

231 3698 301 3763 bito
325 3699 403 3781 quin
427 3705 459 3762 et
482 3696 582 3762 verba
606 3695 732 3779 aliquot
755 3696 929 3761 coniuncta
952 3718 990 3760 ex
1014 3719 1073 3762 suo
1091 3697 1164 3763 loco
1184 3699 1218 3762 in
1241 3698 1385 3764 alienum

231 3807 370 3870 traiecta
395 3807 459 3870 sint
484 3805 591 3887 (cuius
614 3806 737 3869 erroris
762 3825 800 3868 ex
824 3811 1007 3869 ceterarum
1031 3804 1192 3870 decadum
1215 3805 1385 3871 codicibus

231 3914 380 3998 exempla
403 3914 498 3998 posui
521 3913 563 3978 ad
586 3912 737 3992 xxxvl,
762 3916 812 3991 34,
836 3916 854 3976 9
880 3920 912 3978 et
937 3917 975 3978 10
1000 3919 1033 3977 et
1055 3914 1095 3978 iis
1117 3912 1209 3992 locis,
1233 3912 1384 3997 quesibi

231 4022 467 4101 demonstravi,
490 4023 524 4087 in
548 4020 796 4088 l'indobonensi
818 4029 930 4088 autem
953 4022 1064 4087 codice
1088 4022 1306 4087 certissimum
1329 4044 1384 4088 co-

230 4151 365 4213 arguam
387 4133 421 4195 in
443 4129 527 4196 libro
557 4128 669 4209 XLIV,
693 4135 742 4209 44,
768 4131 799 4212 2)
835 4140 869 4196 et
902 4130 999 4196 simul
1034 4128 1098 4194 alia
1132 4131 1282 4213 quaedam
1311 4151 1382 4195 cor-

229 4246 335 4322 rupta.
380 4237 469 4303 Nihil
503 4240 589 4303 enim
623 4239 746 4323 poterit
779 4239 889 4323 aptius
917 4238 1109 4321 excogitari,
1144 4240 1172 4304 si
1199 4239 1306 4305 locum
1335 4239 1384 4302 sic
